@inproceedings{fedavg,
  title={Communication-efficient learning of deep networks from decentralized data},
  author={McMahan, Brendan and Moore, Eider and Ramage, Daniel and Hampson, Seth and y Arcas, Blaise Aguera},
  booktitle={AISTATS},
  pages={1273--1282},
  year={2017},
}

@inproceedings{fedprox,
    title = {Federated Optimization in Heterogeneous Networks},
    author={Li, Tian and Sahu, Anit Kumar and Zaheer, Manzil and Sanjabi, Maziar and Smith, Virginia},
    booktitle = {MLSys},
    pages = {429--450},
    volume = {2},
    year = {2020}
}

@article{federated_mutual,
  title={Federated Mutual Learning},
  author={Shen, Tao and Zhang, Jie and Jia, Xinkang and Zhang, Fengda and Huang, Gang and Zhou, Pan and Wu, Fei and Wu, Chao},
  journal={arXiv preprint arXiv:2006.16765},
  year={2020}
}

@inproceedings{deep_mutual,
  title={Deep mutual learning},
  author={Zhang, Ying and Xiang, Tao and Hospedales, Timothy M and Lu, Huchuan},
  booktitle={CVPR},
  pages={4320--4328},
  year={2018}
}

@inproceedings{li2021fedbn,
    title={FedBN: Federated Learning on Non-IID Features via Local Batch Normalization},
    author={Xiaoxiao Li and Meirui Jiang and Xiaofei Zhang and Michael Kamp and Qi Dou},
    booktitle={ICLR},
    year={2021}
}

@incollection{andreux2020siloed,
  title={Siloed Federated Learning for Multi-Centric Histopathology Datasets},
  author={Andreux, Mathieu and du Terrail, Jean Ogier and Beguier, Constance and Tramel, Eric W},
  booktitle={MICCAI Workshop on Distributed and Collaborative Learning},
  pages={129--139},
  year={2020},
  publisher={Springer}
}

@incollection{roth2020federated,
  title={Federated Learning for Breast Density Classification: A Real-World Implementation},
  author={Roth, Holger R and Chang, Ken and Singh, Praveer and Neumark, Nir and Li, Wenqi and Gupta, Vikash and Gupta, Sharut and Qu, Liangqiong and Ihsani, Alvin and Bizzo, Bernardo C and others},
  booktitle={MICCAI Workshop on Distributed and Collaborative Learning},
  pages={181--191},
  year={2020},
  publisher={Springer}
}

@incollection{yeganeh2020inverse,
  title={Inverse Distance Aggregation for Federated Learning with Non-IID Data},
  author={Yeganeh, Yousef and Farshad, Azade and Navab, Nassir and Albarqouni, Shadi},
  booktitle={MICCAI Workshop on Distributed and Collaborative Learning},
  pages={150--159},
  year={2020},
  publisher={Springer}
}


@inproceedings{vgg,
    title = "Very Deep Convolutional Networks for Large-Scale Image Recognition",
    author = "Simonyan, K. and Zisserman, A.",
    booktitle = "ICLR",
    year = "2015"
}

@inproceedings{resnet,
  title={Deep residual learning for image recognition},
  author={He, Kaiming and Zhang, Xiangyu and Ren, Shaoqing and Sun, Jian},
  booktitle={CVPR},
  pages={770--778},
  year={2016}
}

@article{ham10k,
  title={The HAM10000 dataset, a large collection of multi-source dermatoscopic images of common pigmented skin lesions},
  author={Tschandl, Philipp and Rosendahl, Cliff and Kittler, Harald},
  journal={Scientific data},
  volume={5},
  number={1},
  pages={1--9},
  year={2018},
  publisher={Nature Publishing Group}
}

@inproceedings{msk,
  title={Skin lesion analysis toward melanoma detection: A challenge at the 2017 international symposium on biomedical imaging (isbi), hosted by the international skin imaging collaboration (isic)},
  author={Codella, Noel CF and Gutman, David and Celebi, M Emre and Helba, Brian and Marchetti, Michael A and Dusza, Stephen W and Kalloo, Aadi and Liopyris, Konstantinos and Mishra, Nabin and Kittler, Harald and others},
  booktitle={ISBI 2018},
  pages={168--172},
  year={2018},
  organization={IEEE}
}

@inproceedings{frequency_pruning,
  title={Frequency-domain dynamic pruning for convolutional neural networks},
  author={Liu, Zhenhua and Xu, Jizheng and Peng, Xiulian and Xiong, Ruiqin},
  booktitle={NeurIPS},
  pages={1051--1061},
  year={2018}
}

@article{pytorch,
  title={Pytorch: An imperative style, high-performance deep learning library},
  author={Paszke, Adam and Gross, Sam and Massa, Francisco and Lerer, Adam and Bradbury, James and Chanan, Gregory and Killeen, Trevor and Lin, Zeming and Gimelshein, Natalia and Antiga, Luca and others},
  journal={arXiv preprint arXiv:1912.01703},
  year={2019}
}

@inproceedings{balanced_acc,
  title={The balanced accuracy and its posterior distribution},
  author={Brodersen, Kay Henning and Ong, Cheng Soon and Stephan, Klaas Enno and Buhmann, Joachim M},
  booktitle={2010 20th international conference on pattern recognition},
  pages={3121--3124},
  year={2010},
  organization={IEEE}
}

@inproceedings{fft,
  title={FFTW: An adaptive software architecture for the FFT},
  author={Frigo, Matteo and Johnson, Steven G},
  booktitle={ICASSP},
  volume={3},
  pages={1381--1384},
  year={1998},
  organization={IEEE}
}

@inproceedings{image_prior,
  title={Deep image prior},
  author={Ulyanov, Dmitry and Vedaldi, Andrea and Lempitsky, Victor},
  booktitle={CVPR},
  pages={9446--9454},
  year={2018}
}

@inproceedings{xu2019training,
  title={Training behavior of deep neural network in frequency domain},
  author={Xu, Zhi-Qin John and Zhang, Yaoyu and Xiao, Yanyang},
  booktitle={ICONIP},
  pages={264--274},
  year={2019},
  organization={Springer}
}

@inproceedings{rahaman2018spectral,
  title={On the Spectral Bias of Deep Neural Networks.},
  author={Rahaman, Nasim and Arpit, Devansh and Baratin, Aristide and Draxler, Felix and Lin, Min and Hamprecht, Fred A and Bengio, Yoshua and Courville, Aaron C},
  booktitle={ICML},
  year={2019}
}

@inproceedings{liu2020clinical,
  title={Clinical-Inspired Network for Skin Lesion Recognition},
  author={Liu, Zihao and Xiong, Ruiqin and Jiang, Tingting},
  booktitle={MICCAI},
  pages={340--350},
  year={2020},
  organization={Springer}
}

@article{esteva2017dermatologist,
  title={Dermatologist-level classification of skin cancer with deep neural networks},
  author={Esteva, Andre and Kuprel, Brett and Novoa, Roberto A and Ko, Justin and Swetter, Susan M and Blau, Helen M and Thrun, Sebastian},
  journal={nature},
  volume={542},
  number={7639},
  pages={115--118},
  year={2017},
  publisher={Nature Publishing Group}
}

@article{lotter2021robust,
  title={Robust breast cancer detection in mammography and digital breast tomosynthesis using an annotation-efficient deep learning approach},
  author={Lotter, William and Diab, Abdul Rahman and Haslam, Bryan and Kim, Jiye G and Grisot, Giorgia and Wu, Eric and Wu, Kevin and Onieva, Jorge Onieva and Boyer, Yun and Boxerman, Jerrold L and others},
  journal={Nature Medicine},
  pages={1--6},
  year={2021},
  publisher={Nature Publishing Group}
}

@inproceedings{fedma,
  title={Federated learning with matched averaging},
  author={Wang, Hongyi and Yurochkin, Mikhail and Sun, Yuekai and Papailiopoulos, Dimitris and Khazaeni, Yasaman},
  booktitle={ICLR},
  year={2020}
}

@article{esteva2019guide,
  title={A guide to deep learning in healthcare},
  author={Esteva, Andre and Robicquet, Alexandre and Ramsundar, Bharath and Kuleshov, Volodymyr and DePristo, Mark and Chou, Katherine and Cui, Claire and Corrado, Greg and Thrun, Sebastian and Dean, Jeff},
  journal={Nature medicine},
  volume={25},
  number={1},
  pages={24--29},
  year={2019},
  publisher={Nature Publishing Group}
}

@inproceedings{chen2020joint,
  title={Joint Spatial-Wavelet Dual-Stream Network for Super-Resolution},
  author={Chen, Zhen and Guo, Xiaoqing and Yang, Chen and Ibragimov, Bulat and Yuan, Yixuan},
  booktitle={MICCAI},
  pages={184--193},
  year={2020},
  organization={Springer}
}
@inproceedings{zhu2020alleviating,
  title={Alleviating the Incompatibility Between Cross Entropy Loss and Episode Training for Few-Shot Skin Disease Classification},
  author={Zhu, Wei and Liao, Haofu and Li, Wenbin and Li, Weijian and Luo, Jiebo},
  booktitle={MICCAI},
  pages={330--339},
  year={2020},
  organization={Springer}
}

@inproceedings{bhattacharya2020corrsignet,
  title={Corrsignet: Learning correlated prostate cancer signatures from radiology and pathology images for improved computer aided diagnosis},
  author={Bhattacharya, Indrani and Seetharaman, Arun and Shao, Wei and Sood, Rewa and Kunder, Christian A and Fan, Richard E and Soerensen, Simon John Christoph and Wang, Jeffrey B and Ghanouni, Pejman and Teslovich, Nikola C and others},
  booktitle={MICCAI},
  pages={315--325},
  year={2020},
  organization={Springer}
}

@article{zhu2021dsi,
  title={DSI-Net: Deep synergistic interaction network for joint classification and segmentation with endoscope images},
  author={Zhu, Meilu and Chen, Zhen and Yuan, Yixuan},
  journal={IEEE Transactions on Medical Imaging},
  volume={40},
  number={12},
  pages={3315--3325},
  year={2021},
}

@ARTICLE{FedOSS,
  author={Zhu, Meilu and Liao, Jing and Liu, Jun and Yuan, Yixuan},
  journal={IEEE Transactions on Medical Imaging},
  title={FedOSS: Federated Open Set Recognition via Inter-Client Discrepancy and Collaboration},
  year={2024},
  volume={43},
  number={1},
  pages={190-202},
  }

@article{yan2018joint,
  title={Joint segment-level and pixel-wise losses for deep learning based retinal vessel segmentation},
  author={Yan, Zengqiang and Yang, Xin and Cheng, Kwang-Ting},
  journal={IEEE Transactions on Biomedical Engineering},
  volume={65},
  number={9},
  pages={1912--1923},
  year={2018},
}

@article{razzak2018deep,
  title={Deep learning for medical image processing: Overview, challenges and the future},
  author={Razzak, Muhammad Imran and Naz, Saeeda and Zaib, Ahmad},
  journal={Classification in BioApps: Automation of Decision Making},
  pages={323--350},
  year={2018},
}

@inproceedings{chen2021personalized,
  title={Personalized retrogress-resilient framework for real-world medical federated learning},
  author={Chen, Zhen and Zhu, Meilu and Yang, Chen and Yuan, Yixuan},
  booktitle={MICCAI},
  pages={347--356},
  year={2021},
  organization={Springer}
}

@inproceedings{karimireddy2020scaffold,
  title={Scaffold: Stochastic controlled averaging for federated learning},
  author={Karimireddy, Sai Praneeth and Kale, Satyen and Mohri, Mehryar and Reddi, Sashank and Stich, Sebastian and Suresh, Ananda Theertha},
  booktitle={ICML},
  pages={5132--5143},
  year={2020},
}

@inproceedings{li2021model,
  title={Model-contrastive federated learning},
  author={Li, Qinbin and He, Bingsheng and Song, Dawn},
  booktitle={CVPR},
  pages={10713--10722},
  year={2021}
}

@article{acar2021federated,
  title={Federated learning based on dynamic regularization},
  author={Acar, Durmus Alp Emre and Zhao, Yue and Navarro, Ramon Matas and Mattina, Matthew and Whatmough, Paul N and Saligrama, Venkatesh},
  journal={arXiv preprint arXiv:2111.04263},
  year={2021}
}

@article{luo2021no,
  title={No fear of heterogeneity: Classifier calibration for federated learning with non-iid data},
  author={Luo, Mi and Chen, Fei and Hu, Dapeng and Zhang, Yifan and Liang, Jian and Feng, Jiashi},
  journal={NeurIPS},
  volume={34},
  pages={5972--5984},
  year={2021}
}


@article{jeong2018communication,
  title={Communication-efficient on-device machine learning: Federated distillation and augmentation under non-iid private data},
  author={Jeong, Eunjeong and Oh, Seungeun and Kim, Hyesung and Park, Jihong and Bennis, Mehdi and Kim, Seong-Lyun},
  journal={arXiv preprint arXiv:1811.11479},
  year={2018}
}

@article{zhao2018federated,
  title={Federated learning with non-iid data},
  author={Zhao, Yue and Li, Meng and Lai, Liangzhen and Suda, Naveen and Civin, Damon and Chandra, Vikas},
  journal={arXiv preprint arXiv:1806.00582},
  year={2018}
}

@inproceedings{guo2023fedbr,
  title={FedBR: Improving federated learning on heterogeneous data via local learning bias reduction},
  author={Guo, Yongxin and Tang, Xiaoying and Lin, Tao},
  booktitle={ICML},
  pages={12034--12054},
  year={2023},
}

@inproceedings{long2023fedcd,
  title={Fedcd: A classifier debiased federated learning framework for non-iid data},
  author={Long, Yunfei and Xue, Zhe and Chu, Lingyang and Zhang, Tianlong and Wu, Junjiang and Zang, Yu and Du, Junping},
  booktitle={ACM MM},
  pages={8994--9002},
  year={2023}
}

@InProceedings{fedETF,
    author    = {Li, Zexi and Shang, Xinyi and He, Rui and Lin, Tao and Wu, Chao},
    title     = {No Fear of Classifier Biases: Neural Collapse Inspired Federated Learning with Synthetic and Fixed Classifier},
    booktitle = {ICCV},
    year      = {2023},
    pages     = {5319-5329}
}

@inproceedings{CLIP,
  title={Learning transferable visual models from natural language supervision},
  author = {Radford, Alec and Kim, Jong Wook and Hallacy, Chris and Ramesh, Aditya and Goh, Gabriel and Agarwal, Sandhini and Sastry, Girish and Askell, Amanda and Mishkin, Pamela and Clark, Jack and Krueger, Gretchen and Sutskever, Ilya},
  booktitle={ICML},
  pages={8748--8763},
  year={2021},
}


@misc{BiomedCLIP,
      title={BiomedCLIP: a multimodal biomedical foundation model pretrained from fifteen million scientific image-text pairs}, 
      author={Sheng Zhang and Yanbo Xu and Naoto Usuyama and Hanwen Xu and Jaspreet Bagga and Robert Tinn and Sam Preston and Rajesh Rao and Mu Wei and Naveen Valluri and Cliff Wong and Andrea Tupini and Yu Wang and Matt Mazzola and Swadheen Shukla and Lars Liden and Jianfeng Gao and Matthew P. Lungren and Tristan Naumann and Sheng Wang and Hoifung Poon},
      year={2024},
      eprint={2303.00915},
      archivePrefix={arXiv},
      primaryClass={cs.CV},
}

@inproceedings{collins2021exploiting,
  title={Exploiting shared representations for personalized federated learning},
  author={Collins, Liam and Hassani, Hamed and Mokhtari, Aryan and Shakkottai, Sanjay},
  booktitle={ICML},
  pages={2089--2099},
  year={2021},
}

@article{chen2021bridging,
  title={On bridging generic and personalized federated learning for image classification},
  author={Chen, Hong-You and Chao, Wei-Lun},
  journal={ICLR},
  year={2021}
}

@article{wang2019implicit,
  title={Implicit semantic data augmentation for deep networks},
  author={Wang, Yulin and Pan, Xuran and Song, Shiji and Zhang, Hong and Huang, Gao and Wu, Cheng},
  journal={NeurIPS},
  volume={32},
  year={2019}
}

@inproceedings{subramanian2022classification,
  title={Classification of retinal oct images using deep learning},
  author={Subramanian, Malliga and Shanmugavadivel, Kogilavani and Naren, Obuli Sai and Premkumar, K and Rankish, K},
  booktitle={ICCCI},
  pages={1--7},
  year={2022},
}

@inproceedings{pogorelov2017kvasir,
  title={Kvasir: A multi-class image dataset for computer aided gastrointestinal disease detection},
  author = {Pogorelov, Konstantin and Randel, Kristin Ranheim and Griwodz, Carsten and Eskeland, Sigrun Losada and de Lange, Thomas and Johansen, Dag and Spampinato, Concetto and Dang-Nguyen, Duc-Tien and Lux, Mathias and Schmidt, Peter Thelin and Riegler, Michael and Halvorsen, P\r{a}l},
  booktitle={MMSys},
  pages={164--169},
  year={2017}
}

@inproceedings{he2016deep,
  title={Deep residual learning for image recognition},
  author={He, Kaiming and Zhang, Xiangyu and Ren, Shaoqing and Sun, Jian},
  booktitle={CVPR},
  pages={770--778},
  year={2016}
}

@article{kingma2014adam,
  title={Adam: A method for stochastic optimization},
  author={Kingma, Diederik P and Ba, Jimmy},
  journal={arXiv preprint arXiv:1412.6980},
  year={2014}
}


@inproceedings{tan2022fedproto,
  title={Fedproto: Federated prototype learning across heterogeneous clients},
  author={Tan, Yue and Long, Guodong and Liu, Lu and Zhou, Tianyi and Lu, Qinghua and Jiang, Jing and Zhang, Chengqi},
  booktitle={AAAI},
  volume={36},
  number={8},
  pages={8432--8440},
  year={2022}
}

@inproceedings{dai2023tackling,
  title={Tackling data heterogeneity in federated learning with class prototypes},
  author={Dai, Yutong and Chen, Zeyuan and Li, Junnan and Heinecke, Shelby and Sun, Lichao and Xu, Ran},
  booktitle={AAAI},
  volume={37},
  number={6},
  pages={7314--7322},
  year={2023}
}

@article{lecun2015deep,
  title={Deep learning},
  author={LeCun, Yann and Bengio, Yoshua and Hinton, Geoffrey},
  journal={nature},
  volume={521},
  number={7553},
  pages={436--444},
  year={2015},
}

@ARTICLE{zhufeddm2023,
  author={Zhu, Meilu and Chen, Zhen and Yuan, Yixuan},
  journal={IEEE Transactions on Medical Imaging}, 
  title={FedDM: Federated Weakly Supervised Segmentation via Annotation Calibration and Gradient De-Conflicting}, 
  year={2023},
  volume={42},
  number={6},
  pages={1632-1643},
  }


@inproceedings{guo2023out,
  title={Out-of-distribution generalization of federated learning via implicit invariant relationships},
  author={Guo, Yaming and Guo, Kai and Cao, Xiaofeng and Wu, Tieru and Chang, Yi},
  booktitle={ICML},
  pages={11905--11933},
  year={2023},
}

@article{wang2020tackling,
  title={Tackling the objective inconsistency problem in heterogeneous federated optimization},
  author={Wang, Jianyu and Liu, Qinghua and Liang, Hao and Joshi, Gauri and Poor, H Vincent},
  journal={NeurIPS},
  volume={33},
  pages={7611--7623},
  year={2020}
}

@article{michieli2021prototype,
  title={Prototype guided federated learning of visual feature representations},
  author={Michieli, Umberto and Ozay, Mete},
  journal={arXiv preprint arXiv:2105.08982},
  year={2021}
}

@inproceedings{huang2023rethinking,
  title={Rethinking federated learning with domain shift: A prototype view},
  author={Huang, Wenke and Ye, Mang and Shi, Zekun and Li, He and Du, Bo},
  booktitle={CVPR},
  pages={16312--16322},
  year={2023},
}

@inproceedings{qi2023cross,
  title={Cross-silo prototypical calibration for federated learning with non-iid data},
  author={Qi, Zhuang and Meng, Lei and Chen, Zitan and Hu, Han and Lin, Hui and Meng, Xiangxu},
  booktitle={ACM MM},
  pages={3099--3107},
  year={2023}
}

@inproceedings{Zhu_Stealing_MICCAI2024,
  title={Stealing Knowledge from Pre-trained Language Models for Federated Classifier Debiasing},
  author={Zhu, Meilu and Yang, Qiushi and Gao, Zhifan and Liu, Jun and Yuan, Yixuan},
  booktitle={MICCAI},
  pages={685--695},
  year={2024},
}

@article{huang2024federated,
  title={Federated Learning with Long-Tailed Data via Representation Unification and Classifier Rectification},
  author={Huang, Wenke and Liu, Yuxia and Ye, Mang and Chen, Jun and Du, Bo},
  journal={IEEE Transactions on Information Forensics and Security},
  year={2024},
  volume={19},
  pages={5738-5750},
}

@article{zhou2023fedfa,
  title={FedFA: Federated learning with feature anchors to align features and classifiers for heterogeneous data},
  author={Zhou, Tailin and Zhang, Jun and Tsang, Danny HK},
  journal={IEEE Transactions on Mobile Computing},
  year={2024},
  volume={23},
  number={6},
  pages={6731-6742},
}

@inproceedings{zhang2024upload,
  title={An Upload-Efficient Scheme for Transferring Knowledge From a Server-Side Pre-trained Generator to Clients in Heterogeneous Federated Learning},
  author={Zhang, Jianqing and Liu, Yang and Hua, Yang and Cao, Jian},
  booktitle={CVPR},
  pages={12109--12119},
  year={2024}
}

@article{papyan2020prevalence,
  title={Prevalence of neural collapse during the terminal phase of deep learning training},
  author={Papyan, Vardan and Han, XY and Donoho, David L},
  journal={Proceedings of the National Academy of Sciences},
  volume={117},
  number={40},
  pages={24652--24663},
  year={2020},
  publisher={National Acad Sciences}
}

@inproceedings{
xu2023personalized,
title={Personalized Federated Learning with Feature Alignment and Classifier Collaboration},
author={Jian Xu and Xinyi Tong and Shao-Lun Huang},
booktitle={ICLR},
year={2023},
}

@inproceedings{
chan2024internal,
title={Internal Cross-layer Gradients for Extending Homogeneity to Heterogeneity in Federated Learning},
author={Yun-Hin Chan and Rui Zhou and Running Zhao and Zhihan JIANG and Edith C. H. Ngai},
booktitle={ICLR},
year={2024},
}

@article{ye2023fedfm,
  title={Fedfm: Anchor-based feature matching for data heterogeneity in federated learning},
  author={Ye, Rui and Ni, Zhenyang and Xu, Chenxin and Wang, Jianyu and Chen, Siheng and Eldar, Yonina C},
  journal={IEEE Transactions on Signal Processing},
  year={2023},
  volume={71},
  number={},
  pages={4224-4239},
}

@article{li2020federated,
  title={Federated learning: Challenges, methods, and future directions},
  author={Li, Tian and Sahu, Anit Kumar and Talwalkar, Ameet and Smith, Virginia},
  journal={IEEE signal processing magazine},
  volume={37},
  number={3},
  pages={50--60},
  year={2020},
  publisher={IEEE}
}

@article{de2022mitigating,
  title={Mitigating data heterogeneity in federated learning with data augmentation},
  author={de Luca, Artur Back and Zhang, Guojun and Chen, Xi and Yu, Yaoliang},
  journal={arXiv preprint arXiv:2206.09979},
  year={2022}
}

@article{yoon2021fedmix,
  title={Fedmix: Approximation of mixup under mean augmented federated learning},
  author={Yoon, Tehrim and Shin, Sumin and Hwang, Sung Ju and Yang, Eunho},
  journal={arXiv preprint arXiv:2107.00233},
  year={2021}
}

@article{shin2020xor,
  title={Xor mixup: Privacy-preserving data augmentation for one-shot federated learning},
  author={Shin, MyungJae and Hwang, Chihoon and Kim, Joongheon and Park, Jihong and Bennis, Mehdi and Kim, Seong-Lyun},
  journal={arXiv preprint arXiv:2006.05148},
  year={2020}
}

@inproceedings{diao2023towards,
  title={Towards addressing label skews in one-shot federated learning},
  author={Diao, Yiqun and Li, Qinbin and He, Bingsheng},
  booktitle={ICLR},
  year={2023}
}

@article{yan2023simple,
  title={A Simple Data Augmentation for Feature Distribution Skewed Federated Learning},
  author={Yan, Yunlu and Zhu, Lei},
  journal={arXiv preprint arXiv:2306.09363},
  year={2023}
}

@inproceedings{li2022federated,
  title={Federated learning with gan-based data synthesis for non-iid clients},
  author={Li, Zijian and Shao, Jiawei and Mao, Yuyi and Wang, Jessie Hui and Zhang, Jun},
  booktitle={International Workshop on Trustworthy Federated Learning},
  pages={17--32},
  year={2022},
}

@article{mendieta2024navigating,
  title={Navigating Heterogeneity and Privacy in One-Shot Federated Learning with Diffusion Models},
  author={Mendieta, Matias and Sun, Guangyu and Chen, Chen},
  journal={arXiv preprint arXiv:2405.01494},
  year={2024}
}

@article{zhang2017mixup,
  title={mixup: Beyond empirical risk minimization},
  author={Zhang, Hongyi},
  journal={ICLR},
  year={2018}
}

@article{goodfellow2014generative,
  title={Generative adversarial nets},
  author={Goodfellow, Ian and Pouget-Abadie, Jean and Mirza, Mehdi and Xu, Bing and Warde-Farley, David and Ozair, Sherjil and Courville, Aaron and Bengio, Yoshua},
  journal={NeurIPS},
  volume={27},
  year={2014}
}

@article{ho2020denoising,
  title={Denoising diffusion probabilistic models},
  author={Ho, Jonathan and Jain, Ajay and Abbeel, Pieter},
  journal={NeurIPS},
  volume={33},
  pages={6840--6851},
  year={2020}
}

@article{zhang2022dense,
  title={Dense: Data-free one-shot federated learning},
  author={Zhang, Jie and Chen, Chen and Li, Bo and Lyu, Lingjuan and Wu, Shuang and Ding, Shouhong and Shen, Chunhua and Wu, Chao},
  journal={NeurIPS},
  volume={35},
  pages={21414--21428},
  year={2022}
}

@article{wang2024dfrd,
  title={DFRD: Data-Free Robustness Distillation for Heterogeneous Federated Learning},
  author = {Luo, kangyang and Wang, Shuai and Fu, Yexuan and Li, Xiang and Lan, Yunshi and Gao, Ming},
  journal={NeurIPS},
  volume={36},
  pages = {17854--17866},
  year={2024}
}

@inproceedings{yin2020dreaming,
  title={Dreaming to distill: Data-free knowledge transfer via deepinversion},
  author={Yin, Hongxu and Molchanov, Pavlo and Alvarez, Jose M and Li, Zhizhong and Mallya, Arun and Hoiem, Derek and Jha, Niraj K and Kautz, Jan},
  booktitle={CVPR},
  pages={8715--8724},
  year={2020}
}

@inproceedings{zhang2022fine,
  title={Fine-tuning global model via data-free knowledge distillation for non-iid federated learning},
  author={Zhang, Lin and Shen, Li and Ding, Liang and Tao, Dacheng and Duan, Ling-Yu},
  booktitle={CVPR},
  pages={10174--10183},
  year={2022}
}


@inproceedings{shi2023improving,
  title={Improving the model consistency of decentralized federated learning},
  author={Shi, Yifan and Shen, Li and Wei, Kang and Sun, Yan and Yuan, Bo and Wang, Xueqian and Tao, Dacheng},
  booktitle={ICML},
  pages={31269--31291},
  year={2023},
}


@inproceedings{zhu2021data,
  title={Data-free knowledge distillation for heterogeneous federated learning},
  author={Zhu, Zhuangdi and Hong, Junyuan and Zhou, Jiayu},
  booktitle={ICML},
  pages={12878--12889},
  year={2021},
}

@inproceedings{yu2023data,
  title={Data-free knowledge distillation via feature exchange and activation region constraint},
  author={Yu, Shikang and Chen, Jiachen and Han, Hu and Jiang, Shuqiang},
  booktitle={CVPR},
  pages={24266--24275},
  year={2023}
}

@article{geirhos2020shortcut,
  title={Shortcut learning in deep neural networks},
  author={Geirhos, Robert and Jacobsen, J{\"o}rn-Henrik and Michaelis, Claudio and Zemel, Richard and Brendel, Wieland and Bethge, Matthias and Wichmann, Felix A},
  journal={Nature Machine Intelligence},
  volume={2},
  number={11},
  pages={665--673},
  year={2020},
  publisher={Nature Publishing Group UK London}
}

@inproceedings{bang2021mggan,
  title={Mggan: Solving mode collapse using manifold-guided training},
  author={Bang, Duhyeon and Shim, Hyunjung},
  booktitle={ICCV},
  pages={2347--2356},
  year={2021}
}

@inproceedings{liu2021source,
  title={Source-free domain adaptation for semantic segmentation},
  author={Liu, Yuang and Zhang, Wei and Wang, Jun},
  booktitle={CVPR},
  pages={1215--1224},
  year={2021}
}

@article{tschandl2018ham10000,
  title={The HAM10000 dataset, a large collection of multi-source dermatoscopic images of common pigmented skin lesions},
  author={Tschandl, Philipp and Rosendahl, Cliff and Kittler, Harald},
  journal={Scientific data},
  volume={5},
  number={1},
  pages={1--9},
  year={2018},
  publisher={Nature Publishing Group}
}

@article{yang2023medmnist,
  title={Medmnist v2-a large-scale lightweight benchmark for 2d and 3d biomedical image classification},
  author={Yang, Jiancheng and Shi, Rui and Wei, Donglai and Liu, Zequan and Zhao, Lin and Ke, Bilian and Pfister, Hanspeter and Ni, Bingbing},
  journal={Scientific Data},
  volume={10},
  number={1},
  pages={41},
  year={2023},
  publisher={Nature Publishing Group UK London}
}

@article{acevedo2020dataset,
  title={A dataset of microscopic peripheral blood cell images for development of automatic recognition systems},
  author={Acevedo, Andrea and Merino Gonz{\'a}lez, Anna and Alf{\'e}rez Baquero, Edwin Santiago and Molina Borr{\'a}s, {\'A}ngel and Bold{\'u} Nebot, Laura and Rodellar Bened{\'e}, Jos{\'e}},
  journal={Data in brief},
  volume={30},
  number={105474},
  year={2020},
  publisher={Elsevier}
}

@article{zhu2024DEeR,
  title={DEeR: Deviation Eliminating and Noise Regulating for Privacy-preserving Federated Low-rank Adaptation},
  author={Zhu, Meilu and Mao, Axiu and Liu, Jun and Yuan, Yixuan},
  journal={IEEE Transactions on Medical Imaging},
  year={2024},
  publisher={IEEE}
}


@article{caldas2018leaf,
  title={Leaf: A benchmark for federated settings},
  author={Caldas, Sebastian and Duddu, Sai Meher Karthik and Wu, Peter and Li, Tian and Kone{\v{c}}n{\`y}, Jakub and McMahan, H Brendan and Smith, Virginia and Talwalkar, Ameet},
  journal={arXiv preprint arXiv:1812.01097},
  year={2018}
}

@article{gao2023bayeseg,
  title={BayeSeg: Bayesian modeling for medical image segmentation with interpretable generalizability},
  author={Gao, Shangqi and Zhou, Hangqi and Gao, Yibo and Zhuang, Xiahai},
  journal={Medical Image Analysis},
  volume={89},
  pages={102889},
  year={2023},
  publisher={Elsevier}
}

@article{gu2023bone,
  title={Bone mineral density estimation from a plain X-ray image by learning decomposition into projections of bone-segmented computed tomography},
  author={Gu, Yi and Otake, Yoshito and Uemura, Keisuke and Soufi, Mazen and Takao, Masaki and Talbot, Hugues and Okada, Seiji and Sugano, Nobuhiko and Sato, Yoshinobu},
  journal={Medical Image Analysis},
  volume={90},
  pages={102970},
  year={2023},
  publisher={Elsevier}
}

@article{liu2023one,
  title={One-shot segmentation of novel white matter tracts via extensive data augmentation and adaptive knowledge transfer},
  author={Liu, Wan and Zhuo, Zhizheng and Liu, Yaou and Ye, Chuyang},
  journal={Medical Image Analysis},
  volume={90},
  pages={102968},
  year={2023},
  publisher={Elsevier}
}

@article{wang2022transformer,
  title={Transformer-based unsupervised contrastive learning for histopathological image classification},
  author={Wang, Xiyue and Yang, Sen and Zhang, Jun and Wang, Minghui and Zhang, Jing and Yang, Wei and Huang, Junzhou and Han, Xiao},
  journal={Medical image analysis},
  volume={81},
  pages={102559},
  year={2022},
  publisher={Elsevier}
}

@article{najdenkoska2022uncertainty,
  title={Uncertainty-aware report generation for chest X-rays by variational topic inference},
  author={Najdenkoska, Ivona and Zhen, Xiantong and Worring, Marcel and Shao, Ling},
  journal={Medical Image Analysis},
  volume={82},
  pages={102603},
  year={2022},
  publisher={Elsevier}
}

@article{devlin2018bert,
  title={Bert: Pre-training of deep bidirectional transformers for language understanding},
  author={Devlin, Jacob},
  journal={arXiv preprint arXiv:1810.04805},
  year={2018}
}

@article{liu2019roberta,
  title={Roberta: A robustly optimized bert pretraining approach},
  author={Liu, Yinhan},
  journal={arXiv preprint arXiv:1907.11692},
  volume={364},
  year={2019}
}
