@ARTICLE{FedOSS,
  author={Zhu, Meilu and Liao, Jing and Liu, Jun and Yuan, Yixuan},
  journal={IEEE Transactions on Medical Imaging},
  title={FedOSS: Federated Open Set Recognition via Inter-Client Discrepancy and Collaboration},
  year={2024},
  volume={43},
  number={1},
  pages={190-202},
  }

@inproceedings{dai2023tackling,
  title={Tackling data heterogeneity in federated learning with class prototypes},
  author={Dai, Yutong and Chen, Zeyuan and Li, Junnan and Heinecke, Shelby and Sun, Lichao and Xu, Ran},
  booktitle={AAAI},
  volume={37},
  number={6},
  pages={7314--7322},
  year={2023}
}

@article{de2022mitigating,
  title={Mitigating data heterogeneity in federated learning with data augmentation},
  author={de Luca, Artur Back and Zhang, Guojun and Chen, Xi and Yu, Yaoliang},
  journal={arXiv preprint arXiv:2206.09979},
  year={2022}
}

@inproceedings{diao2023towards,
  title={Towards addressing label skews in one-shot federated learning},
  author={Diao, Yiqun and Li, Qinbin and He, Bingsheng},
  booktitle={ICLR},
  year={2023}
}

@InProceedings{fedETF,
    author    = {Li, Zexi and Shang, Xinyi and He, Rui and Lin, Tao and Wu, Chao},
    title     = {No Fear of Classifier Biases: Neural Collapse Inspired Federated Learning with Synthetic and Fixed Classifier},
    booktitle = {ICCV},
    year      = {2023},
    pages     = {5319-5329}
}

@inproceedings{fedavg,
  title={Communication-efficient learning of deep networks from decentralized data},
  author={McMahan, Brendan and Moore, Eider and Ramage, Daniel and Hampson, Seth and y Arcas, Blaise Aguera},
  booktitle={AISTATS},
  pages={1273--1282},
  year={2017},
}

@inproceedings{fedprox,
    title = {Federated Optimization in Heterogeneous Networks},
    author={Li, Tian and Sahu, Anit Kumar and Zaheer, Manzil and Sanjabi, Maziar and Smith, Virginia},
    booktitle = {MLSys},
    pages = {429--450},
    volume = {2},
    year = {2020}
}

@article{goodfellow2014generative,
  title={Generative adversarial nets},
  author={Goodfellow, Ian and Pouget-Abadie, Jean and Mirza, Mehdi and Xu, Bing and Warde-Farley, David and Ozair, Sherjil and Courville, Aaron and Bengio, Yoshua},
  journal={NeurIPS},
  volume={27},
  year={2014}
}

@inproceedings{guo2023fedbr,
  title={FedBR: Improving federated learning on heterogeneous data via local learning bias reduction},
  author={Guo, Yongxin and Tang, Xiaoying and Lin, Tao},
  booktitle={ICML},
  pages={12034--12054},
  year={2023},
}

@article{ho2020denoising,
  title={Denoising diffusion probabilistic models},
  author={Ho, Jonathan and Jain, Ajay and Abbeel, Pieter},
  journal={NeurIPS},
  volume={33},
  pages={6840--6851},
  year={2020}
}

@inproceedings{huang2023rethinking,
  title={Rethinking federated learning with domain shift: A prototype view},
  author={Huang, Wenke and Ye, Mang and Shi, Zekun and Li, He and Du, Bo},
  booktitle={CVPR},
  pages={16312--16322},
  year={2023},
}

@article{huang2024federated,
  title={Federated Learning with Long-Tailed Data via Representation Unification and Classifier Rectification},
  author={Huang, Wenke and Liu, Yuxia and Ye, Mang and Chen, Jun and Du, Bo},
  journal={IEEE Transactions on Information Forensics and Security},
  year={2024},
  volume={19},
  pages={5738-5750},
}

@inproceedings{karimireddy2020scaffold,
  title={Scaffold: Stochastic controlled averaging for federated learning},
  author={Karimireddy, Sai Praneeth and Kale, Satyen and Mohri, Mehryar and Reddi, Sashank and Stich, Sebastian and Suresh, Ananda Theertha},
  booktitle={ICML},
  pages={5132--5143},
  year={2020},
}

@article{li2020federated,
  title={Federated learning: Challenges, methods, and future directions},
  author={Li, Tian and Sahu, Anit Kumar and Talwalkar, Ameet and Smith, Virginia},
  journal={IEEE signal processing magazine},
  volume={37},
  number={3},
  pages={50--60},
  year={2020},
  publisher={IEEE}
}

@inproceedings{li2021model,
  title={Model-contrastive federated learning},
  author={Li, Qinbin and He, Bingsheng and Song, Dawn},
  booktitle={CVPR},
  pages={10713--10722},
  year={2021}
}

@inproceedings{li2022federated,
  title={Federated learning with gan-based data synthesis for non-iid clients},
  author={Li, Zijian and Shao, Jiawei and Mao, Yuyi and Wang, Jessie Hui and Zhang, Jun},
  booktitle={International Workshop on Trustworthy Federated Learning},
  pages={17--32},
  year={2022},
}

@inproceedings{long2023fedcd,
  title={Fedcd: A classifier debiased federated learning framework for non-iid data},
  author={Long, Yunfei and Xue, Zhe and Chu, Lingyang and Zhang, Tianlong and Wu, Junjiang and Zang, Yu and Du, Junping},
  booktitle={ACM MM},
  pages={8994--9002},
  year={2023}
}

@article{luo2021no,
  title={No fear of heterogeneity: Classifier calibration for federated learning with non-iid data},
  author={Luo, Mi and Chen, Fei and Hu, Dapeng and Zhang, Yifan and Liang, Jian and Feng, Jiashi},
  journal={NeurIPS},
  volume={34},
  pages={5972--5984},
  year={2021}
}

@article{mendieta2024navigating,
  title={Navigating Heterogeneity and Privacy in One-Shot Federated Learning with Diffusion Models},
  author={Mendieta, Matias and Sun, Guangyu and Chen, Chen},
  journal={arXiv preprint arXiv:2405.01494},
  year={2024}
}

@article{papyan2020prevalence,
  title={Prevalence of neural collapse during the terminal phase of deep learning training},
  author={Papyan, Vardan and Han, XY and Donoho, David L},
  journal={Proceedings of the National Academy of Sciences},
  volume={117},
  number={40},
  pages={24652--24663},
  year={2020},
  publisher={National Acad Sciences}
}

@inproceedings{qi2023cross,
  title={Cross-silo prototypical calibration for federated learning with non-iid data},
  author={Qi, Zhuang and Meng, Lei and Chen, Zitan and Hu, Han and Lin, Hui and Meng, Xiangxu},
  booktitle={ACM MM},
  pages={3099--3107},
  year={2023}
}

@article{shin2020xor,
  title={Xor mixup: Privacy-preserving data augmentation for one-shot federated learning},
  author={Shin, MyungJae and Hwang, Chihoon and Kim, Joongheon and Park, Jihong and Bennis, Mehdi and Kim, Seong-Lyun},
  journal={arXiv preprint arXiv:2006.05148},
  year={2020}
}

@inproceedings{tan2022fedproto,
  title={Fedproto: Federated prototype learning across heterogeneous clients},
  author={Tan, Yue and Long, Guodong and Liu, Lu and Zhou, Tianyi and Lu, Qinghua and Jiang, Jing and Zhang, Chengqi},
  booktitle={AAAI},
  volume={36},
  number={8},
  pages={8432--8440},
  year={2022}
}

@article{wang2024dfrd,
  title={DFRD: Data-Free Robustness Distillation for Heterogeneous Federated Learning},
  author = {Luo, kangyang and Wang, Shuai and Fu, Yexuan and Li, Xiang and Lan, Yunshi and Gao, Ming},
  journal={NeurIPS},
  volume={36},
  pages = {17854--17866},
  year={2024}
}

@article{yan2023simple,
  title={A Simple Data Augmentation for Feature Distribution Skewed Federated Learning},
  author={Yan, Yunlu and Zhu, Lei},
  journal={arXiv preprint arXiv:2306.09363},
  year={2023}
}

@article{ye2023fedfm,
  title={Fedfm: Anchor-based feature matching for data heterogeneity in federated learning},
  author={Ye, Rui and Ni, Zhenyang and Xu, Chenxin and Wang, Jianyu and Chen, Siheng and Eldar, Yonina C},
  journal={IEEE Transactions on Signal Processing},
  year={2023},
  volume={71},
  number={},
  pages={4224-4239},
}

@article{yoon2021fedmix,
  title={Fedmix: Approximation of mixup under mean augmented federated learning},
  author={Yoon, Tehrim and Shin, Sumin and Hwang, Sung Ju and Yang, Eunho},
  journal={arXiv preprint arXiv:2107.00233},
  year={2021}
}

@article{zhang2017mixup,
  title={mixup: Beyond empirical risk minimization},
  author={Zhang, Hongyi},
  journal={ICLR},
  year={2018}
}

@article{zhang2022dense,
  title={Dense: Data-free one-shot federated learning},
  author={Zhang, Jie and Chen, Chen and Li, Bo and Lyu, Lingjuan and Wu, Shuang and Ding, Shouhong and Shen, Chunhua and Wu, Chao},
  journal={NeurIPS},
  volume={35},
  pages={21414--21428},
  year={2022}
}

@inproceedings{zhang2022fine,
  title={Fine-tuning global model via data-free knowledge distillation for non-iid federated learning},
  author={Zhang, Lin and Shen, Li and Ding, Liang and Tao, Dacheng and Duan, Ling-Yu},
  booktitle={CVPR},
  pages={10174--10183},
  year={2022}
}

@inproceedings{zhang2024upload,
  title={An Upload-Efficient Scheme for Transferring Knowledge From a Server-Side Pre-trained Generator to Clients in Heterogeneous Federated Learning},
  author={Zhang, Jianqing and Liu, Yang and Hua, Yang and Cao, Jian},
  booktitle={CVPR},
  pages={12109--12119},
  year={2024}
}

@article{zhou2023fedfa,
  title={FedFA: Federated learning with feature anchors to align features and classifiers for heterogeneous data},
  author={Zhou, Tailin and Zhang, Jun and Tsang, Danny HK},
  journal={IEEE Transactions on Mobile Computing},
  year={2024},
  volume={23},
  number={6},
  pages={6731-6742},
}

