@inproceedings{CMAT,
  title={Cross-modal translation and alignment for survival analysis},
  author={Zhou, Fengtao and Chen, Hao},
  booktitle={Proceedings of the IEEE/CVF International Conference on Computer Vision},
  pages={21485--21494},
  year={2023}
}

@inproceedings{bhattacharyya2024efficient,
  title={Efficient grading of prostate cancer WSI with deep learning},
  author={Bhattacharyya, Riddhasree and Roy, Paromita and Banerji, Sugata and Mitra, Sushmita},
  booktitle={Medical Imaging 2024: Digital and Computational Pathology},
  volume={12933},
  pages={20--26},
  year={2024},
  organization={SPIE}
}

@article{charm,
  title={Machine learning for cryosection pathology predicts the 2021 WHO classification of glioma},
  author={Nasrallah, MacLean P and Zhao, Junhan and Tsai, Cheng Che and Meredith, David and Marostica, Eliana and Ligon, Keith L and Golden, Jeffrey A and Yu, Kun-Hsing},
  journal={Med},
  volume={4},
  number={8},
  pages={526--540},
  year={2023},
  publisher={Elsevier}
}

@article{chen2020pathomic,
  title={Pathomic fusion: an integrated framework for fusing histopathology and genomic features for cancer diagnosis and prognosis},
  author={Chen, Richard J and Lu, Ming Y and Wang, Jingwen and Williamson, Drew FK and Rodig, Scott J and Lindeman, Neal I and Mahmood, Faisal},
  journal={IEEE Transactions on Medical Imaging},
  volume={41},
  number={4},
  pages={757--770},
  year={2020},
  publisher={IEEE}
}

@article{coudray2018classification,
  title={Classification and mutation prediction from non--small cell lung cancer histopathology images using deep learning},
  author={Coudray, Nicolas and Ocampo, Paolo Santiago and Sakellaropoulos, Theodore and Narula, Navneet and Snuderl, Matija and Feny{\"o}, David and Moreira, Andre L and Razavian, Narges and Tsirigos, Aristotelis},
  journal={Nature medicine},
  volume={24},
  number={10},
  pages={1559--1567},
  year={2018},
  publisher={Nature Publishing Group US New York}
}

@inproceedings{deepMO-Glioma,
  title={Multi-task learning of histology and molecular markers for classifying diffuse glioma},
  author={Wang, Xiaofei and Price, Stephen and Li, Chao},
  booktitle={International Conference on Medical Image Computing and Computer-Assisted Intervention},
  pages={551--561},
  year={2023},
  organization={Springer}
}

@article{deng2020deep,
  title={Deep learning in digital pathology image analysis: a survey},
  author={Deng, Shujian and Zhang, Xin and Yan, Wen and Chang, Eric I-Chao and Fan, Yubo and Lai, Maode and Xu, Yan},
  journal={Frontiers of medicine},
  volume={14},
  pages={470--487},
  year={2020},
  publisher={Springer}
}

@article{graham2019hover,
  title={Hover-net: Simultaneous segmentation and classification of nuclei in multi-tissue histology images},
  author={Graham, Simon and Vu, Quoc Dang and Raza, Shan E Ahmed and Azam, Ayesha and Tsang, Yee Wah and Kwak, Jin Tae and Rajpoot, Nasir},
  journal={Medical image analysis},
  volume={58},
  pages={101563},
  year={2019},
  publisher={Elsevier}
}

@article{hao2023accurate,
  title={Accurate kidney pathological image classification method based on deep learning and multi-modal fusion method with application to membranous nephropathy},
  author={Hao, Fang and Liu, Xueyu and Li, Ming and Han, Weixia},
  journal={Life},
  volume={13},
  number={2},
  pages={399},
  year={2023},
  publisher={MDPI}
}

@article{hollon2023artificial,
  title={Artificial-intelligence-based molecular classification of diffuse gliomas using rapid, label-free optical imaging},
  author={Hollon, Todd and Jiang, Cheng and Chowdury, Asadur and Nasir-Moin, Mustafa and Kondepudi, Akhil and Aabedi, Alexander and Adapa, Arjun and Al-Holou, Wajd and Heth, Jason and Sagher, Oren},
  journal={Nature medicine},
  volume={29},
  number={4},
  pages={828--832},
  year={2023},
  publisher={Nature Publishing Group US New York}
}

@inproceedings{jaume2024modeling,
  title={Modeling dense multimodal interactions between biological pathways and histology for survival prediction},
  author={Jaume, Guillaume and Vaidya, Anurag and Chen, Richard J and Williamson, Drew FK and Liang, Paul Pu and Mahmood, Faisal},
  booktitle={Proceedings of the IEEE/CVF Conference on Computer Vision and Pattern Recognition},
  pages={11579--11590},
  year={2024}
}

@article{kanavati2020weakly,
  title={Weakly-supervised learning for lung carcinoma classification using deep learning},
  author={Kanavati, Fahdi and Toyokawa, Gouji and Momosaki, Seiya and Rambeau, Michael and Kozuma, Yuka and Shoji, Fumihiro and Yamazaki, Koji and Takeo, Sadanori and Iizuka, Osamu and Tsuneki, Masayuki},
  journal={Scientific reports},
  volume={10},
  number={1},
  pages={9297},
  year={2020},
  publisher={Nature Publishing Group UK London}
}

@article{li2022comprehensive,
  title={A comprehensive review of computer-aided whole-slide image analysis: from datasets to feature extraction, segmentation, classification and detection approaches},
  author={Li, Xintong and Li, Chen and Rahaman, Md Mamunur and Sun, Hongzan and Li, Xiaoqi and Wu, Jian and Yao, Yudong and Grzegorzek, Marcin},
  journal={Artificial Intelligence Review},
  volume={55},
  number={6},
  pages={4809--4878},
  year={2022},
  publisher={Springer}
}

@inproceedings{lin2018scannet,
  title={Scannet: A fast and dense scanning framework for metastastic breast cancer detection from whole-slide image},
  author={Lin, Huangjing and Chen, Hao and Dou, Qi and Wang, Liansheng and Qin, Jing and Heng, Pheng-Ann},
  booktitle={2018 IEEE winter conference on applications of computer vision (WACV)},
  pages={539--546},
  year={2018},
  organization={IEEE}
}

@article{louis20072007,
  title={The 2007 WHO classification of tumours of the central nervous system},
  author={Louis, David N and Ohgaki, Hiroko and Wiestler, Otmar D and Cavenee, Webster K and Burger, Peter C and Jouvet, Anne and Scheithauer, Bernd W and Kleihues, Paul},
  journal={Acta neuropathologica},
  volume={114},
  pages={97--109},
  year={2007},
  publisher={Springer}
}

@article{louis20162016,
  title={The 2016 World Health Organization classification of tumors of the central nervous system: a summary},
  author={Louis, David N and Perry, Arie and Reifenberger, Guido and Von Deimling, Andreas and Figarella-Branger, Dominique and Cavenee, Webster K and Ohgaki, Hiroko and Wiestler, Otmar D and Kleihues, Paul and Ellison, David W},
  journal={Acta neuropathologica},
  volume={131},
  pages={803--820},
  year={2016},
  publisher={Springer}
}

@article{louis20212021,
  title={The 2021 WHO classification of tumors of the central nervous system: a summary},
  author={Louis, David N et al.},
  journal={Neuro-oncology},
  volume={23},
  number={8},
  pages={1231--1251},
  year={2021},
  publisher={Oxford Academic}
}

@article{lv2024insight,
  title={Insight into deep learning for glioma IDH medical image analysis: A systematic review},
  author={Lv, Qingqing and Liu, Yihao and Sun, Yingnan and Wu, Minghua},
  journal={Medicine},
  volume={103},
  number={7},
  pages={e37150},
  year={2024},
  publisher={LWW}
}

@article{martinez2023computer,
  title={Computer aided classifier of colorectal cancer on histopatological whole slide images analyzing deep learning architecture parameters},
  author={Mart{\'\i}nez-Fernandez, Elena and Rojas-Valenzuela, Ignacio and Valenzuela, Olga and Rojas, Ignacio},
  journal={Applied Sciences},
  volume={13},
  number={7},
  pages={4594},
  year={2023},
  publisher={MDPI}
}

@article{pei2021deep,
  title={Deep neural network analysis of pathology images with integrated molecular data for enhanced glioma classification and grading},
  author={Pei, Linmin and Jones, Karra A and Shboul, Zeina A and Chen, James Y and Iftekharuddin, Khan M},
  journal={Frontiers in oncology},
  volume={11},
  pages={668694},
  year={2021},
  publisher={Frontiers Media SA}
}

@article{perry2016histologic,
  title={Histologic classification of gliomas},
  author={Perry, Arie and Wesseling, Pieter},
  journal={Handbook of clinical neurology},
  volume={134},
  pages={71--95},
  year={2016},
  publisher={Elsevier}
}

@article{qiu2024dual,
  title={Dual-space disentangled-multimodal network (DDM-net) for glioma diagnosis and prognosis with incomplete pathology and genomic data},
  author={Qiu, Lu and Zhao, Lu and Zhao, Wangyuan and Zhao, Jun},
  journal={Physics in Medicine \& Biology},
  volume={69},
  number={8},
  pages={085028},
  year={2024},
  publisher={IOP Publishing}
}

@article{ren2021deep,
  title={Deep learning-enhanced morphological profiling predicts cell fate dynamics in real-time in hPSCs},
  author={Ren, Edward and Kim, Sungmin and Mohamad, Saad and Huguet, Samuel F and Shi, Yulin and Cohen, Andrew R and Piddini, Eugenia and Salas, Rafael Carazo},
  journal={BioRxiv},
  pages={2021--07},
  year={2021},
  publisher={Cold Spring Harbor Laboratory}
}

@article{shao2019integrative,
  title={Integrative analysis of pathological images and multi-dimensional genomic data for early-stage cancer prognosis},
  author={Shao, Wei and Han, Zhi and Cheng, Jun and Cheng, Liang and Wang, Tongxin and Sun, Liang and Lu, Zixiao and Zhang, Jie and Zhang, Daoqiang and Huang, Kun},
  journal={IEEE transactions on medical imaging},
  volume={39},
  number={1},
  pages={99--110},
  year={2019},
  publisher={IEEE}
}

@inproceedings{szegedy2016rethinking,
  title={Rethinking the inception architecture for computer vision},
  author={Szegedy, Christian and Vanhoucke, Vincent and Ioffe, Sergey and Shlens, Jon and Wojna, Zbigniew},
  booktitle={Proceedings of the IEEE conference on computer vision and pattern recognition},
  pages={2818--2826},
  year={2016}
}

@article{uegami2022mixture,
  title={MIXTURE of human expertise and deep learningâ€”developing an explainable model for predicting pathological diagnosis and survival in patients with interstitial lung disease},
  author={Uegami, Wataru and Bychkov, Andrey and Ozasa, Mutsumi and Uehara, Kazuki and Kataoka, Kensuke and Johkoh, Takeshi and Kondoh, Yasuhiro and Sakanashi, Hidenori and Fukuoka, Junya},
  journal={Modern Pathology},
  volume={35},
  number={8},
  pages={1083--1091},
  year={2022},
  publisher={Elsevier}
}

@article{wei2023multi,
  title={Multi-modal learning for predicting the genotype of glioma},
  author={Wei, Yiran and Chen, Xi and Zhu, Lei and Zhang, Lipei and Sch{\"o}nlieb, Carola-Bibiane and Price, Stephen and Li, Chao},
  journal={IEEE Transactions on Medical Imaging},
  volume={42},
  number={11},
  pages={3167--3178},
  year={2023},
  publisher={IEEE}
}

@inproceedings{xing2022discrepancy,
  title={Discrepancy and Gradient-Guided Multi-modal Knowledge Distillation for Pathological Glioma Grading},
  author={Xing, Xiaohan and Chen, Zhen and Zhu, Meilu and Hou, Yuenan and Gao, Zhifan and Yuan, Yixuan},
  booktitle={MICCAI 2022},
  pages={636--646},
  year={2022},
  organization={Springer}
}

@article{yang2022pathologic,
  title={Pathologic liver tumor detection using feature aligned multi-scale convolutional network},
  author={Yang, Tsung-Lung and Tsai, Hung-Wen and Huang, Wei-Che and Lin, Jung-Chia and Liao, Jia-Bin and Chow, Nan-Haw and Chung, Pau-Choo},
  journal={Artificial intelligence in medicine},
  volume={125},
  pages={102244},
  year={2022},
  publisher={Elsevier}
}

@article{zhang2022mutual,
  title={Mutual Contrastive Low-rank Learning to Disentangle Whole Slide Image Representations for Glioma Grading},
  author={Zhang, Lipei and Wei, Yiran and Fu, Ying and Price, et al.},
  year={2022}
}

@article{zhang2024prototypical,
  title={Prototypical information bottlenecking and disentangling for multimodal cancer survival prediction},
  author={Zhang, Yilan and Xu, Yingxue and Chen, Jianqi and Xie, Fengying and Chen, Hao},
  journal={arXiv preprint arXiv:2401.01646},
  year={2024}
}

