@article{moschini2017characteristics,
  title={Characteristics and clinical significance of histological variants of bladder cancer},
  author={Moschini, Marco and D'andrea, David and Korn, Stephan and Irmak, Yasin and Soria, Francesco and Comp{\'e}rat, Eva and Shariat, Shahrokh F},
  journal={Nature Reviews Urology},
  volume={14},
  number={11},
  pages={651--668},
  year={2017},
  publisher={Nature Publishing Group UK London}
}
@article{puchalski2018anatomic,
  title={An anatomic transcriptional atlas of human glioblastoma},
  author={Puchalski, Ralph B and Shah, Nameeta and Miller, Jeremy and Dalley, Rachel and Nomura, Steve R and Yoon, Jae-Guen and Smith, Kimberly A and Lankerovich, Michael and Bertagnolli, Darren and Bickley, Kris and others},
  journal={Science},
  volume={360},
  number={6389},
  pages={660--663},
  year={2018},
  publisher={American Association for the Advancement of Science}
}
@article{ozyoruk2021deep,
  title={Deep learning-based frozen section to FFPE translation},
  author={Ozyoruk, Kutsev Bengisu and Can, Sermet and Gokceler, Guliz Irem and Basak, Kayhan and Demir, Derya and Serin, Gurdeniz and Hacisalihoglu, Uguray Payam and Kurtulu{\c{s}}, Emirhan and Darbaz, Berkan and Lu, Ming Y and others},
  journal={arXiv preprint arXiv:2107.11786},
  year={2021}
}
@article{zhang2022mutual,
  title={Mutual contrastive low-rank learning to disentangle whole slide image representations for glioma grading},
  author={Zhang, Lipei and Wei, Yiran and Fu, Ying and Price, Stephen and Sch{\"o}nlieb, Carola-Bibiane and Li, Chao},
  journal={arXiv preprint arXiv:2203.04013},
  year={2022}
}
@article{wesseling2015oligodendroglioma,
  title={Oligodendroglioma: pathology, molecular mechanisms and markers},
  author={Wesseling, Pieter and van den Bent, Martin and Perry, Arie},
  journal={Acta neuropathologica},
  volume={129},
  pages={809--827},
  year={2015},
  publisher={Springer}
}
@article{park2023standardized,
  title={A standardized pathology report for gastric cancer},
  author={Park, Young Soo and Kook, Myeong-Cherl and Kim, Baek-hui and Lee, Hye Seung and Kang, Dong-Wook and Gu, Mi-Jin and Shin, Ok Ran and Choi, Younghee and Lee, Wonae and Kim, Hyunki and others},
  journal={Journal of Pathology and Translational Medicine},
  volume={57},
  number={1},
  pages={1--27},
  year={2023},
  publisher={The Korean Society of Pathologists and the Korean Society for Cytopathology}
}
@article{phan2020high,
  title={High-resolution molecular imaging and its applications in brain and synapses},
  author={Phan, Nhu TN and Rizzoli, Silvio O},
  journal={Volume Microscopy: Multiscale Imaging with Photons, Electrons, and Ions},
  pages={37--58},
  year={2020},
  publisher={Springer}
}
@article{smits2022diagnostic,
  title={Diagnostic variability in the histopathological assessment of advanced colorectal adenomas and early colorectal cancer in a screening population},
  author={Smits, Lisanne JH and Vink-B{\"o}rger, Elisa and van Lijnschoten, Gesina and Focke-Snieders, Isabelle and van der Post, Rachel S and Tuynman, Jurriaan B and van Grieken, Nicole CT and Nagtegaal, Iris D},
  journal={Histopathology},
  volume={80},
  number={5},
  pages={790--798},
  year={2022},
  publisher={Wiley Online Library}
}
@article{nooreldeen2021current,
  title={Current and future development in lung cancer diagnosis},
  author={Nooreldeen, Reem and Bach, Horacio},
  journal={International journal of molecular sciences},
  volume={22},
  number={16},
  pages={8661},
  year={2021},
  publisher={MDPI}
}

@article{nam2020introduction,
  title={Introduction to digital pathology and computer-aided pathology},
  author={Nam, Soojeong and Chong, Yosep and Jung, Chan Kwon and Kwak, Tae-Yeong and Lee, Ji Youl and Park, Jihwan and Rho, Mi Jung and Go, Heounjeong},
  journal={Journal of pathology and translational medicine},
  volume={54},
  number={2},
  pages={125--134},
  year={2020},
  publisher={The Korean Society of Pathologists and the Korean Society for Cytopathology}
}

@article{martinez2023computer,
  title={Computer aided classifier of colorectal cancer on histopatological whole slide images analyzing deep learning architecture parameters},
  author={Mart{\'\i}nez-Fernandez, Elena and Rojas-Valenzuela, Ignacio and Valenzuela, Olga and Rojas, Ignacio},
  journal={Applied Sciences},
  volume={13},
  number={7},
  pages={4594},
  year={2023},
  publisher={MDPI}
}
@article{horst2024cellvit,
  title={Cellvit: Vision transformers for precise cell segmentation and classification},
  author={H{\"o}rst, Fabian and Rempe, Moritz and Heine, Lukas and Seibold, Constantin and Keyl, Julius and Baldini, Giulia and Ugurel, Selma and Siveke, Jens and Gr{\"u}nwald, Barbara and Egger, Jan and others},
  journal={Medical Image Analysis},
  volume={94},
  pages={103143},
  year={2024},
  publisher={Elsevier}
}
@article{rong2023deep,
  title={A deep learning approach for histology-based nucleus segmentation and tumor microenvironment characterization},
  author={Rong, Ruichen and Sheng, Hudanyun and Jin, Kevin W and Wu, Fangjiang and Luo, Danni and Wen, Zhuoyu and Tang, Chen and Yang, Donghan M and Jia, Liwei and Amgad, Mohamed and others},
  journal={Modern Pathology},
  volume={36},
  number={8},
  pages={100196},
  year={2023},
  publisher={Elsevier}
}
@inproceedings{bhattacharyya2024efficient,
  title={Efficient grading of prostate cancer WSI with deep learning},
  author={Bhattacharyya, Riddhasree and Roy, Paromita and Banerji, Sugata and Mitra, Sushmita},
  booktitle={Medical Imaging 2024: Digital and Computational Pathology},
  volume={12933},
  pages={20--26},
  year={2024},
  organization={SPIE}
}

@article{deng2024cross,
  title={Cross-scale multi-instance learning for pathological image diagnosis},
  author={Deng, Ruining and Cui, Can and Remedios, Lucas W and Bao, Shunxing and Womick, R Michael and Chiron, Sophie and Li, Jia and Roland, Joseph T and Lau, Ken S and Liu, Qi and others},
  journal={Medical image analysis},
  volume={94},
  pages={103124},
  year={2024},
  publisher={Elsevier}
}

@article{dong2023highly,
  title={Highly accurate disease diagnosis and highly reproducible biomarker identification with PathFormer},
  author={Dong, Zehao and Zhao, Qihang and Payne, Philip RO and Province, Michael A and Cruchaga, Carlos and Zhang, Muhan and Zhao, Tianyu and Chen, Yixin and Li, Fuhai},
  journal={Research Square},
  pages={rs--3},
  year={2023}
}

@techreport{leonard2016molecular,
  title={Molecular pathology in clinical practice},
  author={Leonard, Debra GB and Bagg, Adam and Caliendo, Angela M and Deerlin, Vivianna M and Kaul, Karen L},
  year={2016},
  institution={Springer}
}

@article{douget2023improved,
  title={Improved colorectal cancer survival prediction with deep learning-based WSI analysis on PETACC8 and PRODIGE13 cohorts},
  author={Douget, Jean-Eudes Le and Ta{\"\i}eb, Julien and Jacob, Paul and Bibeau, Fr{\'e}d{\'e}ric and Malicot, Karine Le and Emile, Jean-Fran{\c{c}}ois and de Reyni{\`e}s, Aur{\'e}lien and Morel, Mehdi and J{\'e}gou, Simon and Lepage, C{\^o}me and others},
  journal={Cancer Research},
  volume={83},
  number={7\_Supplement},
  pages={5430--5430},
  year={2023},
  publisher={The American Association for Cancer Research}
}

@inproceedings{chen2022cellular,
  title={Cellular architecture on whole slide images allows the prediction of survival in lung adenocarcinoma},
  author={Chen, Pingjun and Saad, Maliazurina B and Rojas, Frank R and Salehjahromi, Morteza and Aminu, Muhammad and Bandyopadhyay, Rukhmini and Hong, Lingzhi and Ebare, Kingsley and Behrens, Carmen and Gibbons, Don L and others},
  booktitle={International Workshop on Computational Mathematics Modeling in Cancer Analysis},
  pages={1--10},
  year={2022},
  organization={Springer}
}
@article{israel2023foundation,
  title={A foundation model for cell segmentation},
  author={Israel, Uriah and Marks, Markus and Dilip, Rohit and Li, Qilin and Yu, Changhua and Laubscher, Emily and Li, Shenyi and Schwartz, Morgan and Pradhan, Elora and Ates, Ada and others},
  journal={bioRxiv},
  year={2023},
  publisher={Cold Spring Harbor Laboratory Preprints}
}




@article{qiu2023hierarchical,
  title={Hierarchical multimodal fusion framework based on noisy label learning and attention mechanism for cancer classification with pathology and genomic features},
  author={Qiu, Lu and Zhao, Lu and Hou, Runping and Zhao, Wangyuan and Zhang, Shunan and Lin, Zefan and Teng, Haohua and Zhao, Jun},
  journal={Computerized Medical Imaging and Graphics},
  volume={104},
  pages={102176},
  year={2023},
  publisher={Elsevier}
}

@inproceedings{chen2021multimodal,
  title={Multimodal co-attention transformer for survival prediction in gigapixel whole slide images},
  author={Chen, Richard J and Lu, Ming Y and Weng, Wei-Hung and Chen, Tiffany Y and Williamson, Drew FK and Manz, Trevor and Shady, Maha and Mahmood, Faisal},
  booktitle={Proceedings of the IEEE/CVF international conference on computer vision},
  pages={4015--4025},
  year={2021}
}






@inproceedings{zhou2023cross,
  title={Cross-modal translation and alignment for survival analysis},
  author={Zhou, Fengtao and Chen, Hao},
  booktitle={Proceedings of the IEEE/CVF International Conference on Computer Vision},
  pages={21485--21494},
  year={2023}
}


@article{mobadersany2018predicting,
  title={Predicting cancer outcomes from histology and genomics using convolutional networks},
  author={Mobadersany, Pooya and Yousefi, Safoora and Amgad, Mohamed and Gutman, David A and Barnholtz-Sloan, Jill S and Vel{\'a}zquez Vega, Jos{\'e} E and Brat, Daniel J and Cooper, Lee AD},
  journal={Proceedings of the National Academy of Sciences},
  volume={115},
  number={13},
  pages={E2970--E2979},
  year={2018},
  publisher={National Acad Sciences}
}


@article{nasrallah2023machine,
  title={Machine learning for cryosection pathology predicts the 2021 WHO classification of glioma},
  author={Nasrallah, MacLean P and Zhao, Junhan and Tsai, Cheng Che and Meredith, David and Marostica, Eliana and Ligon, Keith L and Golden, Jeffrey A and Yu, Kun-Hsing},
  journal={Med},
  volume={4},
  number={8},
  pages={526--540},
  year={2023},
  publisher={Elsevier}
}

@article{israel2023foundation,
  title={A foundation model for cell segmentation},
  author={Israel, Uriah and Marks, Markus and Dilip, Rohit and Li, Qilin and Yu, Changhua and Laubscher, Emily and Li, Shenyi and Schwartz, Morgan and Pradhan, Elora and Ates, Ada and others},
  journal={bioRxiv},
  year={2023},
  publisher={Cold Spring Harbor Laboratory Preprints}
}
@inproceedings{kirillov2023segment,
  title={Segment anything},
  author={Kirillov, Alexander and Mintun, Eric and Ravi, Nikhila and Mao, Hanzi and Rolland, Chloe and Gustafson, Laura and Xiao, Tete and Whitehead, Spencer and Berg, Alexander C and Lo, Wan-Yen and others},
  booktitle={Proceedings of the IEEE/CVF International Conference on Computer Vision},
  pages={4015--4026},
  year={2023}
}

@article{li2022comprehensive,
  title={A comprehensive review of computer-aided whole-slide image analysis: from datasets to feature extraction, segmentation, classification and detection approaches},
  author={Li, Xintong and Li, Chen and Rahaman, Md Mamunur and Sun, Hongzan and Li, Xiaoqi and Wu, Jian and Yao, Yudong and Grzegorzek, Marcin},
  journal={Artificial Intelligence Review},
  volume={55},
  number={6},
  pages={4809--4878},
  year={2022},
  publisher={Springer}
}

@article{cruz2017accurate,
  title={Accurate and reproducible invasive breast cancer detection in whole-slide images: A Deep Learning approach for quantifying tumor extent},
  author={Cruz-Roa, Angel and Gilmore, Hannah and Basavanhally, Ajay and Feldman, Michael and Ganesan, Shridar and Shih, Natalie NC and Tomaszewski, John and Gonz{\'a}lez, Fabio A and Madabhushi, Anant},
  journal={Scientific reports},
  volume={7},
  number={1},
  pages={46450},
  year={2017},
  publisher={Nature Publishing Group UK London}
}
@article{kiani2020impact,
  title={Impact of a deep learning assistant on the histopathologic classification of liver cancer},
  author={Kiani, Amirhossein and Uyumazturk, Bora and Rajpurkar, Pranav and Wang, Alex and Gao, Rebecca and Jones, Erik and Yu, Yifan and Langlotz, Curtis P and Ball, Robyn L and Montine, Thomas J and others},
  journal={NPJ digital medicine},
  volume={3},
  number={1},
  pages={23},
  year={2020},
  publisher={Nature Publishing Group UK London}
}
@article{cao2023e2efp,
  title={E2EFP-MIL: End-to-end and high-generalizability weakly supervised deep convolutional network for lung cancer classification from whole slide image},
  author={Cao, Lei and Wang, Jie and Zhang, Yuanyuan and Rong, Zhiwei and Wang, Meng and Wang, Liuying and Ji, Jianxin and Qian, Youhui and Zhang, Liuchao and Wu, Hao and others},
  journal={Medical Image Analysis},
  volume={88},
  pages={102837},
  year={2023},
  publisher={Elsevier}
}
@article{wan2017automated,
  title={Automated grading of breast cancer histopathology using cascaded ensemble with combination of multi-level image features},
  author={Wan, Tao and Cao, Jiajia and Chen, Jianhui and Qin, Zengchang},
  journal={Neurocomputing},
  volume={229},
  pages={34--44},
  year={2017},
  publisher={Elsevier}
}

@article{wang2021hybrid,
  title={A hybrid network for automatic hepatocellular carcinoma segmentation in H\&E-stained whole slide images},
  author={Wang, Xiyue and Fang, Yuqi and Yang, Sen and Zhu, Delong and Wang, Minghui and Zhang, Jing and Tong, Kai-yu and Han, Xiao},
  journal={Medical Image Analysis},
  volume={68},
  pages={101914},
  year={2021},
  publisher={Elsevier}
}


@article{nasrallah2023machine,
  title={Machine learning for cryosection pathology predicts the 2021 WHO classification of glioma},
  author={Nasrallah, MacLean P and Zhao, Junhan and Tsai, Cheng Che and Meredith, David and Marostica, Eliana and Ligon, Keith L and Golden, Jeffrey A and Yu, Kun-Hsing},
  journal={Med},
  volume={4},
  number={8},
  pages={526--540},
  year={2023},
  publisher={Elsevier}
}

@article{pei2021deep,
  title={Deep neural network analysis of pathology images with integrated molecular data for enhanced glioma classification and grading},
  author={Pei, Linmin and Jones, Karra A and Shboul, Zeina A and Chen, James Y and Iftekharuddin, Khan M},
  journal={Frontiers in oncology},
  volume={11},
  pages={668694},
  year={2021},
  publisher={Frontiers Media SA}
}
@article{louis20072007,
  title={The 2007 WHO classification of tumours of the central nervous system},
  author={Louis, David N and Ohgaki, Hiroko and Wiestler, Otmar D and Cavenee, Webster K and Burger, Peter C and Jouvet, Anne and Scheithauer, Bernd W and Kleihues, Paul},
  journal={Acta neuropathologica},
  volume={114},
  pages={97--109},
  year={2007},
  publisher={Springer}
}
@article{louis20162016,
  title={The 2016 World Health Organization classification of tumors of the central nervous system: a summary},
  author={Louis, David N and Perry, Arie and Reifenberger, Guido and Von Deimling, Andreas and Figarella-Branger, Dominique and Cavenee, Webster K and Ohgaki, Hiroko and Wiestler, Otmar D and Kleihues, Paul and Ellison, David W},
  journal={Acta neuropathologica},
  volume={131},
  pages={803--820},
  year={2016},
  publisher={Springer}
}

@article{coudray2018classification,
  title={Classification and mutation prediction from non--small cell lung cancer histopathology images using deep learning},
  author={Coudray, Nicolas and Ocampo, Paolo Santiago and Sakellaropoulos, Theodore and Narula, Navneet and Snuderl, Matija and Feny{\"o}, David and Moreira, Andre L and Razavian, Narges and Tsirigos, Aristotelis},
  journal={Nature medicine},
  volume={24},
  number={10},
  pages={1559--1567},
  year={2018},
  publisher={Nature Publishing Group US New York}
}

@article{moschini2017characteristics,
  title={Characteristics and clinical significance of histological variants of bladder cancer},
  author={Moschini, Marco and D'andrea, David and Korn, Stephan and Irmak, Yasin and Soria, Francesco and Comp{\'e}rat, Eva and Shariat, Shahrokh F},
  journal={Nature Reviews Urology},
  volume={14},
  number={11},
  pages={651--668},
  year={2017},
  publisher={Nature Publishing Group UK London}
}

@article{smits2022diagnostic,
  title={Diagnostic variability in the histopathological assessment of advanced colorectal adenomas and early colorectal cancer in a screening population},
  author={Smits, Lisanne JH and Vink-B{\"o}rger, Elisa and van Lijnschoten, Gesina and Focke-Snieders, Isabelle and van der Post, Rachel S and Tuynman, Jurriaan B and van Grieken, Nicole CT and Nagtegaal, Iris D},
  journal={Histopathology},
  volume={80},
  number={5},
  pages={790--798},
  year={2022},
  publisher={Wiley Online Library}
}
@article{nooreldeen2021current,
  title={Current and future development in lung cancer diagnosis},
  author={Nooreldeen, Reem and Bach, Horacio},
  journal={International journal of molecular sciences},
  volume={22},
  number={16},
  pages={8661},
  year={2021},
  publisher={MDPI}
}
@article{deng2020deep,
  title={Deep learning in digital pathology image analysis: a survey},
  author={Deng, Shujian and Zhang, Xin and Yan, Wen and Chang, Eric I-Chao and Fan, Yubo and Lai, Maode and Xu, Yan},
  journal={Frontiers of medicine},
  volume={14},
  pages={470--487},
  year={2020},
  publisher={Springer}
}
@article{nam2020introduction,
  title={Introduction to digital pathology and computer-aided pathology},
  author={Nam, Soojeong and Chong, Yosep and Jung, Chan Kwon and Kwak, Tae-Yeong and Lee, Ji Youl and Park, Jihwan and Rho, Mi Jung and Go, Heounjeong},
  journal={Journal of pathology and translational medicine},
  volume={54},
  number={2},
  pages={125--134},
  year={2020},
  publisher={The Korean Society of Pathologists and the Korean Society for Cytopathology}
}
@article{marini2022unleashing,
  title={Unleashing the potential of digital pathology data by training computer-aided diagnosis models without human annotations},
  author={Marini, Niccol{\`o} and Marchesin, Stefano and Ot{\'a}lora, Sebastian and Wodzinski, Marek and Caputo, Alessandro and Van Rijthoven, Mart and Aswolinskiy, Witali and Bokhorst, John-Melle and Podareanu, Damian and Petters, Edyta and others},
  journal={NPJ digital medicine},
  volume={5},
  number={1},
  pages={102},
  year={2022},
  publisher={Nature Publishing Group UK London}
}


@article{rong2023deep,
  title={A deep learning approach for histology-based nucleus segmentation and tumor microenvironment characterization},
  author={Rong, Ruichen and Sheng, Hudanyun and Jin, Kevin W and Wu, Fangjiang and Luo, Danni and Wen, Zhuoyu and Tang, Chen and Yang, Donghan M and Jia, Liwei and Amgad, Mohamed and others},
  journal={Modern Pathology},
  volume={36},
  number={8},
  pages={100196},
  year={2023},
  publisher={Elsevier}
}

@article{douget2023improved,
  title={Improved colorectal cancer survival prediction with deep learning-based WSI analysis on PETACC8 and PRODIGE13 cohorts},
  author={Douget, Jean-Eudes Le and Ta{\"\i}eb, Julien and Jacob, Paul and Bibeau, Fr{\'e}d{\'e}ric and Malicot, Karine Le and Emile, Jean-Fran{\c{c}}ois and de Reyni{\`e}s, Aur{\'e}lien and Morel, Mehdi and J{\'e}gou, Simon and Lepage, C{\^o}me and others},
  journal={Cancer Research},
  volume={83},
  number={7\_Supplement},
  pages={5430--5430},
  year={2023},
  publisher={The American Association for Cancer Research}
}
@article{graham2019hover,
  title={Hover-net: Simultaneous segmentation and classification of nuclei in multi-tissue histology images},
  author={Graham, Simon and Vu, Quoc Dang and Raza, Shan E Ahmed and Azam, Ayesha and Tsang, Yee Wah and Kwak, Jin Tae and Rajpoot, Nasir},
  journal={Medical image analysis},
  volume={58},
  pages={101563},
  year={2019},
  publisher={Elsevier}
}
@article{ren2021deep,
  title={Deep learning-enhanced morphological profiling predicts cell fate dynamics in real-time in hPSCs},
  author={Ren, Edward and Kim, Sungmin and Mohamad, Saad and Huguet, Samuel F and Shi, Yulin and Cohen, Andrew R and Piddini, Eugenia and Salas, Rafael Carazo},
  journal={BioRxiv},
  pages={2021--07},
  year={2021},
  publisher={Cold Spring Harbor Laboratory}
}
@article{israel2023foundation,
  title={A foundation model for cell segmentation},
  author={Israel, Uriah and Marks, Markus and Dilip, Rohit and Li, Qilin and Yu, Changhua and Laubscher, Emily and Li, Shenyi and Schwartz, Morgan and Pradhan, Elora and Ates, Ada and others},
  journal={bioRxiv},
  year={2023},
  publisher={Cold Spring Harbor Laboratory Preprints}
}
@article{zhang2024prototypical,
  title={Prototypical information bottlenecking and disentangling for multimodal cancer survival prediction},
  author={Zhang, Yilan and Xu, Yingxue and Chen, Jianqi and Xie, Fengying and Chen, Hao},
  journal={arXiv preprint arXiv:2401.01646},
  year={2024}
}

@inproceedings{jaume2024modeling,
  title={Modeling dense multimodal interactions between biological pathways and histology for survival prediction},
  author={Jaume, Guillaume and Vaidya, Anurag and Chen, Richard J and Williamson, Drew FK and Liang, Paul Pu and Mahmood, Faisal},
  booktitle={Proceedings of the IEEE/CVF Conference on Computer Vision and Pattern Recognition},
  pages={11579--11590},
  year={2024}
}

@article{qiu2023hierarchical,
  title={Hierarchical multimodal fusion framework based on noisy label learning and attention mechanism for cancer classification with pathology and genomic features},
  author={Qiu, Lu and Zhao, Lu and Hou, Runping and Zhao, Wangyuan and Zhang, Shunan and Lin, Zefan and Teng, Haohua and Zhao, Jun},
  journal={Computerized Medical Imaging and Graphics},
  volume={104},
  pages={102176},
  year={2023},
  publisher={Elsevier}
}

@inproceedings{chen2021multimodal,
  title={Multimodal co-attention transformer for survival prediction in gigapixel whole slide images},
  author={Chen, Richard J and Lu, Ming Y and Weng, Wei-Hung and Chen, Tiffany Y and Williamson, Drew FK and Manz, Trevor and Shady, Maha and Mahmood, Faisal},
  booktitle={Proceedings of the IEEE/CVF international conference on computer vision},
  pages={4015--4025},
  year={2021}
}



@article{khosravi2021deep,
  title={A deep learning approach to diagnostic classification of prostate cancer using pathology--radiology fusion},
  author={Khosravi, Pegah and Lysandrou, Maria and Eljalby, Mahmoud and Li, Qianzi and Kazemi, Ehsan and Zisimopoulos, Pantelis and Sigaras, Alexandros and Brendel, Matthew and Barnes, Josue and Ricketts, Camir and others},
  journal={Journal of Magnetic Resonance Imaging},
  volume={54},
  number={2},
  pages={462--471},
  year={2021},
  publisher={Wiley Online Library}
}



@article{shao2019integrative,
  title={Integrative analysis of pathological images and multi-dimensional genomic data for early-stage cancer prognosis},
  author={Shao, Wei and Han, Zhi and Cheng, Jun and Cheng, Liang and Wang, Tongxin and Sun, Liang and Lu, Zixiao and Zhang, Jie and Zhang, Daoqiang and Huang, Kun},
  journal={IEEE transactions on medical imaging},
  volume={39},
  number={1},
  pages={99--110},
  year={2019},
  publisher={IEEE}
}


@inproceedings{zhou2023cross,
  title={Cross-modal translation and alignment for survival analysis},
  author={Zhou, Fengtao and Chen, Hao},
  booktitle={Proceedings of the IEEE/CVF International Conference on Computer Vision},
  pages={21485--21494},
  year={2023}
}




@article{qiu2024dual,
  title={Dual-space disentangled-multimodal network (DDM-net) for glioma diagnosis and prognosis with incomplete pathology and genomic data},
  author={Qiu, Lu and Zhao, Lu and Zhao, Wangyuan and Zhao, Jun},
  journal={Physics in Medicine \& Biology},
  volume={69},
  number={8},
  pages={085028},
  year={2024},
  publisher={IOP Publishing}
}
@article{mobadersany2018predicting,
  title={Predicting cancer outcomes from histology and genomics using convolutional networks},
  author={Mobadersany, Pooya and Yousefi, Safoora and Amgad, Mohamed and Gutman, David A and Barnholtz-Sloan, Jill S and Vel{\'a}zquez Vega, Jos{\'e} E and Brat, Daniel J and Cooper, Lee AD},
  journal={Proceedings of the National Academy of Sciences},
  volume={115},
  number={13},
  pages={E2970--E2979},
  year={2018},
  publisher={National Acad Sciences}
}


@article{nasrallah2023machine,
  title={Machine learning for cryosection pathology predicts the 2021 WHO classification of glioma},
  author={Nasrallah, MacLean P and Zhao, Junhan and Tsai, Cheng Che and Meredith, David and Marostica, Eliana and Ligon, Keith L and Golden, Jeffrey A and Yu, Kun-Hsing},
  journal={Med},
  volume={4},
  number={8},
  pages={526--540},
  year={2023},
  publisher={Elsevier}
}

@article{israel2023foundation,
  title={A foundation model for cell segmentation},
  author={Israel, Uriah and Marks, Markus and Dilip, Rohit and Li, Qilin and Yu, Changhua and Laubscher, Emily and Li, Shenyi and Schwartz, Morgan and Pradhan, Elora and Ates, Ada and others},
  journal={bioRxiv},
  year={2023},
  publisher={Cold Spring Harbor Laboratory Preprints}
}
@inproceedings{kirillov2023segment,
  title={Segment anything},
  author={Kirillov, Alexander and Mintun, Eric and Ravi, Nikhila and Mao, Hanzi and Rolland, Chloe and Gustafson, Laura and Xiao, Tete and Whitehead, Spencer and Berg, Alexander C and Lo, Wan-Yen and others},
  booktitle={Proceedings of the IEEE/CVF International Conference on Computer Vision},
  pages={4015--4026},
  year={2023}
}
@article{hao2023accurate,
  title={Accurate kidney pathological image classification method based on deep learning and multi-modal fusion method with application to membranous nephropathy},
  author={Hao, Fang and Liu, Xueyu and Li, Ming and Han, Weixia},
  journal={Life},
  volume={13},
  number={2},
  pages={399},
  year={2023},
  publisher={MDPI}
}

@article{uegami2022mixture,
  title={MIXTURE of human expertise and deep learning—developing an explainable model for predicting pathological diagnosis and survival in patients with interstitial lung disease},
  author={Uegami, Wataru and Bychkov, Andrey and Ozasa, Mutsumi and Uehara, Kazuki and Kataoka, Kensuke and Johkoh, Takeshi and Kondoh, Yasuhiro and Sakanashi, Hidenori and Fukuoka, Junya},
  journal={Modern Pathology},
  volume={35},
  number={8},
  pages={1083--1091},
  year={2022},
  publisher={Elsevier}
}
@article{cruz2017accurate,
  title={Accurate and reproducible invasive breast cancer detection in whole-slide images: A Deep Learning approach for quantifying tumor extent},
  author={Cruz-Roa, Angel and Gilmore, Hannah and Basavanhally, Ajay and Feldman, Michael and Ganesan, Shridar and Shih, Natalie NC and Tomaszewski, John and Gonz{\'a}lez, Fabio A and Madabhushi, Anant},
  journal={Scientific reports},
  volume={7},
  number={1},
  pages={46450},
  year={2017},
  publisher={Nature Publishing Group UK London}
}
@article{kiani2020impact,
  title={Impact of a deep learning assistant on the histopathologic classification of liver cancer},
  author={Kiani, Amirhossein and Uyumazturk, Bora and Rajpurkar, Pranav and Wang, Alex and Gao, Rebecca and Jones, Erik and Yu, Yifan and Langlotz, Curtis P and Ball, Robyn L and Montine, Thomas J and others},
  journal={NPJ digital medicine},
  volume={3},
  number={1},
  pages={23},
  year={2020},
  publisher={Nature Publishing Group UK London}
}
@article{kanavati2020weakly,
  title={Weakly-supervised learning for lung carcinoma classification using deep learning},
  author={Kanavati, Fahdi and Toyokawa, Gouji and Momosaki, Seiya and Rambeau, Michael and Kozuma, Yuka and Shoji, Fumihiro and Yamazaki, Koji and Takeo, Sadanori and Iizuka, Osamu and Tsuneki, Masayuki},
  journal={Scientific reports},
  volume={10},
  number={1},
  pages={9297},
  year={2020},
  publisher={Nature Publishing Group UK London}
}
@article{wan2017automated,
  title={Automated grading of breast cancer histopathology using cascaded ensemble with combination of multi-level image features},
  author={Wan, Tao and Cao, Jiajia and Chen, Jianhui and Qin, Zengchang},
  journal={Neurocomputing},
  volume={229},
  pages={34--44},
  year={2017},
  publisher={Elsevier}
}
@inproceedings{lin2018scannet,
  title={Scannet: A fast and dense scanning framework for metastastic breast cancer detection from whole-slide image},
  author={Lin, Huangjing and Chen, Hao and Dou, Qi and Wang, Liansheng and Qin, Jing and Heng, Pheng-Ann},
  booktitle={2018 IEEE winter conference on applications of computer vision (WACV)},
  pages={539--546},
  year={2018},
  organization={IEEE}
}

@article{wang2021hybrid,
  title={A hybrid network for automatic hepatocellular carcinoma segmentation in H\&E-stained whole slide images},
  author={Wang, Xiyue and Fang, Yuqi and Yang, Sen and Zhu, Delong and Wang, Minghui and Zhang, Jing and Tong, Kai-yu and Han, Xiao},
  journal={Medical Image Analysis},
  volume={68},
  pages={101914},
  year={2021},
  publisher={Elsevier}
}
@article{yang2022pathologic,
  title={Pathologic liver tumor detection using feature aligned multi-scale convolutional network},
  author={Yang, Tsung-Lung and Tsai, Hung-Wen and Huang, Wei-Che and Lin, Jung-Chia and Liao, Jia-Bin and Chow, Nan-Haw and Chung, Pau-Choo},
  journal={Artificial intelligence in medicine},
  volume={125},
  pages={102244},
  year={2022},
  publisher={Elsevier}
}
@article{perry2016histologic,
  title={Histologic classification of gliomas},
  author={Perry, Arie and Wesseling, Pieter},
  journal={Handbook of clinical neurology},
  volume={134},
  pages={71--95},
  year={2016},
  publisher={Elsevier}
}
@article{hollon2023artificial,
  title={Artificial-intelligence-based molecular classification of diffuse gliomas using rapid, label-free optical imaging},
  author={Hollon, Todd and Jiang, Cheng and Chowdury, Asadur and Nasir-Moin, Mustafa and Kondepudi, Akhil and Aabedi, Alexander and Adapa, Arjun and Al-Holou, Wajd and Heth, Jason and Sagher, Oren},
  journal={Nature medicine},
  volume={29},
  number={4},
  pages={828--832},
  year={2023},
  publisher={Nature Publishing Group US New York}
}
@article{nasrallah2023machine,
  title={Machine learning for cryosection pathology predicts the 2021 WHO classification of glioma},
  author={Nasrallah, MacLean P and Zhao, Junhan and Tsai, Cheng Che and Meredith, David and Marostica, Eliana and Ligon, Keith L and Golden, Jeffrey A and Yu, Kun-Hsing},
  journal={Med},
  volume={4},
  number={8},
  pages={526--540},
  year={2023},
  publisher={Elsevier}
}
@article{wang2023neuropathologist,
  title={Neuropathologist-level integrated classification of adult-type diffuse gliomas using deep learning from whole-slide pathological images},
  author={Wang, Weiwei and Zhao, Yuanshen and Teng, Lianghong and Yan, Jing and Guo, Yang and Qiu, Yuning and Ji, Yuchen and Yu, Bin and Pei, Dongling and Duan, Wenchao and others},
  journal={Nature Communications},
  volume={14},
  number={1},
  pages={6359},
  year={2023},
  publisher={Nature Publishing Group UK London}
}
@article{lv2024insight,
  title={Insight into deep learning for glioma IDH medical image analysis: A systematic review},
  author={Lv, Qingqing and Liu, Yihao and Sun, Yingnan and Wu, Minghua},
  journal={Medicine},
  volume={103},
  number={7},
  pages={e37150},
  year={2024},
  publisher={LWW}
}

@article{jose2023artificial,
  title={Artificial Intelligence--Assisted Classification of Gliomas Using Whole Slide Images},
  author={Jose, Laya and Liu, Sidong and Russo, Carlo and Cong, Cong and Song, Yang and Rodriguez, Michael and Di Ieva, Antonio},
  journal={Archives of Pathology \& Laboratory Medicine},
  volume={147},
  number={8},
  pages={916--924},
  year={2023},
  publisher={the College of American Pathologists}
}


@article{molinaro2019genetic,
  title={Genetic and molecular epidemiology of adult diffuse glioma},
  author={Molinaro, Annette M and Taylor, Jennie W and Wiencke, John K and Wrensch, Margaret R},
  journal={Nature Reviews Neurology},
  volume={15},
  number={7},
  pages={405--417},
  year={2019},
  publisher={Nature Publishing Group UK London}
}

% disease prediction

@article{chen2017disease,
  title={Disease prediction by machine learning over big data from healthcare communities},
  author={Chen, Min and Hao, Yixue and Hwang, Kai and Wang, Lu and Wang, Lin},
  journal={IEEE Access},
  volume={5},
  pages={8869--8879},
  year={2017},
  publisher={IEEE}
}

@article{li2022multi,
  title={Multi-label video classification via coupling attentional multiple instance learning with label relation graph},
  author={Li, Xuewei and Wu, Hongjun and Li, Mengzhu and Liu, Hongzhe},
  journal={Pattern Recognition Letters},
  volume={156},
  pages={53--59},
  year={2022},
  publisher={Elsevier}
}
@article{bale20222021,
  title={The 2021 WHO classification of tumors of the central nervous system: an update on pediatric low-grade gliomas and glioneuronal tumors},
  author={Bale, Tejus A and Rosenblum, Marc K},
  journal={Brain Pathology},
  volume={32},
  number={4},
  pages={e13060},
  year={2022},
  publisher={Wiley Online Library}
}
@article{lu2021data,
  title={Data-efficient and weakly supervised computational pathology on whole-slide images},
  author={Lu, Ming Y and Williamson, Drew FK and Chen, Tiffany Y and Chen, Richard J and Barbieri, Matteo and Mahmood, Faisal},
  journal={Nature biomedical engineering},
  volume={5},
  number={6},
  pages={555--570},
  year={2021},
  publisher={Nature Publishing Group UK London}
}
@article{shao2021transmil,
  title={Transmil: Transformer based correlated multiple instance learning for whole slide image classification},
  author={Shao, Zhuchen and Bian, Hao and Chen, Yang and Wang, Yifeng and Zhang, Jian and Ji, Xiangyang and others},
  journal={Advances in neural information processing systems},
  volume={34},
  pages={2136--2147},
  year={2021}
}
@inproceedings{he2016deep,
  title={Deep residual learning for image recognition},
  author={He, Kaiming and Zhang, Xiangyu and Ren, Shaoqing and Sun, Jian},
  booktitle={Proceedings of the IEEE conference on computer vision and pattern recognition},
  pages={770--778},
  year={2016}
}
@inproceedings{huang2017densely,
  title={Densely connected convolutional networks},
  author={Huang, Gao and Liu, Zhuang and Van Der Maaten, Laurens and Weinberger, Kilian Q},
  booktitle={Proceedings of the IEEE conference on computer vision and pattern recognition},
  pages={4700--4708},
  year={2017}
}
@inproceedings{szegedy2016rethinking,
  title={Rethinking the inception architecture for computer vision},
  author={Szegedy, Christian and Vanhoucke, Vincent and Ioffe, Sergey and Shlens, Jon and Wojna, Zbigniew},
  booktitle={Proceedings of the IEEE conference on computer vision and pattern recognition},
  pages={2818--2826},
  year={2016}
}
@article{yang2021deep,
  title={Deep learning-based six-type classifier for lung cancer and mimics from histopathological whole slide images: a retrospective study},
  author={Yang, Huan and Chen, Lili and Cheng, Zhiqiang and Yang, Minglei and Wang, Jianbo and Lin, Chenghao and Wang, Yuefeng and Huang, Leilei and Chen, Yangshan and Peng, Sui and others},
  journal={BMC medicine},
  volume={19},
  pages={1--14},
  year={2021},
  publisher={Springer}
}
@article{campanella2019clinical,
  title={Clinical-grade computational pathology using weakly supervised deep learning on whole slide images},
  author={Campanella, Gabriele and Hanna, Matthew G and Geneslaw, Luke and Miraflor, Allen and Werneck Krauss Silva, Vitor and Busam, Klaus J and Brogi, Edi and Reuter, Victor E and Klimstra, David S and Fuchs, Thomas J},
  journal={Nature medicine},
  volume={25},
  number={8},
  pages={1301--1309},
  year={2019},
  publisher={Nature Publishing Group US New York}
}
@article{jin2021artificial,
  title={Artificial intelligence neuropathologist for glioma classification using deep learning on hematoxylin and eosin stained slide images and molecular markers},
  author={Jin, Lei and Shi, Feng and Chun, Qiuping and Chen, Hong and Ma, Yixin and Wu, Shuai and Hameed, NU Farrukh and Mei, Chunming and Lu, Junfeng and Zhang, Jun and others},
  journal={Neuro-oncology},
  volume={23},
  number={1},
  pages={44--52},
  year={2021},
  publisher={Oxford University Press US}
}
@article{berger2022world,
  title={World Health Organization 2021 classification of central nervous system tumors and implications for therapy for adult-type gliomas: a review},
  author={Berger, Tamar R and Wen, Patrick Y and Lang-Orsini, Melanie and Chukwueke, Ugonma N},
  journal={JAMA oncology},
  year={2022}
}
@article{wwwcancer,
author={{https://www.cancer.net/cancer-types/brain-tumor/statistics}},
}
@article{tcga,
title={{https://portal.gdc.cancer.gov/}},
  author={tcga},
}
@article{tomczak2015review,
  title={Review The Cancer Genome Atlas (TCGA): an immeasurable source of knowledge},
  author={Tomczak, Katarzyna and Czerwi{\'n}ska, Patrycja and Wiznerowicz, Maciej},
  journal={Contemporary Oncology/Wsp{\'o}{\l}czesna Onkologia},
  volume={2015},
  number={1},
  pages={68--77},
  year={2015},
  publisher={Termedia}
}
@article{liang2019clinical,
  title={Clinical practice guidelines for the diagnosis and treatment of adult diffuse glioma-related epilepsy},
  author={Liang, Shuli and Fan, Xing and Zhao, Ming and Shan, Xia and Li, Wenling and Ding, Ping and You, Gan and Hong, Zhen and Yang, Xuejun and Luan, Guoming and others},
  journal={Cancer medicine},
  volume={8},
  number={10},
  pages={4527--4535},
  year={2019},
  publisher={Wiley Online Library}
}

@article{louis20212021,
  title={The 2021 WHO classification of tumors of the central nervous system: a summary},
  author={Louis, David N et al.},
  journal={Neuro-oncology},
  volume={23},
  number={8},
  pages={1231--1251},
  year={2021},
  publisher={Oxford Academic}
}
@article{volante2021molecular,
  title={Molecular pathology of poorly differentiated and anaplastic thyroid cancer: what do pathologists need to know?},
  author={Volante, Marco and Lam, Alfred K and Papotti, Mauro and Tallini, Giovanni},
  journal={Endocrine pathology},
  volume={32},
  pages={63--76},
  year={2021},
  publisher={Springer}
}
@article{trpkov2021new,
  title={New developments in existing WHO entities and evolving molecular concepts: The Genitourinary Pathology Society (GUPS) update on renal neoplasia},
  author={Trpkov, Kiril and Hes, Ondrej et al.},
  journal={Modern Pathology},
  volume={34},
  number={7},
  pages={1392--1424},
  year={2021},
  publisher={Elsevier}
}
@article{imboden2021implementation,
  title={Implementation of the 2021 molecular ESGO/ESTRO/ESP risk groups in endometrial cancer},
  author={Imboden, Sara and Nastic, Denis and Ghaderi, Mehran and Rydberg, Filippa and Siegenthaler, Franziska and Mueller, Michael D and Rau, Tilman T and Epstein, Elisabeth and Carlson, Joseph W},
  journal={Gynecologic oncology},
  volume={162},
  number={2},
  pages={394--400},
  year={2021},
  publisher={Elsevier}
}
@article{zhang2022mutual,
  title={Mutual Contrastive Low-rank Learning to Disentangle Whole Slide Image Representations for Glioma Grading},
  author={Zhang, Lipei and Wei, Yiran and Fu, Ying and Price, et al.},
  year={2022}
}

@article{yip2012concurrent,
  title={Concurrent CIC mutations, IDH mutations, and 1p/19q loss distinguish oligodendrogliomas from other cancers},
  author={Yip, Stephen and Butterfield, Yaron S and Morozova, Olena and Chittaranjan, Suganthi and Blough, Michael D and An, Jianghong and Birol, Inanc and Chesnelong, Charles and Chiu, Readman and Chuah, Eric and others},
  journal={The Journal of pathology},
  volume={226},
  number={1},
  pages={7--16},
  year={2012},
  publisher={Wiley Online Library}
}

@article{zhang2023impact,
  title={Impact of IDH Mutations, the 1p/19q Co-Deletion and the G-CIMP Status on Alternative Splicing in Diffuse Gliomas},
  author={Zhang, Lu and Fritah, Sabrina and Nazarov, Petr V and Kaoma, Tony and Van Dyck, Eric},
  journal={International Journal of Molecular Sciences},
  volume={24},
  number={12},
  pages={9825},
  year={2023},
  publisher={MDPI}
}

@article{park2018whole,
  title={Whole-tumor histogram and texture analyses of DTI for evaluation of IDH1-mutation and 1p/19q-codeletion status in World Health Organization grade II gliomas},
  author={Park, YW and Han, K and Ahn, SS and Choi, YS and Chang, JH and Kim, SH and Kang, S-G and Kim, EH and Lee, S-K},
  journal={American Journal of Neuroradiology},
  volume={39},
  number={4},
  pages={693--698},
  year={2018},
  publisher={Am Soc Neuroradiology}
}
@article{jiang2021predicting,
  title={Predicting prognosis and IDH mutation status for patients with lower-grade gliomas using whole slide images},
  author={Jiang, Shuai and Zanazzi, George J and Hassanpour, Saeed},
  journal={Scientific reports},
  volume={11},
  number={1},
  pages={16849},
  year={2021},
  publisher={Nature Publishing Group UK London}
}
@inproceedings{xing2022discrepancy,
  title={Discrepancy and Gradient-Guided Multi-modal Knowledge Distillation for Pathological Glioma Grading},
  author={Xing, Xiaohan and Chen, Zhen and Zhu, Meilu and Hou, Yuenan and Gao, Zhifan and Yuan, Yixuan},
  booktitle={MICCAI 2022},
  pages={636--646},
  year={2022},
  organization={Springer}
}
@article{chen2020pathomic,
  title={Pathomic fusion: an integrated framework for fusing histopathology and genomic features for cancer diagnosis and prognosis},
  author={Chen, Richard J and Lu, Ming Y and Wang, Jingwen and Williamson, Drew FK and Rodig, Scott J and Lindeman, Neal I and Mahmood, Faisal},
  journal={IEEE Transactions on Medical Imaging},
  volume={41},
  number={4},
  pages={757--770},
  year={2020},
  publisher={IEEE}
}
@inproceedings{yazici2020orderless,
  title={Orderless recurrent models for multi-label classification},
  author={Yazici, Vacit Oguz and Gonzalez-Garcia, et al.},
  booktitle={Proceedings of the IEEE/CVF Conference on Computer Vision and Pattern Recognition},
  pages={13440--13449},
  year={2020}
}
@article{zhang2023triplet,
  title={Triplet attention and dual-pool contrastive learning for clinic-driven multi-label medical image classification},
  author={Zhang, Yuhan and Luo, Luyang and Dou, Qi and Heng, Pheng-Ann},
  journal={Medical Image Analysis},
  pages={102772},
  year={2023},
  publisher={Elsevier}
}
@article{simonyan2014very,
  title={Very deep convolutional networks for large-scale image recognition},
  author={Simonyan, Karen and Zisserman, Andrew},
  journal={arXiv preprint arXiv:1409.1556},
  year={2014}
}
@article{dosovitskiy2020image,
  title={An image is worth 16x16 words: Transformers for image recognition at scale},
  author={Dosovitskiy, Alexey et al.},
  journal={arXiv preprint arXiv:2010.11929},
  year={2020}
}

@article{kingma2014adam,
  title={Adam: A method for stochastic optimization},
  author={Kingma, Diederik P and Ba, Jimmy},
  journal={arXiv preprint arXiv:1412.6980},
  year={2014}
}
@article{weller2021eano,
  title={EANO guidelines on the diagnosis and treatment of diffuse gliomas of adulthood},
  author={Weller, Michael and van den Bent, Martin and Preusser, Matthias and Le Rhun, Emilie and Tonn, J{\"o}rg C and Minniti, Giuseppe and Bendszus, Martin and Balana, Carmen and Chinot, Olivier and Dirven, Linda and others},
  journal={Nature reviews Clinical oncology},
  volume={18},
  number={3},
  pages={170--186},
  year={2021},
  publisher={Nature Publishing Group}
}
@article{santisukwongchote2021simplified,
  title={Simplified approach for pathological diagnosis of diffuse gliomas in adult patients},
  author={Santisukwongchote, Sakun and Teerapakpinyo, Chinnachote and Chankate, Piyamai and Techavichit, Piti and Boongird, Atthaporn and Sathornsumetee, Sith and Thammachantha, Samasuk and Cheunsuchon, Pornsuk and Tanboon, Jantima and Thorner, Paul Scott and others},
  journal={Pathology-Research and Practice},
  volume={223},
  pages={153483},
  year={2021},
  publisher={Elsevier}
}

@article{bin2022h3k27m,
  title={H3K27M-Altered diffuse midline gliomas among adult patients: a systematic review of clinical features and survival analysis},
  author={Bin-Alamer, Othman and Jimenez, Adrian E and Azad, Tej D and Bettegowda, Chetan and Mukherjee, Debraj},
  journal={World neurosurgery},
  volume={165},
  pages={e251--e264},
  year={2022},
  publisher={Elsevier}
}

@article{cruz2017accurate,
  title={Accurate and reproducible invasive breast cancer detection in whole-slide images: A Deep Learning approach for quantifying tumor extent},
  author={Cruz-Roa, Angel and Gilmore, Hannah and Basavanhally, Ajay and Feldman, Michael and Ganesan, Shridar and Shih, Natalie NC and Tomaszewski, John and Gonz{\'a}lez, Fabio A and Madabhushi, Anant},
  journal={Scientific reports},
  volume={7},
  number={1},
  pages={46450},
  year={2017},
  publisher={Nature Publishing Group UK London}
}
@article{cheng2022deep,
  title={Deep learning-based classification of hepatocellular nodular lesions on whole-slide histopathologic images},
  author={Cheng, Na and Ren, Yong and Zhou, Jing and Zhang, Yiwang and Wang, Deyu and Zhang, Xiaofang and Chen, Bing and Liu, Fang and Lv, Jin and Cao, Qinghua and others},
  journal={Gastroenterology},
  volume={162},
  number={7},
  pages={1948--1961},
  year={2022},
  publisher={Elsevier}
}

@article{chen2022pan,
  title={Pan-cancer integrative histology-genomic analysis via multimodal deep learning},
  author={Chen, Richard J and Lu, Ming Y and Williamson, Drew FK and Chen, Tiffany Y and Lipkova, Jana and Noor, Zahra and Shaban, Muhammad and Shady, Maha and Williams, Mane and Joo, Bumjin and others},
  journal={Cancer Cell},
  volume={40},
  number={8},
  pages={865--878},
  year={2022},
  publisher={Elsevier}
}

@article{klambauer2017self,
  title={Self-normalizing neural networks},
  author={Klambauer, G{\"u}nter and Unterthiner, Thomas and Mayr, Andreas and Hochreiter, Sepp},
  journal={Advances in neural information processing systems},
  volume={30},
  year={2017}
}
@inproceedings{ding2023pathology,
  title={Pathology-and-genomics multimodal transformer for survival outcome prediction},
  author={Ding, Kexin and Zhou, Mu and Metaxas, Dimitris N and Zhang, Shaoting},
  booktitle={International Conference on Medical Image Computing and Computer-Assisted Intervention},
  pages={622--631},
  year={2023},
  organization={Springer}
}
@inproceedings{wang2024cross,
  title={Cross-Modal Diffusion Modelling for Super-Resolved Spatial Transcriptomics},
  author={Wang, Xiaofei and Huang, Xingxu and Price, Stephen and Li, Chao},
  booktitle={International Conference on Medical Image Computing and Computer-Assisted Intervention},
  pages={98--108},
  year={2024},
  organization={Springer}
}

@inproceedings{mao2023disc,
  title={Disc-diff: Disentangled conditional diffusion model for multi-contrast mri super-resolution},
  author={Mao, Ye and Jiang, Lan and Chen, Xi and Li, Chao},
  booktitle={International Conference on Medical Image Computing and Computer-Assisted Intervention},
  pages={387--397},
  year={2023},
  organization={Springer}
}

@inproceedings{jiang2023cola,
  title={Cola-diff: Conditional latent diffusion model for multi-modal mri synthesis},
  author={Jiang, Lan and Mao, Ye and Wang, Xiangfeng and Chen, Xi and Li, Chao},
  booktitle={International Conference on Medical Image Computing and Computer-Assisted Intervention},
  pages={398--408},
  year={2023},
  organization={Springer}
}

@inproceedings{li2021brainnetgan,
  title={BrainNetGAN: Data augmentation of brain connectivity using generative adversarial network for dementia classification},
  author={Li, Chao and Wei, Yiran and Chen, Xi and Sch{\"o}nlieb, Carola-Bibiane},
  booktitle={Deep Generative Models, and Data Augmentation, Labelling, and Imperfections: First Workshop, DGM4MICCAI 2021, and First Workshop, DALI 2021, Held in Conjunction with MICCAI 2021, Strasbourg, France, October 1, 2021, Proceedings 1},
  pages={103--111},
  year={2021},
  organization={Springer}
}

@inproceedings{zhang2024phy,
  title={Phy-Diff: Physics-Guided Hourglass Diffusion Model for Diffusion MRI Synthesis},
  author={Zhang, Juanhua and Yan, Ruodan and Perelli, Alessandro and Chen, Xi and Li, Chao},
  booktitle={International Conference on Medical Image Computing and Computer-Assisted Intervention},
  pages={345--355},
  year={2024},
  organization={Springer}
}

@article{sharmin2021histoscope,
  title={Histoscope: a web-based microscopy tool for oral histology education},
  author={Sharmin, Nazlee and Chow, Ava K and Dong, Alice S and Milos, Nadine C},
  journal={Healthcare Informatics Research},
  volume={27},
  number={2},
  pages={146--152},
  year={2021},
  publisher={Korean Society of Medical Informatics}
}
@article{schmitz2021multi,
  title={Multi-scale fully convolutional neural networks for histopathology image segmentation: from nuclear aberrations to the global tissue architecture},
  author={Schmitz, R{\"u}diger and Madesta, Frederic and Nielsen, Maximilian and Krause, Jenny and Steurer, Stefan and Werner, Ren{\'e} and R{\"o}sch, Thomas},
  journal={Medical image analysis},
  volume={70},
  pages={101996},
  year={2021},
  publisher={Elsevier}
}
@inproceedings{wang2023multi,
  title={Multi-task learning of histology and molecular markers for classifying diffuse glioma},
  author={Wang, Xiaofei and Price, Stephen and Li, Chao},
  booktitle={International Conference on Medical Image Computing and Computer-Assisted Intervention},
  pages={551--561},
  year={2023},
  organization={Springer}
}
@article{ashman2022camera,
  title={A camera-assisted pathology microscope to capture the lost data in clinical glass slide diagnosis},
  author={Ashman, Kimberly and Cooper, Max S and Zhuge, Huimin and Fox, Sharon E and Epstein, Jonathan I and Wenk, Carola and Summa, Brian and Brown, J Quincy},
  journal={bioRxiv},
  pages={2022--08},
  year={2022},
  publisher={Cold Spring Harbor Laboratory}
}
@article{liu2021emerging,
  title={The emerging trends of multi-label learning},
  author={Liu, Weiwei and Wang, Haobo and Shen, Xiaobo and Tsang, Ivor W},
  journal={IEEE transactions on pattern analysis and machine intelligence},
  volume={44},
  number={11},
  pages={7955--7974},
  year={2021},
  publisher={IEEE}
}
@inproceedings{ilse2018attention,
  title={Attention-based deep multiple instance learning},
  author={Ilse, Maximilian and Tomczak, Jakub and Welling, Max},
  booktitle={International conference on machine learning},
  pages={2127--2136},
  year={2018},
  organization={PMLR}
}
@inproceedings{zhang2022dtfd,
  title={Dtfd-mil: Double-tier feature distillation multiple instance learning for histopathology whole slide image classification},
  author={Zhang, Hongrun and Meng, Yanda and Zhao, Yitian and Qiao, Yihong and Yang, Xiaoyun and Coupland, Sarah E and Zheng, Yalin},
  booktitle={Proceedings of the IEEE/CVF conference on computer vision and pattern recognition},
  pages={18802--18812},
  year={2022}
}
@inproceedings{nguyen2023combining,
  title={Combining datasets to improve model fitting},
  author={Nguyen, Thu and Khadka, Rabindra and Phan, Nhan and Yazidi, Anis and Halvorsen, P{\aa}l and Riegler, Michael A},
  booktitle={2023 International Joint Conference on Neural Networks (IJCNN)},
  pages={1--9},
  year={2023},
  organization={IEEE}
}


@article{wang2021proteogenomic,
  title={Proteogenomic and metabolomic characterization of human glioblastoma},
  author={Wang, Liang-Bo and Karpova, Alla and Gritsenko, Marina A and Kyle, Jennifer E and Cao, Song and Li, Yize and Rykunov, Dmitry and Colaprico, Antonio and Rothstein, Joseph H and Hong, Runyu and others},
  journal={Cancer cell},
  volume={39},
  number={4},
  pages={509--528},
  year={2021},
  publisher={Elsevier}
}
@article{verdugo2022update,
  title={An update on the molecular biology of glioblastoma, with clinical implications and progress in its treatment},
  author={Verdugo, Elena and Puerto, Iker and Medina, Miguel {\'A}ngel},
  journal={Cancer Communications},
  volume={42},
  number={11},
  pages={1083--1111},
  year={2022},
  publisher={Wiley Online Library}
}

@article{puchalski2018anatomic,
  title={An anatomic transcriptional atlas of human glioblastoma},
  author={Puchalski, Ralph B and Shah, Nameeta and Miller, Jeremy and Dalley, Rachel and Nomura, Steve R and Yoon, Jae-Guen and Smith, Kimberly A and Lankerovich, Michael and Bertagnolli, Darren and Bickley, Kris and others},
  journal={Science},
  volume={360},
  number={6389},
  pages={660--663},
  year={2018},
  publisher={American Association for the Advancement of Science}
}
@inproceedings{he2016deep,
  title={Deep residual learning for image recognition},
  author={He, Kaiming and Zhang, Xiangyu and Ren, Shaoqing and Sun, Jian},
  booktitle={Proceedings of the IEEE conference on computer vision and pattern recognition},
  pages={770--778},
  year={2016}
}
@inproceedings{abMIL,
  title={Attention-based deep multiple instance learning},
  author={Ilse, Maximilian and Tomczak, Jakub and Welling, Max},
  booktitle={International conference on machine learning},
  pages={2127--2136},
  year={2018},
  organization={PMLR}
}
@article{transmil,
  title={Transmil: Transformer based correlated multiple instance learning for whole slide image classification},
  author={Shao, Zhuchen and Bian, Hao and Chen, Yang and Wang, Yifeng and Zhang, Jian and Ji, Xiangyang and Zhang, Yongbing},
  journal={Advances in neural information processing systems},
  volume={34},
  pages={2136--2147},
  year={2021}
}

@article{CLAM,
  title={Data-efficient and weakly supervised computational pathology on whole-slide images},
  author={Lu, Ming Y and Williamson, Drew FK and Chen, Tiffany Y and Chen, Richard J and Barbieri, Matteo and Mahmood, Faisal},
  journal={Nature Biomedical Engineering},
  volume={5},
  number={6},
  pages={555--570},
  year={2021},
  publisher={Nature Publishing Group}
}
@article{Deephlioma,
  title={Artificial-intelligence-based molecular classification of diffuse gliomas using rapid, label-free optical imaging},
  author={Hollon, Todd and Jiang, Cheng and Chowdury, Asadur and Nasir-Moin, Mustafa and Kondepudi, Akhil and Aabedi, Alexander and Adapa, Arjun and Al-Holou, Wajd and Heth, Jason and Sagher, Oren and others},
  journal={Nature medicine},
  volume={29},
  number={4},
  pages={828--832},
  year={2023},
  publisher={Nature Publishing Group US New York}
}
@article{charm,
  title={Machine learning for cryosection pathology predicts the 2021 WHO classification of glioma},
  author={Nasrallah, MacLean P and Zhao, Junhan and Tsai, Cheng Che and Meredith, David and Marostica, Eliana and Ligon, Keith L and Golden, Jeffrey A and Yu, Kun-Hsing},
  journal={Med},
  volume={4},
  number={8},
  pages={526--540},
  year={2023},
  publisher={Elsevier}
}
@inproceedings{deepMO-Glioma,
  title={Multi-task learning of histology and molecular markers for classifying diffuse glioma},
  author={Wang, Xiaofei and Price, Stephen and Li, Chao},
  booktitle={International Conference on Medical Image Computing and Computer-Assisted Intervention},
  pages={551--561},
  year={2023},
  organization={Springer}
}
@inproceedings{resnet,
  title={Deep residual learning for image recognition},
  author={He, Kaiming and Zhang, Xiangyu and Ren, Shaoqing and Sun, Jian},
  booktitle={Proceedings of the IEEE conference on computer vision and pattern recognition},
  pages={770--778},
  year={2016}
}
@article{alexnet,
  title={Imagenet classification with deep convolutional neural networks},
  author={Krizhevsky, Alex and Sutskever, Ilya and Hinton, Geoffrey E},
  journal={Advances in neural information processing systems},
  volume={25},
  year={2012}
}
@inproceedings{Inception,
  title={Going deeper with convolutions},
  author={Szegedy, Christian and Liu, Wei and Jia, Yangqing and Sermanet, Pierre and Reed, Scott and Anguelov, Dragomir and Erhan, Dumitru and Vanhoucke, Vincent and Rabinovich, Andrew},
  booktitle={Proceedings of the IEEE conference on computer vision and pattern recognition},
  pages={1--9},
  year={2015}
}
@inproceedings{mnasnet,
  title={Mnasnet: Platform-aware neural architecture search for mobile},
  author={Tan, Mingxing and Chen, Bo and Pang, Ruoming and Vasudevan, Vijay and Sandler, Mark and Howard, Andrew and Le, Quoc V},
  booktitle={Proceedings of the IEEE/CVF conference on computer vision and pattern recognition},
  pages={2820--2828},
  year={2019}
}
@inproceedings{densenet,
  title={Densely connected convolutional networks},
  author={Huang, Gao and Liu, Zhuang and Van Der Maaten, Laurens and Weinberger, Kilian Q},
  booktitle={Proceedings of the IEEE conference on computer vision and pattern recognition},
  pages={4700--4708},
  year={2017}
}
@INPROCEEDINGS{MCAT,
  author={Chen, Richard J. and Lu, Ming Y. and Weng, Wei-Hung and Chen, Tiffany Y. and Williamson, Drew FK. and Manz, Trevor and Shady, Maha and Mahmood, Faisal},
  booktitle={2021 IEEE/CVF International Conference on Computer Vision (ICCV)}, 
  title={Multimodal Co-Attention Transformer for Survival Prediction in Gigapixel Whole Slide Images}, 
  year={2021},
  volume={},
  number={},
  pages={3995-4005},
  keywords={Representation learning;Visualization;Histopathology;Genomics;Predictive models;Transformers;Biological information theory;Medical;biological;and cell microscopy;Datasets and evaluation;Vision + other modalities},
  doi={10.1109/ICCV48922.2021.00398}}
@inproceedings{CMAT,
  title={Cross-modal translation and alignment for survival analysis},
  author={Zhou, Fengtao and Chen, Hao},
  booktitle={Proceedings of the IEEE/CVF International Conference on Computer Vision},
  pages={21485--21494},
  year={2023}
}
@article{alzial2022wild,
  title={Wild-type isocitrate dehydrogenase under the spotlight in glioblastoma},
  author={Alzial, Gabriel and Renoult, Ophelie and Paris, Fran{\c{c}}ois and Gratas, Catherine and Clavreul, Anne and Pecqueur, Claire},
  journal={Oncogene},
  volume={41},
  number={5},
  pages={613--621},
  year={2022},
  publisher={Nature Publishing Group UK London}
}
@article{grandini2020metrics,
  title={Metrics for multi-class classification: an overview},
  author={Grandini, Margherita and Bagli, Enrico and Visani, Giorgio},
  journal={arXiv preprint arXiv:2008.05756},
  year={2020}
}
@article{wei2023multi,
  title={Multi-modal learning for predicting the genotype of glioma},
  author={Wei, Yiran and Chen, Xi and Zhu, Lei and Zhang, Lipei and Sch{\"o}nlieb, Carola-Bibiane and Price, Stephen and Li, Chao},
  journal={IEEE Transactions on Medical Imaging},
  volume={42},
  number={11},
  pages={3167--3178},
  year={2023},
  publisher={IEEE}
}
@article{wang2024mgiml,
  title={MGIML: Cancer Grading with Incomplete Radiology-Pathology Data via Memory Learning and Gradient Homogenization},
  author={Wang, Pengyu and Zhang, Huaqi and Zhu, Meilu and Jiang, Xi and Qin, Jing and Yuan, Yixuan},
  journal={IEEE Transactions on Medical Imaging},
  year={2024},
  publisher={IEEE}
}
@article{khalighi2024artificial,
  title={Artificial intelligence in neuro-oncology: advances and challenges in brain tumor diagnosis, prognosis, and precision treatment},
  author={Khalighi, Sirvan and Reddy, Kartik and Midya, Abhishek and Pandav, Krunal Balvantbhai and Madabhushi, Anant and Abedalthagafi, Malak},
  journal={NPJ Precision Oncology},
  volume={8},
  number={1},
  pages={80},
  year={2024},
  publisher={Nature Publishing Group UK London}
}
@article{eberhart2020spatial,
  title={Spatial enrichment of cellular states in glioblastoma},
  author={Eberhart, Charles G and Bar, Eli E},
  journal={Acta neuropathologica},
  volume={140},
  number={1},
  pages={85--87},
  year={2020},
  publisher={Springer}
}






































