@inproceedings{Ske2Grid,
author = {Cai, Dongqi and Kang, Yangyuxuan and Yao, Anbang and Chen, Yurong},
title = {Ske2Grid: skeleton-to-grid representation learning for action recognition},
year = {2023},
publisher = {JMLR.org},
booktitle = {Proceedings of the 40th International Conference on Machine Learning},
articleno = {139},
numpages = {11},
location = {Honolulu, Hawaii, USA},
series = {ICML'23}
}


@InProceedings{LQF,
  title = 	 {Learning Quantile Functions without Quantile Crossing for Distribution-free Time Series Forecasting },
  author =       {Park, Youngsuk and Maddix, Danielle and Aubet, Fran\c{c}ois-Xavier and Kan, Kelvin and Gasthaus, Jan and Wang, Yuyang},
  booktitle = 	 {Proceedings of The 25th International Conference on Artificial Intelligence and Statistics},
  pages = 	 {8127--8150},
  year = 	 {2022},
  editor = 	 {Camps-Valls, Gustau and Ruiz, Francisco J. R. and Valera, Isabel},
  volume = 	 {151},
  series = 	 {Proceedings of Machine Learning Research},
  month = 	 {28--30 Mar},
  publisher =    {PMLR},
}

@inproceedings{ReLuunstable,
  title={Rectifier Nonlinearities Improve Neural Network Acoustic Models},
  author={Andrew L. Maas},
  booktitle = 	 {Proceedings of the 30th International Conference on Machine Learning},
  year={2013},
}

@article{sigmoidvanish,
  title={A new approach for the vanishing gradient problem on sigmoid activation},
  author={Roodschild, Mat{\'\i}as and Gotay Sardi{\~n}as, Jorge and Will, Adri{\'a}n},
  journal={Progress in Artificial Intelligence},
  volume={9},
  number={4},
  pages={351--360},
  year={2020},
  publisher={Springer}
}


@article{Paradox,
title = {The “German Paradox” in the balancing power markets},
journal = {Renewable and Sustainable Energy Reviews},
volume = {67},
pages = {892-898},
year = {2017},
issn = {1364-0321},
doi = {https://doi.org/10.1016/j.rser.2016.09.040},
author = {Fabian Ocker and Karl-Martin Ehrhart},
keywords = {Balancing power, Bidding strategy, Collusive behavior, Market design, Power reserve},
}




@article{koch2019short,
  title={Short-term electricity trading for system balancing: An empirical analysis of the role of intraday trading in balancing Germany's electricity system},
  author={Koch, Christopher and Hirth, Lion},
  journal={Renewable and Sustainable Energy Reviews},
  volume={113},
  pages={109275},
  year={2019},
  publisher={Elsevier}
}


@article{Probab,
  title={Probabilistic price forecasting for day-ahead and intraday markets: Beyond the statistical model},
  author={Andrade, Jos{\'e} R and Filipe, Jorge and Reis, Marisa and Bessa, Ricardo J},
  journal={Sustainability},
  volume={9},
  number={11},
  pages={1990},
  year={2017},
  publisher={MDPI}
}


@article{Forecasting,
  title={Forecasting the price distribution of continuous intraday electricity trading},
  author={Janke, Tim and Steinke, Florian},
  journal={Energies},
  volume={12},
  number={22},
  pages={4262},
  year={2019},
  publisher={MDPI}
}



@article{Ensemble,
  title={Ensemble forecasting for intraday electricity prices: Simulating trajectories},
  author={Narajewski, Micha{\l} and Ziel, Florian},
  journal={Applied Energy},
  volume={279},
  pages={115801},
  year={2020},
  publisher={Elsevier}
}

@article{Econometric,
  title={Econometric modelling and forecasting of intraday electricity prices},
  author={Narajewski, Micha{\l} and Ziel, Florian},
  journal={Journal of Commodity Markets},
  volume={19},
  pages={100107},
  year={2020},
  publisher={Elsevier}
}

@article{23Multivariate,
  title={Multivariate probabilistic forecasting of intraday electricity prices using normalizing flows},
  author={Cramer, Eike and Witthaut, Dirk and Mitsos, Alexander and Dahmen, Manuel},
  journal={Applied Energy},
  volume={346},
  pages={121370},
  year={2023},
  publisher={Elsevier}
}



@article{Trading,
  title={Trading on short-term path forecasts of intraday electricity prices},
  author={Serafin, Tomasz and Marcjasz, Grzegorz and Weron, Rafa{\l}},
  journal={Energy Economics},
  volume={112},
  pages={106125},
  year={2022},
  publisher={Elsevier}
}


@article{24Multivariate,
  title={Multivariate simulation-based forecasting for intraday power markets: Modeling cross-product price effects},
  author={Hirsch, Simon and Ziel, Florian},
  journal={Applied Stochastic Models in Business and Industry},
  year={2024},
  publisher={Wiley Online Library}
}



@article{Simulation,
  title={Simulation-based forecasting for intraday power markets: Modelling fundamental drivers for location, shape and scale of the price distribution},
  author={Hirsch, Simon and Ziel, Florian},
  journal={The Energy Journal},
  volume={45},
  number={3},
  pages={107--144},
  year={2024},
  publisher={SAGE Publications Sage CA: Los Angeles, CA}
}


@article{Understanding,
title = {Understanding intraday electricity markets: Variable selection and very short-term price forecasting using LASSO},
journal = {International Journal of Forecasting},
volume = {35},
number = {4},
pages = {1533-1547},
year = {2019},
issn = {0169-2070},
doi = {https://doi.org/10.1016/j.ijforecast.2019.02.001},
author = {Bartosz Uniejewski and Grzegorz Marcjasz and Rafał Weron},
keywords = {Intraday electricity market, Variable selection, Price forecasting, LASSO, ARX model, Diebold-Mariano test, Trading strategy},
}


@article{Short,
  title={Short-term price forecasting models based on artificial neural networks for intraday sessions in the Iberian electricity market},
  author={Monteiro, Claudio and Ramirez-Rosado, Ignacio J and Fernandez-Jimenez, L Alfredo and Conde, Pedro},
  journal={Energies},
  volume={9},
  number={9},
  pages={721},
  year={2016},
  publisher={MDPI}
}

@inproceedings{Towards,
  title={Towards the prediction of electricity prices at the intraday market using shallow and deep-learning methods},
  author={Scholz, Christoph and Lehna, Malte and Brauns, Katharina and Baier, Andr{\'e}},
  booktitle={Mining Data for Financial Applications: 5th ECML PKDD Workshop, MIDAS 2020, Ghent, Belgium, September 18, 2020, Revised Selected Papers 5},
  pages={101--118},
  year={2021},
  organization={Springer}
}


@Article{beating,
AUTHOR = {Marcjasz, Grzegorz and Uniejewski, Bartosz and Weron, Rafał},
TITLE = {Beating the Naïve—Combining LASSO with Naïve Intraday Electricity Price Forecasts},
JOURNAL = {Energies},
VOLUME = {13},
YEAR = {2020},
NUMBER = {7},
ARTICLE-NUMBER = {1667},
ISSN = {1996-1073},
DOI = {10.3390/en13071667}
}



@article{Neural,
  title={Neural network based model comparison for intraday electricity price forecasting},
  author={Oksuz, Ilkay and Ugurlu, Umut},
  journal={Energies},
  volume={12},
  number={23},
  pages={4557},
  year={2019},
  publisher={MDPI}
}

@article{Intraday,
  title={Intraday Electricity Price Forecasting via LSTM and Trading Strategy for the Power Market: A Case Study of the West Denmark DK1 Grid Region},
  author={K{\i}l{\i}{\c{c}}, Deniz Kenan and Nielsen, Peter and Thibbotuwawa, Amila},
  journal={Energies},
  volume={17},
  number={12},
  pages={2909},
  year={2024},
  publisher={MDPI}
}




^ intro 2nd paragraph
@article{quantilecrossing,
author = {Chernozhukov, Victor and Fernández-Val, Iván and Galichon, Alfred},
title = {Quantile and Probability Curves Without Crossing},
journal = {Econometrica},
volume = {78},
number = {3},
pages = {1093-1125},
keywords = {Conditional quantiles, structural quantiles, monotonicity problem, rearrangement, isotonic regression, functional delta method},
doi = {https://doi.org/10.3982/ECTA7880},
url = {https://onlinelibrary.wiley.com/doi/abs/10.3982/ECTA7880},
eprint = {https://onlinelibrary.wiley.com/doi/pdf/10.3982/ECTA7880},
year = {2010}
}




@article{sortquantilecrossing1,
title = {A hybrid model for GEFCom2014 probabilistic electricity price forecasting},
journal = {International Journal of Forecasting},
volume = {32},
number = {3},
pages = {1051-1056},
year = {2016},
issn = {0169-2070},
doi = {https://doi.org/10.1016/j.ijforecast.2015.11.008},
author = {Katarzyna Maciejowska and Jakub Nowotarski},
keywords = {Probabilistic forecasting, Hybrid model, Quantile regression, Electricity spot price, Forecasts combination, Pinball function},
}

@Article{sortquantilecrossing2,
AUTHOR = {Serafin, Tomasz and Uniejewski, Bartosz and Weron, Rafał},
TITLE = {Averaging Predictive Distributions Across Calibration Windows for Day-Ahead Electricity Price Forecasting},
JOURNAL = {Energies},
VOLUME = {12},
YEAR = {2019},
NUMBER = {13},
ARTICLE-NUMBER = {2561},
ISSN = {1996-1073},
DOI = {10.3390/en12132561}
}



% interval length

@article{intervallen1,
  title={Construction of optimal prediction intervals for load forecasting problems},
  author={Khosravi, Abbas and Nahavandi, Saeid and Creighton, Doug},
  journal={IEEE Transactions on Power Systems},
  volume={25},
  number={3},
  pages={1496--1503},
  year={2010},
  publisher={IEEE}
}


@article{intervallen2,
  title={Comprehensive review of neural network-based prediction intervals and new advances},
  author={Khosravi, Abbas and Nahavandi, Saeid and Creighton, Doug and Atiya, Amir F},
  journal={IEEE Transactions on neural networks},
  volume={22},
  number={9},
  pages={1341--1356},
  year={2011},
  publisher={IEEE}
}





@inproceedings{szegedy2015going,
  title={Going deeper with convolutions},
  author={Szegedy, Christian and Liu, Wei and Jia, Yangqing and Sermanet, Pierre and Reed, Scott and Anguelov, Dragomir and Erhan, Dumitru and Vanhoucke, Vincent and Rabinovich, Andrew},
  booktitle={Proceedings of the IEEE conference on computer vision and pattern recognition},
  pages={1--9},
  year={2015}
}
















% intro, 3rd para

@inproceedings{Pillar,
  title={Pointpillars: Fast encoders for object detection from point clouds},
  author={Lang, Alex H and Vora, Sourabh and Caesar, Holger and Zhou, Lubing and Yang, Jiong and Beijbom, Oscar},
  booktitle={Proceedings of the IEEE/CVF conference on computer vision and pattern recognition},
  pages={12697--12705},
  year={2019}
}


@inproceedings{TS2Image,
  title={Classification of time-series images using deep convolutional neural networks},
  author={Hatami, Nima and Gavet, Yann and Debayle, Johan},
  booktitle={Tenth international conference on machine vision (ICMV 2017)},
  volume={10696},
  pages={242--249},
  year={2018},
  organization={SPIE}
}

@article{CrossDim,
  title={Dicenet: Dimension-wise convolutions for efficient networks},
  author={Mehta, Sachin and Hajishirzi, Hannaneh and Rastegari, Mohammad},
  journal={IEEE Transactions on Pattern Analysis and Machine Intelligence},
  volume={44},
  number={5},
  pages={2416--2425},
  year={2020},
  publisher={IEEE}
}

@article{MultiQ,
  title={Beyond expectation: Deep joint mean and quantile regression for spatiotemporal problems},
  author={Rodrigues, Filipe and Pereira, Francisco C},
  journal={IEEE transactions on neural networks and learning systems},
  volume={31},
  number={12},
  pages={5377--5389},
  year={2020},
  publisher={IEEE}
}

@inproceedings{GQFormer,
  title={Gqformer: A multi-quantile generative transformer for time series forecasting},
  author={Jawed, Shayan and Schmidt-Thieme, Lars},
  booktitle={2022 IEEE International Conference on Big Data (Big Data)},
  pages={992--1001},
  year={2022},
  organization={IEEE}
}







% OrderCanvas Network

@article{Gao2018ChannelNetsCA,
  title={ChannelNets: Compact and Efficient Convolutional Neural Networks via Channel-Wise Convolutions},
  author={Hongyang Gao and Zhengyang Wang and Shuiwang Ji},
  journal={IEEE Transactions on Pattern Analysis and Machine Intelligence},
  year={2018},
  volume={43},
  pages={2570-2581},
}



@InProceedings{KingBa15,
  author    = {Kingma, Diederik and Ba, Jimmy},
  booktitle = {International Conference on Learning Representations (ICLR)},
  title     = {Adam: A Method for Stochastic Optimization},
  year      = {2015},
  address   = {San Diega, CA, USA},
  optmonth  = {12},
}



@inproceedings{he2016deep,
  title={Deep residual learning for image recognition},
  author={He, Kaiming and Zhang, Xiangyu and Ren, Shaoqing and Sun, Jian},
  booktitle={Proceedings of the IEEE conference on computer vision and pattern recognition},
  pages={770--778},
  year={2016}
}


@article{ramachandran2017searching,
  title={Searching for activation functions},
  author={Ramachandran, Prajit and Zoph, Barret and Le, Quoc V},
  journal={arXiv preprint arXiv:1710.05941},
  year={2017}
}


% cross attention

@article{lim2021temporal,
  title={Temporal fusion transformers for interpretable multi-horizon time series forecasting},
  author={Lim, Bryan and Ar{\i}k, Sercan {\"O} and Loeff, Nicolas and Pfister, Tomas},
  journal={International Journal of Forecasting},
  volume={37},
  number={4},
  pages={1748--1764},
  year={2021},
  publisher={Elsevier}
}

@inproceedings{zhang2023crossformer,
  title={Crossformer: Transformer utilizing cross-dimension dependency for multivariate time series forecasting},
  author={Zhang, Yunhao and Yan, Junchi},
  booktitle={The eleventh international conference on learning representations},
  year={2023}
}

@inproceedings{chen2021crossvit,
  title={Crossvit: Cross-attention multi-scale vision transformer for image classification},
  author={Chen, Chun-Fu Richard and Fan, Quanfu and Panda, Rameswar},
  booktitle={Proceedings of the IEEE/CVF international conference on computer vision},
  pages={357--366},
  year={2021}
}

@inproceedings{afham2022crosspoint,
  title={Crosspoint: Self-supervised cross-modal contrastive learning for 3d point cloud understanding},
  author={Afham, Mohamed and Dissanayake, Isuru and Dissanayake, Dinithi and Dharmasiri, Amaya and Thilakarathna, Kanchana and Rodrigo, Ranga},
  booktitle={Proceedings of the IEEE/CVF Conference on Computer Vision and Pattern Recognition},
  pages={9902--9912},
  year={2022}
}


@article{fei2023dctr,
  title={DcTr: Noise-robust point cloud completion by dual-channel transformer with cross-attention},
  author={Fei, Ben and Yang, Weidong and Ma, Lipeng and Chen, Wen-Ming},
  journal={Pattern Recognition},
  volume={133},
  pages={109051},
  year={2023},
  publisher={Elsevier}
}



% Appendix

@article{rumelhart1986learning,
  title={Learning representations by back-propagating errors},
  author={Rumelhart, David E and Hinton, Geoffrey E and Williams, Ronald J},
  journal={nature},
  volume={323},
  number={6088},
  pages={533--536},
  year={1986},
  publisher={Nature Publishing Group UK London}
}

@article{hochreiter1997long,
  title={Long Short-term Memory},
  author={Hochreiter, S},
  journal={Neural Computation MIT-Press},
  year={1997}
}

@article{cho2014learning,
  title={Learning phrase representations using RNN encoder-decoder for statistical machine translation},
  author={Cho, Kyunghyun and Van Merri{\"e}nboer, Bart and Gulcehre, Caglar and Bahdanau, Dzmitry and Bougares, Fethi and Schwenk, Holger and Bengio, Yoshua},
  journal={arXiv preprint arXiv:1406.1078},
  year={2014}
}

@article{lecun1998gradient,
  title={Gradient-based learning applied to document recognition},
  author={LeCun, Yann and Bottou, L{\'e}on and Bengio, Yoshua and Haffner, Patrick},
  journal={Proceedings of the IEEE},
  volume={86},
  number={11},
  pages={2278--2324},
  year={1998},
  publisher={Ieee}
}