@inproceedings{GQFormer,
  title={Gqformer: A multi-quantile generative transformer for time series forecasting},
  author={Jawed, Shayan and Schmidt-Thieme, Lars},
  booktitle={2022 IEEE International Conference on Big Data (Big Data)},
  pages={992--1001},
  year={2022},
  organization={IEEE}
}

@InProceedings{LQF,
  title = 	 {Learning Quantile Functions without Quantile Crossing for Distribution-free Time Series Forecasting },
  author =       {Park, Youngsuk and Maddix, Danielle and Aubet, Fran\c{c}ois-Xavier and Kan, Kelvin and Gasthaus, Jan and Wang, Yuyang},
  booktitle = 	 {Proceedings of The 25th International Conference on Artificial Intelligence and Statistics},
  pages = 	 {8127--8150},
  year = 	 {2022},
  editor = 	 {Camps-Valls, Gustau and Ruiz, Francisco J. R. and Valera, Isabel},
  volume = 	 {151},
  series = 	 {Proceedings of Machine Learning Research},
  month = 	 {28--30 Mar},
  publisher =    {PMLR},
}

@article{MultiQ,
  title={Beyond expectation: Deep joint mean and quantile regression for spatiotemporal problems},
  author={Rodrigues, Filipe and Pereira, Francisco C},
  journal={IEEE transactions on neural networks and learning systems},
  volume={31},
  number={12},
  pages={5377--5389},
  year={2020},
  publisher={IEEE}
}

@article{Trading,
  title={Trading on short-term path forecasts of intraday electricity prices},
  author={Serafin, Tomasz and Marcjasz, Grzegorz and Weron, Rafa{\l}},
  journal={Energy Economics},
  volume={112},
  pages={106125},
  year={2022},
  publisher={Elsevier}
}

@inproceedings{afham2022crosspoint,
  title={Crosspoint: Self-supervised cross-modal contrastive learning for 3d point cloud understanding},
  author={Afham, Mohamed and Dissanayake, Isuru and Dissanayake, Dinithi and Dharmasiri, Amaya and Thilakarathna, Kanchana and Rodrigo, Ranga},
  booktitle={Proceedings of the IEEE/CVF Conference on Computer Vision and Pattern Recognition},
  pages={9902--9912},
  year={2022}
}

@inproceedings{chen2021crossvit,
  title={Crossvit: Cross-attention multi-scale vision transformer for image classification},
  author={Chen, Chun-Fu Richard and Fan, Quanfu and Panda, Rameswar},
  booktitle={Proceedings of the IEEE/CVF international conference on computer vision},
  pages={357--366},
  year={2021}
}

@article{fei2023dctr,
  title={DcTr: Noise-robust point cloud completion by dual-channel transformer with cross-attention},
  author={Fei, Ben and Yang, Weidong and Ma, Lipeng and Chen, Wen-Ming},
  journal={Pattern Recognition},
  volume={133},
  pages={109051},
  year={2023},
  publisher={Elsevier}
}

@article{lim2021temporal,
  title={Temporal fusion transformers for interpretable multi-horizon time series forecasting},
  author={Lim, Bryan and Ar{\i}k, Sercan {\"O} and Loeff, Nicolas and Pfister, Tomas},
  journal={International Journal of Forecasting},
  volume={37},
  number={4},
  pages={1748--1764},
  year={2021},
  publisher={Elsevier}
}

@article{quantilecrossing,
author = {Chernozhukov, Victor and Fernández-Val, Iván and Galichon, Alfred},
title = {Quantile and Probability Curves Without Crossing},
journal = {Econometrica},
volume = {78},
number = {3},
pages = {1093-1125},
keywords = {Conditional quantiles, structural quantiles, monotonicity problem, rearrangement, isotonic regression, functional delta method},
doi = {https://doi.org/10.3982/ECTA7880},
url = {https://onlinelibrary.wiley.com/doi/abs/10.3982/ECTA7880},
eprint = {https://onlinelibrary.wiley.com/doi/pdf/10.3982/ECTA7880},
year = {2010}
}

@article{sortquantilecrossing1,
title = {A hybrid model for GEFCom2014 probabilistic electricity price forecasting},
journal = {International Journal of Forecasting},
volume = {32},
number = {3},
pages = {1051-1056},
year = {2016},
issn = {0169-2070},
doi = {https://doi.org/10.1016/j.ijforecast.2015.11.008},
author = {Katarzyna Maciejowska and Jakub Nowotarski},
keywords = {Probabilistic forecasting, Hybrid model, Quantile regression, Electricity spot price, Forecasts combination, Pinball function},
}

@Article{sortquantilecrossing2,
AUTHOR = {Serafin, Tomasz and Uniejewski, Bartosz and Weron, Rafał},
TITLE = {Averaging Predictive Distributions Across Calibration Windows for Day-Ahead Electricity Price Forecasting},
JOURNAL = {Energies},
VOLUME = {12},
YEAR = {2019},
NUMBER = {13},
ARTICLE-NUMBER = {2561},
ISSN = {1996-1073},
DOI = {10.3390/en12132561}
}

@inproceedings{zhang2023crossformer,
  title={Crossformer: Transformer utilizing cross-dimension dependency for multivariate time series forecasting},
  author={Zhang, Yunhao and Yan, Junchi},
  booktitle={The eleventh international conference on learning representations},
  year={2023}
}

