@article{aafjes2020language,
  title={Language style matching in psychotherapy: An implicit aspect of alliance.},
  author={Aafjes-van Doorn, Katie and Porcerelli, John and M{\"u}ller-Frommeyer, Lena Christine},
  journal={Journal of Counseling Psychology},
  volume={67},
  number={4},
  pages={509},
  year={2020},
  publisher={American Psychological Association}
}

@article{aafjes2024feasibility,
  title={Feasibility of artificial intelligence-based measurement in psychotherapy practice: Patients' and clinicians' perspectives},
  author={Aafjes-van Doorn, Katie},
  journal={Counselling and Psychotherapy Research},
  year={2024},
  publisher={Wiley Online Library}
}

@article{althoff2016large,
  title={Large-scale analysis of counseling conversations: An application of natural language processing to mental health},
  author={Althoff, Tim and Clark, Kevin and Leskovec, Jure},
  journal={Transactions of the Association for Computational Linguistics},
  volume={4},
  pages={463--476},
  year={2016},
  publisher={MIT Press One Rogers Street, Cambridge, MA 02142-1209, USA journals-info~â€¦}
}

@article{binz2023turning,
  title={Turning large language models into cognitive models},
  author={Binz, Marcel and Schulz, Eric},
  journal={arXiv preprint arXiv:2306.03917},
  year={2023}
}

@article{brown2021ai,
  title={AI chatbots cannot replace human interactions in the pursuit of more inclusive mental healthcare},
  author={Brown, Julia EH and Halpern, Jodi},
  journal={SSM-Mental Health},
  volume={1},
  pages={100017},
  year={2021},
  publisher={Elsevier}
}

@article{chiu2024computational,
  title={A computational framework for behavioral assessment of llm therapists},
  author={Chiu, Yu Ying and Sharma, Ashish and Lin, Inna Wanyin and Althoff, Tim},
  journal={arXiv preprint arXiv:2401.00820},
  year={2024}
}

@article{cohen2021nonverbal,
  title={Nonverbal synchrony and the alliance in psychotherapy for major depression: disentangling state-like and trait-like effects},
  author={Cohen, Keren and Ramseyer, Fabian T and Tal, Shachaf and Zilcha-Mano, Sigal},
  journal={Clinical Psychological Science},
  volume={9},
  number={4},
  pages={634--648},
  year={2021},
  publisher={Sage Publications Sage CA: Los Angeles, CA}
}

@article{denecke2020mental,
  title={A mental health chatbot for regulating emotions (SERMO)-concept and usability test},
  author={Denecke, Kerstin and Vaaheesan, Sayan and Arulnathan, Aaganya},
  journal={IEEE Transactions on Emerging Topics in Computing},
  volume={9},
  number={3},
  pages={1170--1182},
  year={2020},
  publisher={IEEE}
}

@article{floridi2023ai,
  title={AI as agency without intelligence: on ChatGPT, large language models, and other generative models},
  author={Floridi, Luciano},
  journal={Philosophy \& technology},
  volume={36},
  number={1},
  pages={15},
  year={2023},
  publisher={Springer}
}

@article{goldberg2020machine,
  title={Machine learning and natural language processing in psychotherapy research: Alliance as example use case.},
  author={Goldberg, Simon B and Flemotomos, Nikolaos and Martinez, Victor R and Tanana, Michael J and Kuo, Patty B and Pace, Brian T and Villatte, Jennifer L and Georgiou, Panayiotis G and Van Epps, Jake and Imel, Zac E and others},
  journal={Journal of counseling psychology},
  volume={67},
  number={4},
  pages={438},
  year={2020},
  publisher={American Psychological Association}
}

@article{grodniewicz2023waiting,
  title={Waiting for a digital therapist: three challenges on the path to psychotherapy delivered by artificial intelligence},
  author={Grodniewicz, JP and Hohol, Mateusz},
  journal={Frontiers in Psychiatry},
  volume={14},
  pages={1190084},
  year={2023},
  publisher={Frontiers Media SA}
}

@article{gunal2024conversational,
  title={Conversational Topic Recommendation in Counseling and Psychotherapy with Decision Transformer and Large Language Models},
  author={Gunal, Aylin and Lin, Baihan and Bouneffouf, Djallel},
  journal={arXiv preprint arXiv:2405.05060},
  year={2024}
}

@article{haber2024artificial,
  title={The artificial third: a broad view of the effects of introducing generative artificial intelligence on psychotherapy},
  author={Haber, Yuval and Levkovich, Inbar and Hadar-Shoval, Dorit and Elyoseph, Zohar},
  journal={JMIR Mental Health},
  volume={11},
  pages={e54781},
  year={2024}
}

@article{habicht2024closing,
  title={Closing the accessibility gap to mental health treatment with a personalized self-referral Chatbot},
  author={Habicht, Johanna and Viswanathan, Sruthi and Carrington, Ben and Hauser, Tobias U and Harper, Ross and Rollwage, Max},
  journal={Nature medicine},
  volume={30},
  number={2},
  pages={595--602},
  year={2024},
  publisher={Nature Publishing Group US New York}
}

@incollection{harilal2020caro,
  title={CARO: an empathetic health conversational chatbot for people with major depression},
  author={Harilal, Nidhin and Shah, Rushil and Sharma, Saumitra and Bhutani, Vedanta},
  booktitle={Proceedings of the 7th ACM IKDD CoDS and 25th COMAD},
  pages={349--350},
  year={2020}
}

@inproceedings{kornfield2022meeting,
  title={Meeting users where they are: user-centered design of an automated text messaging tool to support the mental health of young adults},
  author={Kornfield, Rachel and Meyerhoff, Jonah and Studd, Hannah and Bhattacharjee, Ananya and Williams, Joseph Jay and Reddy, Madhu and Mohr, David C},
  booktitle={Proceedings of the 2022 CHI Conference on Human Factors in Computing Systems},
  pages={1--16},
  year={2022}
}

@article{kung2023performance,
  title={Performance of ChatGPT on USMLE: Potential for AI-assisted medical education using large language models},
  author={Kung, Tiffany H and Cheatham, Morgan and Medenilla, Arielle and Sillos, Czarina and De Leon, Lorie and Elepa{\~n}o, Camille and Madriaga, Maria and Aggabao, Rimel and Diaz-Candido, Giezel and Maningo, James and others},
  journal={PLoS Digital Health},
  volume={2},
  number={2},
  pages={e0000198},
  year={2023},
  publisher={Public Library of Science}
}

@article{laranjo2018conversational,
  title={Conversational agents in healthcare: a systematic review},
  author={Laranjo, Liliana and Dunn, Adam G and Tong, Huong Ly and Kocaballi, Ahmet Baki and Chen, Jessica and Bashir, Rabia and Surian, Didi and Gallego, Blanca and Magrabi, Farah and Lau, Annie YS and others},
  journal={Journal of the American Medical Informatics Association},
  volume={25},
  number={9},
  pages={1248--1258},
  year={2018},
  publisher={Oxford University Press}
}

@inproceedings{lee2019identifying,
  title={Identifying therapist conversational actions across diverse psychotherapeutic approaches},
  author={Lee, Fei-Tzin and Hull, Derrick and Levine, Jacob and Ray, Bonnie and McKeown, Kathleen},
  booktitle={Proceedings of the Sixth Workshop on Computational Linguistics and Clinical Psychology},
  pages={12--23},
  year={2019}
}

@article{li2024automatic,
  title={Automatic evaluation for mental health counseling using llms},
  author={Li, Anqi and Lu, Yu and Song, Nirui and Zhang, Shuai and Ma, Lizhi and Lan, Zhenzhong},
  journal={arXiv preprint arXiv:2402.11958},
  year={2024}
}

@article{meyerhoff2022meeting,
  title={Meeting young adults' social support needs across the health behavior change journey: implications for digital mental health tools},
  author={Meyerhoff, Jonah and Kornfield, Rachel and Mohr, David C and Reddy, Madhu},
  journal={Proceedings of the ACM on Human-computer Interaction},
  volume={6},
  number={CSCW2},
  pages={1--33},
  year={2022},
  publisher={ACM New York, NY, USA}
}

@article{miner2019key,
  title={Key considerations for incorporating conversational AI in psychotherapy},
  author={Miner, Adam S and Shah, Nigam and Bullock, Kim D and Arnow, Bruce A and Bailenson, Jeremy and Hancock, Jeff},
  journal={Frontiers in psychiatry},
  volume={10},
  pages={746},
  year={2019},
  publisher={Frontiers Media SA}
}

@article{muller2024recognizing,
  title={Recognizing Emotion Regulation Strategies from Human Behavior with Large Language Models},
  author={M{\"u}ller, Philipp and Heimerl, Alexander and Hossain, Sayed Muddashir and Siegel, Lea and Alexandersson, Jan and Gebhard, Patrick and Andr{\'e}, Elisabeth and Schneeberger, Tanja},
  journal={arXiv preprint arXiv:2408.04420},
  year={2024}
}

@article{nicol2022chatbot,
  title={Chatbot-delivered cognitive behavioral therapy in adolescents with depression and anxiety during the COVID-19 pandemic: feasibility and acceptability study},
  author={Nicol, Ginger and Wang, Ruoyun and Graham, Sharon and Dodd, Sherry and Garbutt, Jane and others},
  journal={JMIR Formative Research},
  volume={6},
  number={11},
  pages={e40242},
  year={2022},
  publisher={JMIR Publications Inc., Toronto, Canada}
}

@article{nie2024llm,
  title={LLM-based Conversational AI Therapist for Daily Functioning Screening and Psychotherapeutic Intervention via Everyday Smart Devices},
  author={Nie, Jingping and Shao, Hanya and Fan, Yuang and Shao, Qijia and You, Haoxuan and Preindl, Matthias and Jiang, Xiaofan},
  journal={arXiv preprint arXiv:2403.10779},
  year={2024}
}

@inproceedings{perez2019makes,
  title={What makes a good counselor? learning to distinguish between high-quality and low-quality counseling conversations},
  author={P{\'e}rez-Rosas, Ver{\'o}nica and Wu, Xinyi and Resnicow, Kenneth and Mihalcea, Rada},
  booktitle={Proceedings of the 57th Annual Meeting of the Association for Computational Linguistics},
  pages={926--935},
  year={2019}
}

@inproceedings{perez2022pair,
  title={Pair: Prompt-aware margin ranking for counselor reflection scoring in motivational interviewing},
  author={P{\'e}rez-Rosas, Ver{\'o}nica and Resnicow, Kenneth and Mihalcea, Rada and others},
  booktitle={Proceedings of the 2022 Conference on Empirical Methods in Natural Language Processing},
  pages={148--158},
  year={2022}
}

@inproceedings{petridis2023anglekindling,
  title={Anglekindling: Supporting journalistic angle ideation with large language models},
  author={Petridis, Savvas and Diakopoulos, Nicholas and Crowston, Kevin and Hansen, Mark and Henderson, Keren and Jastrzebski, Stan and Nickerson, Jeffrey V and Chilton, Lydia B},
  booktitle={Proceedings of the 2023 CHI Conference on Human Factors in Computing Systems},
  pages={1--16},
  year={2023}
}

@inproceedings{pruksachatkun2019moments,
  title={Moments of change: Analyzing peer-based cognitive support in online mental health forums},
  author={Pruksachatkun, Yada and Pendse, Sachin R and Sharma, Amit},
  booktitle={Proceedings of the 2019 CHI conference on human factors in computing systems},
  pages={1--13},
  year={2019}
}

@article{richards2023principlist,
  title={A principlist-based study of the ethical design and acceptability of artificial social agents},
  author={Richards, Deborah and Vythilingam, Ravi and Formosa, Paul},
  journal={International Journal of Human-Computer Studies},
  volume={172},
  pages={102980},
  year={2023},
  publisher={Elsevier}
}

@article{shah2022modeling,
  title={Modeling motivational interviewing strategies on an online peer-to-peer counseling platform},
  author={Shah, Raj Sanjay and Holt, Faye and Hayati, Shirley Anugrah and Agarwal, Aastha and Wang, Yi-Chia and Kraut, Robert E and Yang, Diyi},
  journal={Proceedings of the ACM on Human-Computer Interaction},
  volume={6},
  number={CSCW2},
  pages={1--24},
  year={2022},
  publisher={ACM New York, NY, USA}
}

@inproceedings{sharma2020computational,
  title={A Computational Approach to Understanding Empathy Expressed in Text-Based Mental Health Support},
  author={Sharma, Ashish and Miner, Adam and Atkins, David and Althoff, Tim},
  booktitle={Proceedings of the 2020 Conference on Empirical Methods in Natural Language Processing (EMNLP)},
  pages={5263--5276},
  year={2020}
}

@inproceedings{sharma2020engagement,
  title={Engagement patterns of peer-to-peer interactions on mental health platforms},
  author={Sharma, Ashish and Choudhury, Monojit and Althoff, Tim and Sharma, Amit},
  booktitle={Proceedings of the International AAAI Conference on Web and Social Media},
  volume={14},
  pages={614--625},
  year={2020}
}

@inproceedings{sharma2021towards,
  title={Towards facilitating empathic conversations in online mental health support: A reinforcement learning approach},
  author={Sharma, Ashish and Lin, Inna W and Miner, Adam S and Atkins, David C and Althoff, Tim},
  booktitle={Proceedings of the Web Conference 2021},
  pages={194--205},
  year={2021}
}

@article{sharma2023human,
  title={Human--AI collaboration enables more empathic conversations in text-based peer-to-peer mental health support},
  author={Sharma, Ashish and Lin, Inna W and Miner, Adam S and Atkins, David C and Althoff, Tim},
  journal={Nature Machine Intelligence},
  volume={5},
  number={1},
  pages={46--57},
  year={2023},
  publisher={Nature Publishing Group UK London}
}

@inproceedings{srivastava2023response,
  title={Response-act guided reinforced dialogue generation for mental health counseling},
  author={Srivastava, Aseem and Pandey, Ishan and Akhtar, Md Shad and Chakraborty, Tanmoy},
  booktitle={Proceedings of the ACM Web Conference 2023},
  pages={1118--1129},
  year={2023}
}

@article{stade2024large,
  title={Large language models could change the future of behavioral healthcare: a proposal for responsible development and evaluation},
  author={Stade, Elizabeth C and Stirman, Shannon Wiltsey and Ungar, Lyle H and Boland, Cody L and Schwartz, H Andrew and Yaden, David B and Sedoc, Jo{\~a}o and DeRubeis, Robert J and Willer, Robb and Eichstaedt, Johannes C},
  journal={NPJ Mental Health Research},
  volume={3},
  number={1},
  pages={12},
  year={2024},
  publisher={Nature Publishing Group UK London}
}

@article{tanana2019development,
  title={Development and evaluation of ClientBot: Patient-like conversational agent to train basic counseling skills},
  author={Tanana, Michael J and Soma, Christina S and Srikumar, Vivek and Atkins, David C and Imel, Zac E},
  journal={Journal of medical Internet research},
  volume={21},
  number={7},
  pages={e12529},
  year={2019},
  publisher={JMIR Publications Toronto, Canada}
}

@article{ullman2023large,
  title={Large language models fail on trivial alterations to theory-of-mind tasks},
  author={Ullman, Tomer},
  journal={arXiv preprint arXiv:2302.08399},
  year={2023}
}

@inproceedings{vail2022toward,
  title={Toward causal understanding of therapist-client relationships: A study of language modality and social entrainment},
  author={Vail, Alexandria and Girard, Jeffrey and Bylsma, Lauren and Cohn, Jeffrey and Fournier, Jay and Swartz, Holly and Morency, Louis-Philippe},
  booktitle={Proceedings of the 2022 International Conference on Multimodal Interaction},
  pages={487--494},
  year={2022}
}

@inproceedings{valtolina2021design,
  title={Design of a chatbot to assist the elderly},
  author={Valtolina, Stefano and Marchionna, Mattia},
  booktitle={International Symposium on End User Development},
  pages={153--168},
  year={2021},
  organization={Springer}
}

@inproceedings{wadden2021effect,
  title={The effect of moderation on online mental health conversations},
  author={Wadden, David and August, Tal and Li, Qisheng and Althoff, Tim},
  booktitle={Proceedings of the International AAAI Conference on Web and Social Media},
  volume={15},
  pages={751--763},
  year={2021}
}

@inproceedings{wang2024evaluating,
  title={Evaluating Large Language Models on Academic Literature Understanding and Review: An Empirical Study among Early-stage Scholars},
  author={Wang, Jiyao and Hu, Haolong and Wang, Zuyuan and Yan, Song and Sheng, Youyu and He, Dengbo},
  booktitle={Proceedings of the CHI Conference on Human Factors in Computing Systems},
  pages={1--18},
  year={2024}
}

@article{wang2024patient,
  title={PATIENT-$\{$$\backslash$Psi$\}$: Using Large Language Models to Simulate Patients for Training Mental Health Professionals},
  author={Wang, Ruiyi and Milani, Stephanie and Chiu, Jamie C and Eack, Shaun M and Labrum, Travis and Murphy, Samuel M and Jones, Nev and Hardy, Kate and Shen, Hong and Fang, Fei and others},
  journal={arXiv preprint arXiv:2405.19660},
  year={2024}
}

@article{wei2022chain,
  title={Chain-of-thought prompting elicits reasoning in large language models},
  author={Wei, Jason and Wang, Xuezhi and Schuurmans, Dale and Bosma, Maarten and Xia, Fei and Chi, Ed and Le, Quoc V and Zhou, Denny and others},
  journal={Advances in neural information processing systems},
  volume={35},
  pages={24824--24837},
  year={2022}
}

@article{wei2022emergent,
  title={Emergent abilities of large language models},
  author={Wei, Jason and Tay, Yi and Bommasani, Rishi and Raffel, Colin and Zoph, Barret and Borgeaud, Sebastian and Yogatama, Dani and Bosma, Maarten and Zhou, Denny and Metzler, Donald and others},
  journal={arXiv preprint arXiv:2206.07682},
  year={2022}
}

@article{xu2022survey,
  title={Survey on psychotherapy chatbots},
  author={Xu, Bei and Zhuang, Ziyuan},
  journal={Concurrency and Computation: Practice and Experience},
  volume={34},
  number={7},
  pages={e6170},
  year={2022},
  publisher={Wiley Online Library}
}

@article{zabek2023roles,
  title={Roles and functions of school mental health professionals within comprehensive school mental health systems},
  author={Zabek, Faith and Lyons, Michael D and Alwani, Noor and Taylor, Julia V and Brown-Meredith, Erica and Cruz, Melinda A and Southall, Vickie H},
  journal={School Mental Health},
  volume={15},
  number={1},
  pages={1--18},
  year={2023},
  publisher={Springer}
}

