@inproceedings{who1,
title        = {Mental disorders},
author       = {World Health Organization},
URL = {https://www.who.int/news-room/fact-sheets/detail/mental-disorders},
year         = {2022}
}

@inproceedings{apa,
title        = {Psychotherapy},
author       = {American Psychological Association},
URL = {https://dictionary.apa.org/psychotherapy},
year         = {2023}
}


@inproceedings{apaprivacy,
title        = {Ethical Principles of Psychologists and Code of Conduct},
author       = {American Psychological Association},
URL = {https://www.apa.org/ethics/code},
year         = {2017}
}


@article{roche2024college,
  title={College student mental health: Understanding changes in psychological symptoms in the context of the COVID-19 pandemic in the United States},
  author={Roche, Anne I and Holdefer, Paul J and Thomas, Emily BK},
  journal={Current Psychology},
  volume={43},
  number={14},
  pages={13041--13050},
  year={2024},
  publisher={Springer}
}

@article{cleary2011not,
  title={“Not always smooth sailing”: mental health issues associated with the transition from high school to college},
  author={Cleary, Michelle and Walter, Garry and Jackson, Debra},
  journal={Issues in mental health nursing},
  volume={32},
  number={4},
  pages={250--254},
  year={2011},
  publisher={Taylor \& Francis}
}

@article{blanco2008mental,
  title={Mental health of college students and their non--college-attending peers: results from the national epidemiologic study on alcohol and related conditions},
  author={Blanco, Carlos and Okuda, Mayumi and Wright, Crystal and Hasin, Deborah S and Grant, Bridget F and Liu, Shang-Min and Olfson, Mark},
  journal={Archives of general psychiatry},
  volume={65},
  number={12},
  pages={1429--1437},
  year={2008},
  publisher={American Medical Association}
}


@article{eisenberg2013mental,
  title={Mental health in American colleges and universities: Variation across student subgroups and across campuses},
  author={Eisenberg, Daniel and Hunt, Justin and Speer, Nicole},
  journal={The Journal of nervous and mental disease},
  volume={201},
  number={1},
  pages={60--67},
  year={2013},
  publisher={LWW}
}

@article{liu2019prevalence,
  title={The prevalence and predictors of mental health diagnoses and suicide among US college students: Implications for addressing disparities in service use},
  author={Liu, Cindy H and Stevens, Courtney and Wong, Sylvia HM and Yasui, Miwa and Chen, Justin A},
  journal={Depression and anxiety},
  volume={36},
  number={1},
  pages={8--17},
  year={2019},
  publisher={Wiley Online Library}
}

@article{weitzman2004poor,
  title={Poor mental health, depression, and associations with alcohol consumption, harm, and abuse in a national sample of young adults in college},
  author={Weitzman, Elissa R},
  journal={The Journal of nervous and mental disease},
  volume={192},
  number={4},
  pages={269--277},
  year={2004},
  publisher={LWW}
}

@article{american2019american,
  title={American college health association-national college health assessment II: Reference group executive summary spring 2019},
  author={American College Health Association and others},
  journal={Silver Spring, MD: American College Health Association},
  year={2019}
}

@book{iarovici2014mental,
  title={Mental health issues and the university student},
  author={Iarovici, Doris},
  year={2014},
  publisher={JHU Press}
}

@incollection{emmons2014fall,
  title={The fall and rise of resilience: Prevention and holistic treatment of depression among college students},
  author={Emmons, Henry C},
  booktitle={Pharmacological Treatment of College Students with Psychological Problems},
  pages={225--241},
  year={2014},
  publisher={Routledge}
}

@article{kessler1998social,
  title={The social consequences of psychiatric disorders, III: probability of marital stability},
  author={Kessler, Ronald C and Walters, Ellen E and Forthofer, Melinda S},
  journal={American Journal of Psychiatry},
  volume={155},
  number={8},
  pages={1092--1096},
  year={1998},
  publisher={Am Psychiatric Assoc}
}

@misc{balon2015college,
  title={College mental health: a vulnerable population in an environment with systemic deficiencies},
  author={Balon, Richard and Beresin, Eugene V and Coverdale, John H and Louie, Alan K and Roberts, Laura Weiss},
  journal={Academic Psychiatry},
  volume={39},
  pages={495--497},
  year={2015},
  publisher={Springer}
}

@article{rudd2020global,
  title={Global, regional, and national sepsis incidence and mortality, 1990--2017: analysis for the Global Burden of Disease Study},
  author={Rudd, Kristina E and Johnson, Sarah Charlotte and Agesa, Kareha M and Shackelford, Katya Anne and Tsoi, Derrick and Kievlan, Daniel Rhodes and Colombara, Danny V and Ikuta, Kevin S and Kissoon, Niranjan and Finfer, Simon and others},
  journal={The Lancet},
  volume={395},
  number={10219},
  pages={200--211},
  year={2020},
  publisher={Elsevier}
}

@article{zabek2023roles,
  title={Roles and functions of school mental health professionals within comprehensive school mental health systems},
  author={Zabek, Faith and Lyons, Michael D and Alwani, Noor and Taylor, Julia V and Brown-Meredith, Erica and Cruz, Melinda A and Southall, Vickie H},
  journal={School Mental Health},
  volume={15},
  number={1},
  pages={1--18},
  year={2023},
  publisher={Springer}
}



@article{ebert2019barriers,
  title={Barriers of mental health treatment utilization among first-year college students: First cross-national results from the WHO World Mental Health International College Student Initiative},
  author={Ebert, David Daniel and Mortier, Philippe and Kaehlke, Fanny and Bruffaerts, Ronny and Baumeister, Harald and Auerbach, Randy P and Alonso, Jordi and Vilagut, Gemma and Mart{\'\i}nez, Kalina U and Lochner, Christine and others},
  journal={International journal of methods in psychiatric research},
  volume={28},
  number={2},
  pages={e1782},
  year={2019},
  publisher={Wiley Online Library}
}

@article{carlbring2018internet,
  title={Internet-based vs. face-to-face cognitive behavior therapy for psychiatric and somatic disorders: an updated systematic review and meta-analysis},
  author={Carlbring, Per and Andersson, Gerhard and Cuijpers, Pim and Riper, Heleen and Hedman-Lagerl{\"o}f, Erik},
  journal={Cognitive behaviour therapy},
  volume={47},
  number={1},
  pages={1--18},
  year={2018},
  publisher={Taylor \& Francis}
}

@article{dekker2020optimizing,
  title={Optimizing students’ mental health and academic performance: AI-enhanced life crafting},
  author={Dekker, Izaak and De Jong, Elisabeth M and Schippers, Micha{\'e}la C and De Bruijn-Smolders, Monique and Alexiou, Andreas and Giesbers, Bas},
  journal={Frontiers in Psychology},
  volume={11},
  pages={1063},
  year={2020},
  publisher={Frontiers Media SA}
}

@article{jeong2023deploying,
  title={Deploying a robotic positive psychology coach to improve college students’ psychological well-being},
  author={Jeong, Sooyeon and Aymerich-Franch, Laura and Arias, Kika and Alghowinem, Sharifa and Lapedriza, Agata and Picard, Rosalind and Park, Hae Won and Breazeal, Cynthia},
  journal={User Modeling and User-Adapted Interaction},
  volume={33},
  number={2},
  pages={571--615},
  year={2023},
  publisher={Springer}
}

@article{lee2024influence,
  title={Influence of rapport and social presence with an AI psychotherapy chatbot on users’ self-disclosure},
  author={Lee, Jieon and Lee, Daeho and Lee, Jae-gil},
  journal={International Journal of Human--Computer Interaction},
  volume={40},
  number={7},
  pages={1620--1631},
  year={2024},
  publisher={Taylor \& Francis}
}

@article{liu2022using,
  title={Using AI chatbots to provide self-help depression interventions for university students: A randomized trial of effectiveness},
  author={Liu, Hao and Peng, Huaming and Song, Xingyu and Xu, Chenzi and Zhang, Meng},
  journal={Internet Interventions},
  volume={27},
  pages={100495},
  year={2022},
  publisher={Elsevier}
}

@article{rajkishan2024role,
  title={Role of AI/ML in the study of mental health problems of the students: a bibliometric study},
  author={Rajkishan, SS and Meitei, A Jiran and Singh, Abha},
  journal={International Journal of System Assurance Engineering and Management},
  volume={15},
  number={5},
  pages={1615--1637},
  year={2024},
  publisher={Springer}
}

@article{ebert2019digital,
  title={Digital interventions for mental disorders: key features, efficacy, and potential for artificial intelligence applications},
  author={Ebert, David Daniel and Harrer, Mathias and Apolin{\'a}rio-Hagen, Jennifer and Baumeister, Harald},
  journal={Frontiers in Psychiatry: Artificial Intelligence, Precision Medicine, and Other Paradigm Shifts},
  pages={583--627},
  year={2019},
  publisher={Springer}
}

@article{khanna2022affective,
  title={Affective computing in psychotherapy},
  author={Khanna, Rahul and Robinson, Nicole and O’Donnell, Meaghan and Eyre, Harris and Smith, Erin},
  journal={Advances in Psychiatry and Behavioral Health},
  volume={2},
  number={1},
  pages={95--105},
  year={2022},
  publisher={Elsevier}
}

@article{wang2024young,
  title={When Young Scholars Cooperate with LLMs in Academic Tasks: The Influence of Individual Differences and Task Complexities},
  author={Wang, Jiyao and Huang, Chunxi and Yan, Song and Xie, Weiyin and He, Dengbo},
  journal={International Journal of Human--Computer Interaction},
  pages={1--16},
  year={2024},
  publisher={Taylor \& Francis}
}

@article{yang2024advancing,
  title={Advancing Emotional Analysis with Large Language Models},
  author={Yang, Haowei and Zi, Yun and Qin, Honglin and Zheng, Hongye and Hu, Yuxiang},
  journal={Journal of Computer Science and Software Applications},
  volume={4},
  number={3},
  pages={8--15},
  year={2024}
}

@inproceedings{wang2024evaluating,
  title={Evaluating Large Language Models on Academic Literature Understanding and Review: An Empirical Study among Early-stage Scholars},
  author={Wang, Jiyao and Hu, Haolong and Wang, Zuyuan and Yan, Song and Sheng, Youyu and He, Dengbo},
  booktitle={Proceedings of the CHI Conference on Human Factors in Computing Systems},
  pages={1--18},
  year={2024}
}

@article{huang2024language,
  title={Language is not all you need: Aligning perception with language models},
  author={Huang, Shaohan and Dong, Li and Wang, Wenhui and Hao, Yaru and Singhal, Saksham and Ma, Shuming and Lv, Tengchao and Cui, Lei and Mohammed, Owais Khan and Patra, Barun and others},
  journal={Advances in Neural Information Processing Systems},
  volume={36},
  year={2024}
}

@article{ai2023information,
  title={Information retrieval meets large language models: a strategic report from chinese ir community},
  author={Ai, Qingyao and Bai, Ting and Cao, Zhao and Chang, Yi and Chen, Jiawei and Chen, Zhumin and Cheng, Zhiyong and Dong, Shoubin and Dou, Zhicheng and Feng, Fuli and others},
  journal={AI Open},
  volume={4},
  pages={80--90},
  year={2023},
  publisher={Elsevier}
}

@article{ernala2017linguistic,
  title={Linguistic markers indicating therapeutic outcomes of social media disclosures of schizophrenia},
  author={Ernala, Sindhu Kiranmai and Rizvi, Asra F and Birnbaum, Michael L and Kane, John M and De Choudhury, Munmun},
  journal={Proceedings of the ACM on Human-Computer Interaction},
  volume={1},
  number={CSCW},
  pages={1--27},
  year={2017},
  publisher={ACM New York, NY, USA}
}

@article{bendig2022next,
  title={The next generation: chatbots in clinical psychology and psychotherapy to foster mental health--a scoping review},
  author={Bendig, Eileen and Erb, Benjamin and Schulze-Thuesing, Lea and Baumeister, Harald},
  journal={Verhaltenstherapie},
  volume={32},
  number={Suppl. 1},
  pages={64--76},
  year={2022},
  publisher={S. Karger AG}
}

@article{AKTAN2022107273,
title = {Attitudes and perspectives towards the preferences for artificial intelligence in psychotherapy},
journal = {Computers in Human Behavior},
volume = {133},
pages = {107273},
year = {2022},
issn = {0747-5632},
doi = {https://doi.org/10.1016/j.chb.2022.107273},
url = {https://www.sciencedirect.com/science/article/pii/S0747563222000954},
author = {Mehmet Emin Aktan and Zeynep Turhan and İlknur Dolu}
}

@article{kessler2005lifetime,
  title={Lifetime prevalence and age-of-onset distributions of DSM-IV disorders in the National Comorbidity Survey Replication},
  author={Kessler, Ronald C and Berglund, Patricia and Demler, Olga and Jin, Robert and Merikangas, Kathleen R and Walters, Ellen E},
  journal={Archives of general psychiatry},
  volume={62},
  number={6},
  pages={593--602},
  year={2005},
  publisher={American Medical Association}
}

@article{hunt2010mental,
  title={Mental health problems and help-seeking behavior among college students},
  author={Hunt, Justin and Eisenberg, Daniel},
  journal={Journal of adolescent health},
  volume={46},
  number={1},
  pages={3--10},
  year={2010},
  publisher={Elsevier}
}

@article{barney2006stigma,
  title={Stigma about depression and its impact on help-seeking intentions},
  author={Barney, Lisa J and Griffiths, Kathleen M and Jorm, Anthony F and Christensen, Helen},
  journal={Australian \& New Zealand Journal of Psychiatry},
  volume={40},
  number={1},
  pages={51--54},
  year={2006},
  publisher={Sage Publications Sage UK: London, England}
}

@article{baumeister2012inappropriate,
  title={Inappropriate prescriptions of antidepressant drugs in patients with subthreshold to mild depression: time for the evidence to become practice},
  author={Baumeister, Harald},
  journal={Journal of affective disorders},
  volume={139},
  number={3},
  pages={240--243},
  year={2012},
  publisher={Elsevier}
}

@article{dieleman2016us,
  title={US spending on personal health care and public health, 1996-2013},
  author={Dieleman, Joseph L and Baral, Ranju and Birger, Maxwell and Bui, Anthony L and Bulchis, Anne and Chapin, Abigail and Hamavid, Hannah and Horst, Cody and Johnson, Elizabeth K and Joseph, Jonathan and others},
  journal={Jama},
  volume={316},
  number={24},
  pages={2627--2646},
  year={2016},
  publisher={American Medical Association}
}

@article{althoff2016large,
  title={Large-scale analysis of counseling conversations: An application of natural language processing to mental health},
  author={Althoff, Tim and Clark, Kevin and Leskovec, Jure},
  journal={Transactions of the Association for Computational Linguistics},
  volume={4},
  pages={463--476},
  year={2016},
  publisher={MIT Press One Rogers Street, Cambridge, MA 02142-1209, USA journals-info~…}
}

@inproceedings{perez2019makes,
  title={What makes a good counselor? learning to distinguish between high-quality and low-quality counseling conversations},
  author={P{\'e}rez-Rosas, Ver{\'o}nica and Wu, Xinyi and Resnicow, Kenneth and Mihalcea, Rada},
  booktitle={Proceedings of the 57th Annual Meeting of the Association for Computational Linguistics},
  pages={926--935},
  year={2019}
}

@inproceedings{wadden2021effect,
  title={The effect of moderation on online mental health conversations},
  author={Wadden, David and August, Tal and Li, Qisheng and Althoff, Tim},
  booktitle={Proceedings of the International AAAI Conference on Web and Social Media},
  volume={15},
  pages={751--763},
  year={2021}
}

@inproceedings{lee2019identifying,
  title={Identifying therapist conversational actions across diverse psychotherapeutic approaches},
  author={Lee, Fei-Tzin and Hull, Derrick and Levine, Jacob and Ray, Bonnie and McKeown, Kathleen},
  booktitle={Proceedings of the Sixth Workshop on Computational Linguistics and Clinical Psychology},
  pages={12--23},
  year={2019}
}

@inproceedings{sharma2020computational,
  title={A Computational Approach to Understanding Empathy Expressed in Text-Based Mental Health Support},
  author={Sharma, Ashish and Miner, Adam and Atkins, David and Althoff, Tim},
  booktitle={Proceedings of the 2020 Conference on Empirical Methods in Natural Language Processing (EMNLP)},
  pages={5263--5276},
  year={2020}
}

@inproceedings{pruksachatkun2019moments,
  title={Moments of change: Analyzing peer-based cognitive support in online mental health forums},
  author={Pruksachatkun, Yada and Pendse, Sachin R and Sharma, Amit},
  booktitle={Proceedings of the 2019 CHI conference on human factors in computing systems},
  pages={1--13},
  year={2019}
}

@inproceedings{perez2022pair,
  title={Pair: Prompt-aware margin ranking for counselor reflection scoring in motivational interviewing},
  author={P{\'e}rez-Rosas, Ver{\'o}nica and Resnicow, Kenneth and Mihalcea, Rada and others},
  booktitle={Proceedings of the 2022 Conference on Empirical Methods in Natural Language Processing},
  pages={148--158},
  year={2022}
}

@article{shah2022modeling,
  title={Modeling motivational interviewing strategies on an online peer-to-peer counseling platform},
  author={Shah, Raj Sanjay and Holt, Faye and Hayati, Shirley Anugrah and Agarwal, Aastha and Wang, Yi-Chia and Kraut, Robert E and Yang, Diyi},
  journal={Proceedings of the ACM on Human-Computer Interaction},
  volume={6},
  number={CSCW2},
  pages={1--24},
  year={2022},
  publisher={ACM New York, NY, USA}
}

@inproceedings{sharma2020engagement,
  title={Engagement patterns of peer-to-peer interactions on mental health platforms},
  author={Sharma, Ashish and Choudhury, Monojit and Althoff, Tim and Sharma, Amit},
  booktitle={Proceedings of the International AAAI Conference on Web and Social Media},
  volume={14},
  pages={614--625},
  year={2020}
}

@article{darcy2021evidence,
  title={Evidence of human-level bonds established with a digital conversational agent: cross-sectional, retrospective observational study},
  author={Darcy, Alison and Daniels, Jade and Salinger, David and Wicks, Paul and Robinson, Athena},
  journal={JMIR Formative Research},
  volume={5},
  number={5},
  pages={e27868},
  year={2021},
  publisher={JMIR Publications Toronto, Canada}
}

@article{nicol2022chatbot,
  title={Chatbot-delivered cognitive behavioral therapy in adolescents with depression and anxiety during the COVID-19 pandemic: feasibility and acceptability study},
  author={Nicol, Ginger and Wang, Ruoyun and Graham, Sharon and Dodd, Sherry and Garbutt, Jane and others},
  journal={JMIR Formative Research},
  volume={6},
  number={11},
  pages={e40242},
  year={2022},
  publisher={JMIR Publications Inc., Toronto, Canada}
}

@inproceedings{srivastava2023response,
  title={Response-act guided reinforced dialogue generation for mental health counseling},
  author={Srivastava, Aseem and Pandey, Ishan and Akhtar, Md Shad and Chakraborty, Tanmoy},
  booktitle={Proceedings of the ACM Web Conference 2023},
  pages={1118--1129},
  year={2023}
}

@article{tanana2019development,
  title={Development and evaluation of ClientBot: Patient-like conversational agent to train basic counseling skills},
  author={Tanana, Michael J and Soma, Christina S and Srikumar, Vivek and Atkins, David C and Imel, Zac E},
  journal={Journal of medical Internet research},
  volume={21},
  number={7},
  pages={e12529},
  year={2019},
  publisher={JMIR Publications Toronto, Canada}
}

@inproceedings{sharma2021towards,
  title={Towards facilitating empathic conversations in online mental health support: A reinforcement learning approach},
  author={Sharma, Ashish and Lin, Inna W and Miner, Adam S and Atkins, David C and Althoff, Tim},
  booktitle={Proceedings of the Web Conference 2021},
  pages={194--205},
  year={2021}
}

@article{sharma2023human,
  title={Human--AI collaboration enables more empathic conversations in text-based peer-to-peer mental health support},
  author={Sharma, Ashish and Lin, Inna W and Miner, Adam S and Atkins, David C and Althoff, Tim},
  journal={Nature Machine Intelligence},
  volume={5},
  number={1},
  pages={46--57},
  year={2023},
  publisher={Nature Publishing Group UK London}
}

@article{wang2024patient,
  title={PATIENT-$\{$$\backslash$Psi$\}$: Using Large Language Models to Simulate Patients for Training Mental Health Professionals},
  author={Wang, Ruiyi and Milani, Stephanie and Chiu, Jamie C and Eack, Shaun M and Labrum, Travis and Murphy, Samuel M and Jones, Nev and Hardy, Kate and Shen, Hong and Fang, Fei and others},
  journal={arXiv preprint arXiv:2405.19660},
  year={2024}
}

@article{aafjes2020language,
  title={Language style matching in psychotherapy: An implicit aspect of alliance.},
  author={Aafjes-van Doorn, Katie and Porcerelli, John and M{\"u}ller-Frommeyer, Lena Christine},
  journal={Journal of Counseling Psychology},
  volume={67},
  number={4},
  pages={509},
  year={2020},
  publisher={American Psychological Association}
}

@inproceedings{vail2022toward,
  title={Toward causal understanding of therapist-client relationships: A study of language modality and social entrainment},
  author={Vail, Alexandria and Girard, Jeffrey and Bylsma, Lauren and Cohn, Jeffrey and Fournier, Jay and Swartz, Holly and Morency, Louis-Philippe},
  booktitle={Proceedings of the 2022 International Conference on Multimodal Interaction},
  pages={487--494},
  year={2022}
}

@article{goldberg2020machine,
  title={Machine learning and natural language processing in psychotherapy research: Alliance as example use case.},
  author={Goldberg, Simon B and Flemotomos, Nikolaos and Martinez, Victor R and Tanana, Michael J and Kuo, Patty B and Pace, Brian T and Villatte, Jennifer L and Georgiou, Panayiotis G and Van Epps, Jake and Imel, Zac E and others},
  journal={Journal of counseling psychology},
  volume={67},
  number={4},
  pages={438},
  year={2020},
  publisher={American Psychological Association}
}

@article{cohen2021nonverbal,
  title={Nonverbal synchrony and the alliance in psychotherapy for major depression: disentangling state-like and trait-like effects},
  author={Cohen, Keren and Ramseyer, Fabian T and Tal, Shachaf and Zilcha-Mano, Sigal},
  journal={Clinical Psychological Science},
  volume={9},
  number={4},
  pages={634--648},
  year={2021},
  publisher={Sage Publications Sage CA: Los Angeles, CA}
}

@article{aafjes2024feasibility,
  title={Feasibility of artificial intelligence-based measurement in psychotherapy practice: Patients' and clinicians' perspectives},
  author={Aafjes-van Doorn, Katie},
  journal={Counselling and Psychotherapy Research},
  year={2024},
  publisher={Wiley Online Library}
}

@inproceedings{lu2024gpt,
  title={Gpt as psychologist? preliminary evaluations for gpt-4v on visual affective computing},
  author={Lu, Hao and Niu, Xuesong and Wang, Jiyao and Wang, Yin and Hu, Qingyong and Tang, Jiaqi and Zhang, Yuting and Yuan, Kaishen and Huang, Bin and Yu, Zitong and others},
  booktitle={Proceedings of the IEEE/CVF Conference on Computer Vision and Pattern Recognition},
  pages={322--331},
  year={2024}
}

@article{kung2023performance,
  title={Performance of ChatGPT on USMLE: Potential for AI-assisted medical education using large language models},
  author={Kung, Tiffany H and Cheatham, Morgan and Medenilla, Arielle and Sillos, Czarina and De Leon, Lorie and Elepa{\~n}o, Camille and Madriaga, Maria and Aggabao, Rimel and Diaz-Candido, Giezel and Maningo, James and others},
  journal={PLoS Digital Health},
  volume={2},
  number={2},
  pages={e0000198},
  year={2023},
  publisher={Public Library of Science}
}

@inproceedings{petridis2023anglekindling,
  title={Anglekindling: Supporting journalistic angle ideation with large language models},
  author={Petridis, Savvas and Diakopoulos, Nicholas and Crowston, Kevin and Hansen, Mark and Henderson, Keren and Jastrzebski, Stan and Nickerson, Jeffrey V and Chilton, Lydia B},
  booktitle={Proceedings of the 2023 CHI Conference on Human Factors in Computing Systems},
  pages={1--16},
  year={2023}
}

@article{li2024automatic,
  title={Automatic evaluation for mental health counseling using llms},
  author={Li, Anqi and Lu, Yu and Song, Nirui and Zhang, Shuai and Ma, Lizhi and Lan, Zhenzhong},
  journal={arXiv preprint arXiv:2402.11958},
  year={2024}
}

@article{gunal2024conversational,
  title={Conversational Topic Recommendation in Counseling and Psychotherapy with Decision Transformer and Large Language Models},
  author={Gunal, Aylin and Lin, Baihan and Bouneffouf, Djallel},
  journal={arXiv preprint arXiv:2405.05060},
  year={2024}
}

@article{muller2024recognizing,
  title={Recognizing Emotion Regulation Strategies from Human Behavior with Large Language Models},
  author={M{\"u}ller, Philipp and Heimerl, Alexander and Hossain, Sayed Muddashir and Siegel, Lea and Alexandersson, Jan and Gebhard, Patrick and Andr{\'e}, Elisabeth and Schneeberger, Tanja},
  journal={arXiv preprint arXiv:2408.04420},
  year={2024}
}

@article{stade2024large,
  title={Large language models could change the future of behavioral healthcare: a proposal for responsible development and evaluation},
  author={Stade, Elizabeth C and Stirman, Shannon Wiltsey and Ungar, Lyle H and Boland, Cody L and Schwartz, H Andrew and Yaden, David B and Sedoc, Jo{\~a}o and DeRubeis, Robert J and Willer, Robb and Eichstaedt, Johannes C},
  journal={NPJ Mental Health Research},
  volume={3},
  number={1},
  pages={12},
  year={2024},
  publisher={Nature Publishing Group UK London}
}

@article{grodniewicz2023waiting,
  title={Waiting for a digital therapist: three challenges on the path to psychotherapy delivered by artificial intelligence},
  author={Grodniewicz, JP and Hohol, Mateusz},
  journal={Frontiers in Psychiatry},
  volume={14},
  pages={1190084},
  year={2023},
  publisher={Frontiers Media SA}
}

@article{haber2024artificial,
  title={The artificial third: a broad view of the effects of introducing generative artificial intelligence on psychotherapy},
  author={Haber, Yuval and Levkovich, Inbar and Hadar-Shoval, Dorit and Elyoseph, Zohar},
  journal={JMIR Mental Health},
  volume={11},
  pages={e54781},
  year={2024}
}

@incollection{harilal2020caro,
  title={CARO: an empathetic health conversational chatbot for people with major depression},
  author={Harilal, Nidhin and Shah, Rushil and Sharma, Saumitra and Bhutani, Vedanta},
  booktitle={Proceedings of the 7th ACM IKDD CoDS and 25th COMAD},
  pages={349--350},
  year={2020}
}

@article{khalaf2023generative,
  title={Generative interactive psychotherapy expert (GIPE) bot},
  author={Khalaf, Ayesheh Ahrari and Hashim, Aisha Hassan Abdalla and Olowolayemo, Akeem and Olanrewaju, Rashidah Funke},
  journal={International journal of computer science and network security: IJCSNS},
  volume={23},
  number={4},
  pages={15--24},
  year={2023},
  publisher={International Journal of Computer ScienceNetwork Security}
}

@article{laranjo2018conversational,
  title={Conversational agents in healthcare: a systematic review},
  author={Laranjo, Liliana and Dunn, Adam G and Tong, Huong Ly and Kocaballi, Ahmet Baki and Chen, Jessica and Bashir, Rabia and Surian, Didi and Gallego, Blanca and Magrabi, Farah and Lau, Annie YS and others},
  journal={Journal of the American Medical Informatics Association},
  volume={25},
  number={9},
  pages={1248--1258},
  year={2018},
  publisher={Oxford University Press}
}

@article{miner2019key,
  title={Key considerations for incorporating conversational AI in psychotherapy},
  author={Miner, Adam S and Shah, Nigam and Bullock, Kim D and Arnow, Bruce A and Bailenson, Jeremy and Hancock, Jeff},
  journal={Frontiers in psychiatry},
  volume={10},
  pages={746},
  year={2019},
  publisher={Frontiers Media SA}
}



@inproceedings{valtolina2021design,
  title={Design of a chatbot to assist the elderly},
  author={Valtolina, Stefano and Marchionna, Mattia},
  booktitle={International Symposium on End User Development},
  pages={153--168},
  year={2021},
  organization={Springer}
}

@article{habicht2024closing,
  title={Closing the accessibility gap to mental health treatment with a personalized self-referral Chatbot},
  author={Habicht, Johanna and Viswanathan, Sruthi and Carrington, Ben and Hauser, Tobias U and Harper, Ross and Rollwage, Max},
  journal={Nature medicine},
  volume={30},
  number={2},
  pages={595--602},
  year={2024},
  publisher={Nature Publishing Group US New York}
}

@article{denecke2020mental,
  title={A mental health chatbot for regulating emotions (SERMO)-concept and usability test},
  author={Denecke, Kerstin and Vaaheesan, Sayan and Arulnathan, Aaganya},
  journal={IEEE Transactions on Emerging Topics in Computing},
  volume={9},
  number={3},
  pages={1170--1182},
  year={2020},
  publisher={IEEE}
}

@article{xu2022survey,
  title={Survey on psychotherapy chatbots},
  author={Xu, Bei and Zhuang, Ziyuan},
  journal={Concurrency and Computation: Practice and Experience},
  volume={34},
  number={7},
  pages={e6170},
  year={2022},
  publisher={Wiley Online Library}
}

@article{brown2021ai,
  title={AI chatbots cannot replace human interactions in the pursuit of more inclusive mental healthcare},
  author={Brown, Julia EH and Halpern, Jodi},
  journal={SSM-Mental Health},
  volume={1},
  pages={100017},
  year={2021},
  publisher={Elsevier}
}

@article{wei2022chain,
  title={Chain-of-thought prompting elicits reasoning in large language models},
  author={Wei, Jason and Wang, Xuezhi and Schuurmans, Dale and Bosma, Maarten and Xia, Fei and Chi, Ed and Le, Quoc V and Zhou, Denny and others},
  journal={Advances in neural information processing systems},
  volume={35},
  pages={24824--24837},
  year={2022}
}

@article{ullman2023large,
  title={Large language models fail on trivial alterations to theory-of-mind tasks},
  author={Ullman, Tomer},
  journal={arXiv preprint arXiv:2302.08399},
  year={2023}
}

@article{floridi2023ai,
  title={AI as agency without intelligence: on ChatGPT, large language models, and other generative models},
  author={Floridi, Luciano},
  journal={Philosophy \& technology},
  volume={36},
  number={1},
  pages={15},
  year={2023},
  publisher={Springer}
}

@article{nie2024llm,
  title={LLM-based Conversational AI Therapist for Daily Functioning Screening and Psychotherapeutic Intervention via Everyday Smart Devices},
  author={Nie, Jingping and Shao, Hanya and Fan, Yuang and Shao, Qijia and You, Haoxuan and Preindl, Matthias and Jiang, Xiaofan},
  journal={arXiv preprint arXiv:2403.10779},
  year={2024}
}

@article{chiu2024computational,
  title={A computational framework for behavioral assessment of llm therapists},
  author={Chiu, Yu Ying and Sharma, Ashish and Lin, Inna Wanyin and Althoff, Tim},
  journal={arXiv preprint arXiv:2401.00820},
  year={2024}
}

@article{haque2018measuring,
  title={Measuring depression symptom severity from spoken language and 3D facial expressions},
  author={Haque, Albert and Guo, Michelle and Miner, Adam S and Fei-Fei, Li},
  journal={arXiv preprint arXiv:1811.08592},
  year={2018}
}

@article{mastoras2019touchscreen,
  title={Touchscreen typing pattern analysis for remote detection of the depressive tendency},
  author={Mastoras, Rafail-Evangelos and Iakovakis, Dimitrios and Hadjidimitriou, Stelios and Charisis, Vasileios and Kassie, Seada and Alsaadi, Taoufik and Khandoker, Ahsan and Hadjileontiadis, Leontios J},
  journal={Scientific reports},
  volume={9},
  number={1},
  pages={13414},
  year={2019},
  publisher={Nature Publishing Group UK London}
}

@article{ware2020predicting,
  title={Predicting depressive symptoms using smartphone data},
  author={Ware, Shweta and Yue, Chaoqun and Morillo, Reynaldo and Lu, Jin and Shang, Chao and Bi, Jinbo and Kamath, Jayesh and Russell, Alexander and Bamis, Athanasios and Wang, Bing},
  journal={Smart Health},
  volume={15},
  pages={100093},
  year={2020},
  publisher={Elsevier}
}

@article{binz2023turning,
  title={Turning large language models into cognitive models},
  author={Binz, Marcel and Schulz, Eric},
  journal={arXiv preprint arXiv:2306.03917},
  year={2023}
}

@article{wei2022emergent,
  title={Emergent abilities of large language models},
  author={Wei, Jason and Tay, Yi and Bommasani, Rishi and Raffel, Colin and Zoph, Barret and Borgeaud, Sebastian and Yogatama, Dani and Bosma, Maarten and Zhou, Denny and Metzler, Donald and others},
  journal={arXiv preprint arXiv:2206.07682},
  year={2022}
}

@article{hua2024large,
  title={Large language models in mental health care: a scoping review},
  author={Hua, Yining and Liu, Fenglin and Yang, Kailai and Li, Zehan and Sheu, Yi-han and Zhou, Peilin and Moran, Lauren V and Ananiadou, Sophia and Beam, Andrew},
  journal={arXiv preprint arXiv:2401.02984},
  year={2024}
}

@article{adhikary2024exploring,
  title={Exploring the Efficacy of Large Language Models in Summarizing Mental Health Counseling Sessions: Benchmark Study},
  author={Adhikary, Prottay Kumar and Srivastava, Aseem and Kumar, Shivani and Singh, Salam Michael and Manuja, Puneet and Gopinath, Jini K and Krishnan, Vijay and Gupta, Swati Kedia and Deb, Koushik Sinha and Chakraborty, Tanmoy},
  journal={JMIR Mental Health},
  volume={11},
  pages={e57306},
  year={2024},
  publisher={JMIR Publications Toronto, Canada}
}

@article{broady2010comparison,
  title={Comparison of older and younger adults' attitudes towards and abilities with computers: Implications for training and learning},
  author={Broady, Tim and Chan, Amy and Caputi, Peter},
  journal={British Journal of Educational Technology},
  volume={41},
  number={3},
  pages={473--485},
  year={2010},
  publisher={Wiley Online Library}
}

@incollection{mcdonnell2013attitudes,
  title={Attitudes to Computerised Psychotherapy: A survey of psychotherapists},
  author={McDonnell, Dean and Rooney, Brendan and Flood, Cliona},
  booktitle={Cyberpsychology and New Media},
  pages={170--182},
  year={2013},
  publisher={Psychology Press}
}

@article{bagaric2020measuring,
  title={Measuring therapists' attitudes toward integration of technology in psychotherapy and predicting their use of technology},
  author={Bagari{\'c}, Branka and Joki{\'c}-Begi{\'c}, Nata{\v{s}}a},
  journal={Journal of clinical psychology},
  volume={76},
  number={6},
  pages={1151--1172},
  year={2020},
  publisher={Wiley Online Library}
}

@article{wang2024trust,
  title={Trust in range estimation system in battery electric vehicles--A mixed approach},
  author={Wang, Jiyao and Tu, Ran and Wang, Ange and He, Dengbo},
  journal={IEEE Transactions on Human-Machine Systems},
  year={2024},
  publisher={IEEE}
}



@article{hoglend2014exploration,
  title={Exploration of the patient-therapist relationship in psychotherapy},
  author={H{\o}glend, Per},
  journal={American Journal of Psychiatry},
  volume={171},
  number={10},
  pages={1056--1066},
  year={2014},
  publisher={Am Psychiatric Assoc}
}

@article{zilcha2015one,
  title={One size does not fit all: Examining heterogeneity and identifying moderators of the alliance--outcome association.},
  author={Zilcha-Mano, Sigal and Err{\'a}zuriz, Paula},
  journal={Journal of counseling psychology},
  volume={62},
  number={4},
  pages={579},
  year={2015},
  publisher={American Psychological Association}
}

@article{kaiser2022heterogeneity,
  title={Heterogeneity of treatment effects in trials on psychotherapy of depression.},
  author={Kaiser, Tim and Volkmann, Constantin and Volkmann, Alexander and Karyotaki, Eirini and Cuijpers, Pim and Brakemeier, Eva-Lotta},
  journal={Clinical Psychology: Science and Practice},
  volume={29},
  number={3},
  pages={294},
  year={2022},
  publisher={Educational Publishing Foundation}
}

@article{bonitz2008use,
  title={Use of physical touch in the" talking cure": A journey to the outskirts of psychotherapy.},
  author={Bonitz, Verena},
  journal={Psychotherapy: Theory, Research, Practice, Training},
  volume={45},
  number={3},
  pages={391},
  year={2008},
  publisher={Educational Publishing Foundation}
}

@article{foley2010nonverbal,
  title={Nonverbal communication in psychotherapy},
  author={Foley, Gretchen N and Gentile, Julie P},
  journal={Psychiatry (Edgmont)},
  volume={7},
  number={6},
  pages={38},
  year={2010},
  publisher={Matrix Medical Communications}
}

@article{zhou2022application,
  title={Application of artificial intelligence on psychological interventions and diagnosis: an overview},
  author={Zhou, Sijia and Zhao, Jingping and Zhang, Lulu},
  journal={Frontiers in Psychiatry},
  volume={13},
  pages={811665},
  year={2022},
  publisher={Frontiers Media SA}
}

@article{molli2022effectiveness,
  title={Effectiveness of AI-Based Chatbots in Mental Health Support: A Systematic Review},
  author={Molli, Vijaya Lakshmi Pavani},
  journal={Journal of Healthcare AI and ML},
  volume={9},
  number={9},
  pages={1--11},
  year={2022}
}

@article{yoo2023discussing,
  title={Discussing social media during psychotherapy consultations: patient narratives and privacy implications},
  author={Yoo, Dong Whi and Bhatnagar, Aditi and Ernala, Sindhu Kiranmai and Ali, Asra and Birnbaum, Michael L and Abowd, Gregory D and De Choudhury, Munmun},
  journal={Proceedings of the ACM on Human-Computer Interaction},
  volume={7},
  number={CSCW1},
  pages={1--24},
  year={2023},
  publisher={ACM New York, NY, USA}
}

@incollection{tekin2023ethical,
  title={Ethical issues surrounding artificial intelligence technologies in mental health: psychotherapy chatbots},
  author={Tekin, {\c{S}}erife},
  booktitle={Technology Ethics},
  pages={152--159},
  year={2023},
  publisher={Routledge}
}

@article{martinez2018ethical,
  title={Ethical issues for direct-to-consumer digital psychotherapy apps: addressing accountability, data protection, and consent},
  author={Martinez-Martin, Nicole and Kreitmair, Karola and others},
  journal={JMIR mental health},
  volume={5},
  number={2},
  pages={e9423},
  year={2018},
  publisher={JMIR Publications Inc., Toronto, Canada}
}

@article{hamdoun2023ai,
  title={AI-based and digital mental health apps: Balancing need and risk},
  author={Hamdoun, Salah and Monteleone, Rebecca and Bookman, Terri and Michael, Katina},
  journal={IEEE Technology and Society Magazine},
  volume={42},
  number={1},
  pages={25--36},
  year={2023},
  publisher={IEEE}
}

@article{khalil2024exploring,
  title={Exploring the potential of federated learning in mental health research: a systematic literature review},
  author={Khalil, Samar Samir and Tawfik, Noha S and Spruit, Marco},
  journal={Applied Intelligence},
  volume={54},
  number={2},
  pages={1619--1636},
  year={2024},
  publisher={Springer}
}



@article{romele2022images,
  title={Images of artificial intelligence: a blind spot in AI ethics},
  author={Romele, Alberto},
  journal={Philosophy \& Technology},
  volume={35},
  number={1},
  pages={4},
  year={2022},
  publisher={Springer}
}

@article{davis1989technology,
  title={Technology acceptance model},
  author={Davis, Fred D and Bagozzi, RP and Warshaw, PR},
  journal={J Manag Sci},
  volume={35},
  number={8},
  pages={982--1003},
  year={1989},
  publisher={Springer}
}

@article{venkatesh2012consumer,
  title={Consumer acceptance and use of information technology: extending the unified theory of acceptance and use of technology},
  author={Venkatesh, Viswanath and Thong, James YL and Xu, Xin},
  journal={MIS quarterly},
  pages={157--178},
  year={2012},
  publisher={JSTOR}
}

@inproceedings{sun2024understanding,
  title={Understanding Human-AI Collaboration in Music Therapy Through Co-Design with Therapists},
  author={Sun, Jingjing and Yang, Jingyi and Zhou, Guyue and Jin, Yucheng and Gong, Jiangtao},
  booktitle={Proceedings of the CHI Conference on Human Factors in Computing Systems},
  pages={1--21},
  year={2024}
}

@article{zigmond1983hospital,
  title={The hospital anxiety and depression scale},
  author={Zigmond, Anthony S and Snaith, R Philip},
  journal={Acta psychiatrica scandinavica},
  volume={67},
  number={6},
  pages={361--370},
  year={1983},
  publisher={Wiley Online Library}
}

@article{zhang2023tools,
  title={Tools or peers? Impacts of anthropomorphism level and social role on emotional attachment and disclosure tendency towards intelligent agents},
  author={Zhang, Andong and Rau, Pei-Luen Patrick},
  journal={Computers in Human Behavior},
  volume={138},
  pages={107415},
  year={2023},
  publisher={Elsevier}
}

@inproceedings{adell2010acceptance,
  title={Acceptance of driver support systems},
  author={Adell, Emeli},
  booktitle={Proceedings of the European conference on human centred design for intelligent transport systems},
  volume={2},
  pages={475--486},
  year={2010},
  organization={Humanist VCE: Ifsttar—Lyon-Bron, Berlin, Germany}
}

@article{stewart2002empirical,
  title={An empirical examination of the concern for information privacy instrument},
  author={Stewart, Kathy A and Segars, Albert H},
  journal={Information systems research},
  volume={13},
  number={1},
  pages={36--49},
  year={2002},
  publisher={INFORMS}
}

@article{feitosa2012social,
  title={Social identity: Clarifying its dimensions across cultures},
  author={Feitosa, Jennifer and Salas, Eduardo and Salazar, Maritza R},
  journal={Psihologijske teme},
  volume={21},
  number={3},
  pages={527--548},
  year={2012},
  publisher={Sveu{\v{c}}ili{\v{s}}te u Rijeci, Filozofski fakultet}
}

@inproceedings{franke2015advancing,
  title={Advancing electric vehicle range displays for enhanced user experience: the relevance of trust and adaptability},
  author={Franke, Thomas and Trantow, Maria and G{\"u}nther, Madlen and Krems, Josef F and Zott, Viktoria and Keinath, Andreas},
  booktitle={Proceedings of the 7th international conference on automotive user interfaces and interactive vehicular applications},
  pages={249--256},
  year={2015}
}



@article{thoits2011mechanisms,
  title={Mechanisms linking social ties and support to physical and mental health},
  author={Thoits, Peggy A},
  journal={Journal of health and social behavior},
  volume={52},
  number={2},
  pages={145--161},
  year={2011},
  publisher={Sage Publications Sage CA: Los Angeles, CA}
}

@article{scholz2024measuring,
  title={Measuring the Propensity to Trust in Automated Technology: Examining Similarities to Dispositional Trust in Other Humans and Validation of the PTT-A Scale},
  author={Scholz, David D and Kraus, Johannes and Miller, Linda},
  journal={International Journal of Human--Computer Interaction},
  pages={1--24},
  year={2024},
  publisher={Taylor \& Francis}
}

@article{jin2024llms,
  title={From LLMs to LLM-based Agents for Software Engineering: A Survey of Current, Challenges and Future},
  author={Jin, Haolin and Huang, Linghan and Cai, Haipeng and Yan, Jun and Li, Bo and Chen, Huaming},
  journal={arXiv preprint arXiv:2408.02479},
  year={2024}
}

@inproceedings{doh2015patterns,
  title={Patterns of ICT use among “senior technology experts”: The role of demographic variables, subjective beliefs and attitudes},
  author={Doh, Michael and Schmidt, Laura I and Herbolsheimer, Florian and Jokisch, Mario and Wahl, Hans-Werner},
  booktitle={Human Aspects of IT for the Aged Population. Design for Aging: First International Conference, ITAP 2015, Held as Part of HCI International 2015, Los Angeles, CA, USA, August 2-7, 2015. Proceedings, Part I 1},
  pages={177--188},
  year={2015},
  organization={Springer}
}

@inproceedings{nass1994computers,
  title={Computers are social actors},
  author={Nass, Clifford and Steuer, Jonathan and Tauber, Ellen R},
  booktitle={Proceedings of the SIGCHI conference on Human factors in computing systems},
  pages={72--78},
  year={1994}
}

@inproceedings{kornfield2022meeting,
  title={Meeting users where they are: user-centered design of an automated text messaging tool to support the mental health of young adults},
  author={Kornfield, Rachel and Meyerhoff, Jonah and Studd, Hannah and Bhattacharjee, Ananya and Williams, Joseph Jay and Reddy, Madhu and Mohr, David C},
  booktitle={Proceedings of the 2022 CHI Conference on Human Factors in Computing Systems},
  pages={1--16},
  year={2022}
}

@inproceedings{lattie2020designing,
  title={Designing mental health technologies that support the social ecosystem of college students},
  author={Lattie, Emily G and Kornfield, Rachel and Ringland, Kathryn E and Zhang, Renwen and Winquist, Nathan and Reddy, Madhu},
  booktitle={Proceedings of the 2020 CHI Conference on Human Factors in Computing Systems},
  pages={1--15},
  year={2020}
}

@article{meyerhoff2022meeting,
  title={Meeting young adults' social support needs across the health behavior change journey: implications for digital mental health tools},
  author={Meyerhoff, Jonah and Kornfield, Rachel and Mohr, David C and Reddy, Madhu},
  journal={Proceedings of the ACM on Human-computer Interaction},
  volume={6},
  number={CSCW2},
  pages={1--33},
  year={2022},
  publisher={ACM New York, NY, USA}
}

@article{bowman2024exploring,
  title={Exploring how politeness impacts the user experience of chatbots for mental health support},
  author={Bowman, Robert and Cooney, Orla and Newbold, Joseph W and Thieme, Anja and Clark, Leigh and Doherty, Gavin and Cowan, Benjamin},
  journal={International Journal of Human-Computer Studies},
  volume={184},
  pages={103181},
  year={2024},
  publisher={Elsevier}
}


@article{richards2023principlist,
  title={A principlist-based study of the ethical design and acceptability of artificial social agents},
  author={Richards, Deborah and Vythilingam, Ravi and Formosa, Paul},
  journal={International Journal of Human-Computer Studies},
  volume={172},
  pages={102980},
  year={2023},
  publisher={Elsevier}
}



@article{shapiro1996controlling,
  title={Controlling ourselves, controlling our world: Psychology's role in understanding positive and negative consequences of seeking and gaining control.},
  author={Shapiro Jr, Deane H and Schwartz, Carolyn E and Astin, John A},
  journal={American psychologist},
  volume={51},
  number={12},
  pages={1213},
  year={1996},
  publisher={American Psychological Association}
}

@article{he2024influencetaskgroupdisparities,
      title={The Influence of Task and Group Disparities over Users' Attitudes Toward Using Large Language Models for Psychotherapy}, 
      author={Qihang He and Jiyao Wang and Dengbo He},
journal={arXiv preprint arXiv:2409.05703},
  year={2024}
}