@inproceedings{DeiT,
  title={Training data-efficient image transformers \& distillation through attention},
  author={Touvron, Hugo and Cord, Matthieu and Douze, Matthijs and Massa, Francisco and Sablayrolles, Alexandre and J{\'e}gou, Herv{\'e}},
  booktitle={International conference on machine learning},
  pages={10347--10357},
  year={2021},
  organization={PMLR}
}

@inproceedings{swin,
  title={Swin transformer: Hierarchical vision transformer using shifted windows},
  author={Liu, Ze and Lin, Yutong and Cao, Yue and Hu, Han and Wei, Yixuan and Zhang, Zheng and Lin, Stephen and Guo, Baining},
  booktitle={Proceedings of the IEEE/CVF international conference on computer vision},
  pages={10012--10022},
  year={2021}
}

@inproceedings{ceit,
  title={Incorporating convolution designs into visual transformers},
  author={Yuan, Kun and Guo, Shaopeng and Liu, Ziwei and Zhou, Aojun and Yu, Fengwei and Wu, Wei},
  booktitle={Proceedings of the IEEE/CVF international conference on computer vision},
  pages={579--588},
  year={2021}
}

@inproceedings{t2t,
  title={Tokens-to-token vit: Training vision transformers from scratch on imagenet},
  author={Yuan, Li and Chen, Yunpeng and Wang, Tao and Yu, Weihao and Shi, Yujun and Jiang, Zi-Hang and Tay, Francis EH and Feng, Jiashi and Yan, Shuicheng},
  booktitle={Proceedings of the IEEE/CVF international conference on computer vision},
  pages={558--567},
  year={2021}
}

@inproceedings{lape,
  title={LaPE: Layer-adaptive position embedding for vision transformers with independent layer normalization},
  author={Yu, Runyi and Wang, Zhennan and Wang, Yinhuai and Li, Kehan and Liu, Chang and Duan, Haoyi and Ji, Xiangyang and Chen, Jie},
  booktitle={Proceedings of the IEEE/CVF International Conference on Computer Vision},
  pages={5886--5896},
  year={2023}
}

@article{vit,
  title={An image is worth 16x16 words: Transformers for image recognition at scale},
  author={Dosovitskiy, Alexey and Beyer, Lucas and Kolesnikov, Alexander and Weissenborn, Dirk and Zhai, Xiaohua and Unterthiner, Thomas and Dehghani, Mostafa and Minderer, Matthias and Heigold, Georg and Gelly, Sylvain and others},
  journal={arXiv preprint arXiv:2010.11929},
  year={2020}
}

@article{cpvt,
  title={Conditional positional encodings for vision transformers},
  author={Chu, Xiangxiang and Tian, Zhi and Zhang, Bo and Wang, Xinlong and Shen, Chunhua},
  journal={arXiv preprint arXiv:2102.10882},
  year={2021}
}

@misc{cct,
      title={Escaping the Big Data Paradigm with Compact Transformers}, 
      author={Ali Hassani and Steven Walton and Nikhil Shah and Abulikemu Abuduweili and Jiachen Li and Humphrey Shi},
      year={2022},
      eprint={2104.05704},
      archivePrefix={arXiv},
      primaryClass={cs.CV},
      url={https://arxiv.org/abs/2104.05704}, 
}

@inproceedings{irpe,
  title={Rethinking and improving relative position encoding for vision transformer},
  author={Wu, Kan and Peng, Houwen and Chen, Minghao and Fu, Jianlong and Chao, Hongyang},
  booktitle={Proceedings of the IEEE/CVF International Conference on Computer Vision},
  pages={10033--10041},
  year={2021}
}

@article{ln,
  title={Layer normalization},
  author={Ba, Jimmy Lei and Kiros, Jamie Ryan and Hinton, Geoffrey E},
  journal={arXiv preprint arXiv:1607.06450},
  year={2016}
}

@article{trnasformer,
  title={Attention is all you need},
  author={Vaswani, Ashish and Shazeer, Noam and Parmar, Niki and Uszkoreit, Jakob and Jones, Llion and Gomez, Aidan N and Kaiser, {\L}ukasz and Polosukhin, Illia},
  journal={Advances in neural information processing systems},
  volume={30},
  year={2017}
}

@article{vitadapter,
  title={Vision transformer adapter for dense predictions},
  author={Chen, Zhe and Duan, Yuchen and Wang, Wenhai and He, Junjun and Lu, Tong and Dai, Jifeng and Qiao, Yu},
  journal={arXiv preprint arXiv:2205.08534},
  year={2022}
}

@article{rpe,
  title={Self-attention with relative position representations},
  author={Shaw, Peter and Uszkoreit, Jakob and Vaswani, Ashish},
  journal={arXiv preprint arXiv:1803.02155},
  year={2018}
}

@inproceedings{2drpe,
  title={Attention augmented convolutional networks},
  author={Bello, Irwan and Zoph, Barret and Vaswani, Ashish and Shlens, Jonathon and Le, Quoc V},
  booktitle={Proceedings of the IEEE/CVF international conference on computer vision},
  pages={3286--3295},
  year={2019}
}

@article{cifar100,
  title={Learning multiple layers of features from tiny images},
  author={Krizhevsky, Alex and Hinton, Geoffrey and others},
  year={2009},
  publisher={Toronto, ON, Canada}
}

@inproceedings{imagenet,
  title={Imagenet: A large-scale hierarchical image database},
  author={Deng, Jia and Dong, Wei and Socher, Richard and Li, Li-Jia and Li, Kai and Fei-Fei, Li},
  booktitle={2009 IEEE conference on computer vision and pattern recognition},
  pages={248--255},
  year={2009},
  organization={Ieee}
}

@inproceedings{coco,
  title={Microsoft coco: Common objects in context},
  author={Lin, Tsung-Yi and Maire, Michael and Belongie, Serge and Hays, James and Perona, Pietro and Ramanan, Deva and Doll{\'a}r, Piotr and Zitnick, C Lawrence},
  booktitle={Computer Vision--ECCV 2014: 13th European Conference, Zurich, Switzerland, September 6-12, 2014, Proceedings, Part V 13},
  pages={740--755},
  year={2014},
  organization={Springer}
}

@article{ade20k,
  title={Semantic understanding of scenes through the ade20k dataset},
  author={Zhou, Bolei and Zhao, Hang and Puig, Xavier and Xiao, Tete and Fidler, Sanja and Barriuso, Adela and Torralba, Antonio},
  journal={International Journal of Computer Vision},
  volume={127},
  pages={302--321},
  year={2019},
  publisher={Springer}
}

@article{rope,
  title={Rotary position embedding for vision transformer},
  author={Heo, Byeongho and Park, Song and Han, Dongyoon and Yun, Sangdoo},
  journal={arXiv preprint arXiv:2403.13298},
  year={2024}
}

@inproceedings{pvt,
  title={Pyramid vision transformer: A versatile backbone for dense prediction without convolutions},
  author={Wang, Wenhai and Xie, Enze and Li, Xiang and Fan, Deng-Ping and Song, Kaitao and Liang, Ding and Lu, Tong and Luo, Ping and Shao, Ling},
  booktitle={Proceedings of the IEEE/CVF international conference on computer vision},
  pages={568--578},
  year={2021}
}

@inproceedings{pit,
  title={Rethinking spatial dimensions of vision transformers},
  author={Heo, Byeongho and Yun, Sangdoo and Han, Dongyoon and Chun, Sanghyuk and Choe, Junsuk and Oh, Seong Joon},
  booktitle={Proceedings of the IEEE/CVF international conference on computer vision},
  pages={11936--11945},
  year={2021}
}

@inproceedings{detr,
  title={End-to-end object detection with transformers},
  author={Carion, Nicolas and Massa, Francisco and Synnaeve, Gabriel and Usunier, Nicolas and Kirillov, Alexander and Zagoruyko, Sergey},
  booktitle={European conference on computer vision},
  pages={213--229},
  year={2020},
  organization={Springer}
}

@article{detr2,
  title={Deformable detr: Deformable transformers for end-to-end object detection},
  author={Zhu, Xizhou and Su, Weijie and Lu, Lewei and Li, Bin and Wang, Xiaogang and Dai, Jifeng},
  journal={arXiv preprint arXiv:2010.04159},
  year={2020}
}

@inproceedings{setr,
  title={Rethinking semantic segmentation from a sequence-to-sequence perspective with transformers},
  author={Zheng, Sixiao and Lu, Jiachen and Zhao, Hengshuang and Zhu, Xiatian and Luo, Zekun and Wang, Yabiao and Fu, Yanwei and Feng, Jianfeng and Xiang, Tao and Torr, Philip HS and others},
  booktitle={Proceedings of the IEEE/CVF conference on computer vision and pattern recognition},
  pages={6881--6890},
  year={2021}
}


@inproceedings{setr2,
  title={End-to-end video instance segmentation with transformers},
  author={Wang, Yuqing and Xu, Zhaoliang and Wang, Xinlong and Shen, Chunhua and Cheng, Baoshan and Shen, Hao and Xia, Huaxia},
  booktitle={Proceedings of the IEEE/CVF conference on computer vision and pattern recognition},
  pages={8741--8750},
  year={2021}
}

@inproceedings{segmenter,
  title={Segmenter: Transformer for semantic segmentation},
  author={Strudel, Robin and Garcia, Ricardo and Laptev, Ivan and Schmid, Cordelia},
  booktitle={Proceedings of the IEEE/CVF international conference on computer vision},
  pages={7262--7272},
  year={2021}
}

@inproceedings{mask-rcnn,
  title={Mask r-cnn},
  author={He, Kaiming and Gkioxari, Georgia and Doll{\'a}r, Piotr and Girshick, Ross},
  booktitle={Proceedings of the IEEE international conference on computer vision},
  pages={2961--2969},
  year={2017}
}

@inproceedings{upernet,
  title={Unified perceptual parsing for scene understanding},
  author={Xiao, Tete and Liu, Yingcheng and Zhou, Bolei and Jiang, Yuning and Sun, Jian},
  booktitle={Proceedings of the European conference on computer vision (ECCV)},
  pages={418--434},
  year={2018}
}

@article{twins,
  title={Twins: Revisiting the design of spatial attention in vision transformers},
  author={Chu, Xiangxiang and Tian, Zhi and Wang, Yuqing and Zhang, Bo and Ren, Haibing and Wei, Xiaolin and Xia, Huaxia and Shen, Chunhua},
  journal={Advances in neural information processing systems},
  volume={34},
  pages={9355--9366},
  year={2021}
}

@article{gap_cls,
  title={Do vision transformers see like convolutional neural networks?},
  author={Raghu, Maithra and Unterthiner, Thomas and Kornblith, Simon and Zhang, Chiyuan and Dosovitskiy, Alexey},
  journal={Advances in neural information processing systems},
  volume={34},
  pages={12116--12128},
  year={2021}
}

@inproceedings{STViT,
  title={Making vision transformers efficient from a token sparsification view},
  author={Chang, Shuning and Wang, Pichao and Lin, Ming and Wang, Fan and Zhang, David Junhao and Jin, Rong and Shou, Mike Zheng},
  booktitle={Proceedings of the IEEE/CVF Conference on Computer Vision and Pattern Recognition},
  pages={6195--6205},
  year={2023}
}

@inproceedings{scaling,
  title={Scaling vision transformers},
  author={Zhai, Xiaohua and Kolesnikov, Alexander and Houlsby, Neil and Beyer, Lucas},
  booktitle={Proceedings of the IEEE/CVF conference on computer vision and pattern recognition},
  pages={12104--12113},
  year={2022}
}

@inproceedings{permutation,
  title={Permutation Equivariance of Transformers and Its Applications},
  author={Xu, Hengyuan and Xiang, Liyao and Ye, Hangyu and Yao, Dixi and Chu, Pengzhi and Li, Baochun},
  booktitle={Proceedings of the IEEE/CVF Conference on Computer Vision and Pattern Recognition},
  pages={5987--5996},
  year={2024}
}


@inproceedings{
adamw,
title={Decoupled Weight Decay Regularization},
author={Ilya Loshchilov and Frank Hutter},
booktitle={International Conference on Learning Representations},
year={2019},
url={https://openreview.net/forum?id=Bkg6RiCqY7},
}

@misc{mmseg,
    title={{MMSegmentation}: OpenMMLab Semantic Segmentation Toolbox and Benchmark},
    author={MMSegmentation Contributors},
    howpublished = {\url{https://github.com/open-mmlab/mmsegmentation}},
    year={2020}
}

@article{mmdet,
  title   = {{MMDetection}: Open MMLab Detection Toolbox and Benchmark},
  author  = {Chen, Kai and Wang, Jiaqi and Pang, Jiangmiao and Cao, Yuhang and
             Xiong, Yu and Li, Xiaoxiao and Sun, Shuyang and Feng, Wansen and
             Liu, Ziwei and Xu, Jiarui and Zhang, Zheng and Cheng, Dazhi and
             Zhu, Chenchen and Cheng, Tianheng and Zhao, Qijie and Li, Buyu and
             Lu, Xin and Zhu, Rui and Wu, Yue and Dai, Jifeng and Wang, Jingdong
             and Shi, Jianping and Ouyang, Wanli and Loy, Chen Change and Lin, Dahua},
  journal= {arXiv preprint arXiv:1906.07155},
  year={2019}
}

@article{vgg,
  title={Very deep convolutional networks for large-scale image recognition},
  author={Simonyan, Karen},
  journal={arXiv preprint arXiv:1409.1556},
  year={2014}
}

@inproceedings{resnet,
  title={Deep residual learning for image recognition},
  author={He, Kaiming and Zhang, Xiangyu and Ren, Shaoqing and Sun, Jian},
  booktitle={Proceedings of the IEEE conference on computer vision and pattern recognition},
  pages={770--778},
  year={2016}
}