@misc{digitalworldsimulators,
        title={Beyond Language Models: Byte Models are Digital World Simulators}, 
        author={Shangda Wu and Xu Tan and Zili Wang and Rui Wang and Xiaobing Li and Maosong Sun},
        year={2024},
        eprint={2402.19155},
        archivePrefix={arXiv},
        primaryClass={cs.LG}
  }

@misc{grattafiori2024llama3herdmodels,
      title={The Llama 3 Herd of Models}, 
      author={Aaron Grattafiori and Abhimanyu Dubey and Abhinav Jauhri and Abhinav Pandey and Abhishek Kadian and Ahmad Al-Dahle and Aiesha Letman and Akhil Mathur and Alan Schelten and Alex Vaughan and Amy Yang and Angela Fan and Anirudh Goyal and Anthony Hartshorn and Aobo Yang and Archi Mitra and Archie Sravankumar and Artem Korenev and Arthur Hinsvark and Arun Rao and Aston Zhang and Aurelien Rodriguez and others},
      year={2024},
      eprint={2407.21783},
      archivePrefix={arXiv},
      primaryClass={cs.AI},
      url={https://arxiv.org/abs/2407.21783}, 
}

@article{mamba,
  title={Mamba: Linear-Time Sequence Modeling with Selective State Spaces},
  author={Gu, Albert and Dao, Tri},
  journal={arXiv preprint arXiv:2312.00752},
  year={2023}
}

@inproceedings{mamba2,
  title={Transformers are {SSM}s: Generalized Models and Efficient Algorithms Through Structured State Space Duality},
  author={Dao, Tri and Gu, Albert},
  booktitle={International Conference on Machine Learning (ICML)},
  year={2024}
}

@inproceedings{megabyte,
 author = {Yu, Lili and Simig, Daniel and Flaherty, Colin and Aghajanyan, Armen and Zettlemoyer, Luke and Lewis, Mike},
 booktitle = {Advances in Neural Information Processing Systems},
 editor = {A. Oh and T. Naumann and A. Globerson and K. Saenko and M. Hardt and S. Levine},
 pages = {78808--78823},
 title = {MEGABYTE: Predicting Million-byte Sequences with Multiscale Transformers},
 volume = {36},
 year = {2023}
}

@misc{pagnoni2024bytelatenttransformerpatches,
      title={Byte Latent Transformer: Patches Scale Better Than Tokens}, 
      author={Artidoro Pagnoni and Ram Pasunuru and Pedro Rodriguez and John Nguyen and Benjamin Muller and Margaret Li and Chunting Zhou and Lili Yu and Jason Weston and Luke Zettlemoyer and Gargi Ghosh and Mike Lewis and Ari Holtzman and Srinivasan Iyer},
      year={2024},
      eprint={2412.09871},
      archivePrefix={arXiv},
      primaryClass={cs.CL},
      url={https://arxiv.org/abs/2412.09871}, 
}

