@article{VS-PINN,
  title={{VS-PINN}: A Fast and efficient training of physics-informed neural networks using variable-scaling methods for solving PDEs with stiff behavior},
  author={Ko, S. and Park, S. H.},
  journal={arXiv preprint arXiv:2406.06287},
  year={2024}
}

@article{bai2022application,
  title={The application of improved physics-informed neural network (IPINN) method in finance},
  author={Bai, Y. and Chaolu, T. and Bilige, S.},
  journal={Nonlinear Dyn.},
  volume={107},
  number={4},
  pages={3655--3667},
  year={2022},
  publisher={Springer}
}

@article{cai2021physics,
  title={Physics-informed neural networks (PINNs) for fluid mechanics: A review},
  author={Cai, S. and Mao, Z. and Wang, Z. and Yin, M. and Karniadakis, G. E.},
  journal={Acta Mech. Sin.},
  volume={37},
  number={12},
  pages={1727--1738},
  year={2021},
  publisher={Springer}
}

@article{jacot2018neural,
  title={Neural tangent kernel: Convergence and generalization in neural networks},
  author={Jacot, A. and Gabriel, F. and Hongler, C.},
  journal={Adv. Neural. Inf. Process. Syst.},
  volume={31},
  year={2018}
}

@article{ji2021stiff,
  title={Stiff-pinn: Physics-informed neural network for stiff chemical kinetics},
  author={Ji, W. and Qiu, W. and Shi, Z. and Pan, S. and Deng, S.},
  journal={J. Phys. Chem. A},
  volume={125},
  number={36},
  pages={8098--8106},
  year={2021},
  publisher={ACS Publications}
}

@article{jin2021nsfnets,
  title={{NSF}nets ({N}avier-{S}tokes flow nets): {P}hysics-informed neural networks for the incompressible {N}avier-{S}tokes equations},
  author={Jin, X. and Cai, S. and Li, H. and Karniadakis, G. E.},
  journal={J. Comput. Phys.},
  volume={426},
  pages={109951},
  year={2021},
  publisher={Elsevier}
}

@article{kharazmi2021identifiability,
  title={Identifiability and predictability of integer-and fractional-order epidemiological models using physics-informed neural networks},
  author={Kharazmi, E. and Cai, M. and Zheng, X. and Zhang, Z. and Lin, G. and Karniadakis, G. E.},
  journal={Nat. Comput. Sci.},
  volume={1},
  number={11},
  pages={744--753},
  year={2021},
  publisher={Nature Publishing Group US New York}
}

@article{kissas2020machine,
  title={Machine learning in cardiovascular flows modeling: Predicting arterial blood pressure from non-invasive 4D flow MRI data using physics-informed neural networks},
  author={Kissas, G. and Yang, Y. and Hwuang, E. and Witschey, W. R. and Detre, J. A. and Perdikaris, P.},
  journal={Comput. Methods Appl. Mech. Eng.},
  volume={358},
  pages={112623},
  year={2020},
  publisher={Elsevier}
}

@article{lee2024hamilton,
  title={Hamilton--{J}acobi based policy-iteration via deep operator learning},
  author={Lee, J. Y. and Kim, Y.},
  journal={arXiv preprint arXiv:2406.10920},
  year={2024}
}

@article{liu2022physics,
  title={Physics-informed neural networks based on adaptive weighted loss functions for {H}amilton-{J}acobi equations},
  author={Liu, Y and Cai, L. and Chen, Y. and Wang, B.},
  journal={Math. Biosci. Eng.},
  volume={19},
  number={12},
  year={2022}
}

@article{mcclenny2023self,
  title={Self-adaptive physics-informed neural networks},
  author={McClenny, L. D. and Braga-Neto, U. M.},
  journal={J. Comput. Phys.},
  volume={474},
  pages={111722},
  year={2023},
  publisher={Elsevier}
}

@article{meng2024physics,
  title={Physics-informed neural network policy iteration: Algorithms, convergence, and verification},
  author={Meng, Y. and Zhou, R. and Mukherjee, A. and Fitzsimmons, M. and Song, C. and Liu, J.},
  journal={arXiv preprint arXiv:2402.10119},
  year={2024}
}

@article{mowlavi2023optimal,
  title={Optimal control of PDEs using physics-informed neural networks},
  author={Mowlavi, S. and Nabi, S.},
  journal={J. Comput. Phys.},
  volume={473},
  pages={111731},
  year={2023},
  publisher={Elsevier}
}

@article{raissi2019physics,
  title={Physics-informed neural networks: A deep learning framework for solving forward and inverse problems involving nonlinear partial differential equations},
  author={Raissi, M. and Perdikaris, P. and Karniadakis, G. E.},
  journal={J. Comput. Phys.},
  volume={378},
  pages={686--707},
  year={2019},
  publisher={Elsevier}
}

@article{raissi2020hidden,
  title={Hidden fluid mechanics: Learning velocity and pressure fields from flow visualizations},
  author={Raissi, M. and Yazdani, A. and Karniadakis, G. E.},
  journal={Science},
  volume={367},
  number={6481},
  pages={1026--1030},
  year={2020},
  publisher={American Association for the Advancement of Science}
}

@article{sahli2020physics,
  title={Physics-informed neural networks for cardiac activation mapping},
  author={Sahli C., F. and Yang, Y. and Perdikaris, P. and Hurtado, D. E. and Kuhl, E.},
  journal={Front. Phys.},
  volume={8},
  pages={42},
  year={2020},
  publisher={Frontiers Media SA}
}

@article{tang2023policy,
  title={Policy iteration for the deterministic control problems--a viscosity approach},
  author={Tang, W. and Tran, H. V. and Zhang, Y. P.},
  journal={arXiv preprint arXiv:2301.00419},
  year={2023}
}

@article{wang2021understanding,
  title={Understanding and mitigating gradient flow pathologies in physics-informed neural networks},
  author={Wang, S. and Teng, Y. and Perdikaris, P.},
  journal={SISC},
  volume={43},
  number={5},
  pages={A3055--A3081},
  year={2021},
  publisher={SIAM}
}

@article{wang2022and,
  title={When and why {PINN}s fail to train: A neural tangent kernel perspective},
  author={Wang, S. and Yu, X. and Perdikaris, P.},
  journal={J. Comput. Phys.},
  volume={449},
  pages={110768},
  year={2022},
  publisher={Elsevier}
}

@article{wang2023deep,
  title={A deep learning based numerical PDE method for option pricing},
  author={Wang, X. and Li, J. and Li, J.},
  journal={Comput. Econ.},
  volume={62},
  number={1},
  pages={149--164},
  year={2023},
  publisher={Springer}
}

@article{yazdani2020systems,
  title={Systems biology informed deep learning for inferring parameters and hidden dynamics},
  author={Yazdani, A. and Lu, L. and Raissi, M. and Karniadakis, G. E.},
  journal={PLoS Comput. Biol.},
  volume={16},
  number={11},
  pages={e1007575},
  year={2020},
  publisher={Public Library of Science San Francisco, CA USA}
}

@article{yin2023optimal,
  title={Optimal control by deep learning techniques and its applications on epidemic models},
  author={Yin, S. and Wu, J. and Song, P.},
  journal={J. Math. Biol.},
  volume={86},
  number={3},
  pages={36},
  year={2023},
  publisher={Springer}
}

