@article{barron1999regularity,
  title={Regularity of {H}amilton--{J}acobi equations when forward is backward},
  author={Barron, EN and Cannarsa, P and Jensen, R and Sinestrari, C},
  journal={Indiana Univ. Math. J.},
  pages={385--409},
  year={1999},
  publisher={JSTOR}
}

@article{bolzoni2017time,
  title={Time-optimal control strategies in {SIR} epidemic models},
  author={Bolzoni, L. and Bonacini, E. and Soresina, C. and Groppi, M.},
  journal={Math. Biosci.},
  volume={292},
  pages={86--96},
  year={2017},
  publisher={Elsevier}
}
%optimalcontrol

@article{hynd2021eradication,
  title={An eradication time problem for the {SIR} model},
  author={Hynd, R. and Ikpe, D. and Pendleton, T.},
  journal={J. Differ. Equ.},
  volume={303},
  pages={214--252},
  year={2021},
  publisher={Elsevier}
}


@article{chen2020SIR,
  title={A Time-Dependent SIR Model for COVID-19 With Undetectable Infected Persons},
  author={Chen, Yi-Cheng and Lu, Ping-En and Chang, Cheng-Shang and Liu, Tzu-Hsuan},
  journal={IEEE Trans. Netw. Sci. Eng.},
  volume={7},
  pages={3279--3294},
  year={2020},
  publisher={IEEE Communications Society}
}
%mathematical and numerical treatment for time-dependent SIR model

@article{shujing2007SIR,
  title={Analysis of an {SIR} epidemic model with pulse vaccination and distributed time delay},
  author={Gao, Shujing and Teng, Zhidong and Nieto, Juan and Torres, Angela},
  journal={J. Biomed. Biotechnol.},
  volume={2007},
  pages={3279--3294},
  year={2007},
  publisher={Hindawi Publishing Corporation}
}
%Analysis of an SIR epidemic model with pulse vaccination and distributed time delay

@article{pierre-alexandre2007optimal,
  title={Optimal Immunity Control and Final Size Minimization by Social Distancing for the {SIR} Epidemic Model},
  author={Bliman, P. A. and Duprez, M. and Privat, Y. and Vauchelet, N.},
  journal={J. Optim. Theory Appl.},
  volume={189},
  number={2},
  pages={408--436},
  year={2021},
  publisher={HAL Open Science}
}
%optimalstrategy


@article{ev2016optimalcontrol,
  title={Optimal Control for a {SIR} Epidemic Model with Nonlinear Incidence Rate},
  author={Grigorieva, E. V. and Khailov, E. N. and Korobeinikov, A.},
  journal={Math. Model. Nat. Phenom.},
  volume={11},
  number={4},
  pages={89--104},
  year={2016},
  publisher={Elsevier}
}
%optimalcontrol

@book{Evans2010textbook,
  title={Partial Differential Equations: Second Edition},
  author={Evans, Lawrence Craig},
  volume={19},
  year={2010},
  publisher={AMS Graduate Studies in Mathematics}
}



@article{han2022semiconcavity,
  title={Global semiconcavity of solutions to first-order Hamilton--Jacobi equations with state constraints},
  author={Han, Yuxi},
  journal={arXiv:2205.01615 [math.AP]},
  volume={},
  number={},
  pages={},
  year={2022},
  publisher={}
}



@article{kermack1927SIR,
  title={A contribution to the mathematical theory of epidemics},
  author={Kermack, W. O. and McKendrick, A. G.},
  journal={Proc. R. Soc. Lond., Ser. A, Math. Phys. Eng. Sci.},
  volume={115},
  number={772},
  pages={700--721},
  year={1927},
  publisher={Elsevier}
}


@article{barro2018optimal,
  title={Optimal control of a {SIR} epidemic model with general incidence function and a time delays},
  author={Barro, M. and Guiro, A. and Quedraogo, D.},
  journal={CUBO A Math. J.},
  volume={20},
  number={2},
  pages={53--66},
  year={2018}
}
%optimalcontrol

@article{hynd2022critical,
  title={Two critical times for the {SIR} model},
  author={Hynd, R. and Ikpe, D. and Pendleton, T.},
  journal={J. Math. Anal. Appl.},
  volume={505},
  year={2022}
}
%optimalcontrol

@book{vinter2010optimal,
  title={Optimal {C}ontrol},
  author={Vinter, Richard B and Vinter, RB},
  year={2010},
  publisher={Springer}
}




@article{cannarsa1991some,
  title={Some characterizations of optimal trajectories in control theory},
  author={Cannarsa, P. and Frankowska, H.},
  journal={SIAM J. Control Optim.},
  volume={29},
  number={6},
  pages={1322--1347},
  year={1991},
  publisher={SIAM}
}


@book{cannarsa2004semiconcave,
  title={Semiconcave {F}unctions, {H}amilton--{J}acobi {E}quations, and {O}ptimal {C}ontrol},
  author={Cannarsa, Piermarco and Sinestrari, Carlo},
  volume={58},
  year={2004},
  publisher={Springer Science \& Business Media}
}






@article{crandall1983viscosity,
  title={Viscosity solutions of {H}amilton--{J}acobi equations},
  author={Crandall, Michael G and Lions, Pierre-Louis},
  journal={Trans. Amer. Math. Soc.},
  volume={277},
  number={1},
  pages={1--42},
  year={1983}
}


@book{tran2021hamilton,
  title={Hamilton--{J}acobi {E}quations: {T}heory and {A}pplications},
  author={Tran, H. V.},
  volume={213},
  year={2021},
  publisher={American Mathematical Society, Graduate Studies in Mathematics}
}



@article{kopfova2021dynamics,
  title={Dynamics of SIR model with vaccination and heterogeneous behavioral response of individuals modeled by the Preisach operator},
  author={Kopfov{\'a}, Jana and N{\'a}b{\v{e}}lkov{\'a}, Petra and Rachinskii, Dmitrii and Rouf, Samiha C},
  journal={J. Math. Biol.},
  volume={83},
  pages={1--34},
  year={2021},
  publisher={Springer}
}




@article{chen2020time,
  title={A time-dependent SIR model for COVID-19 with undetectable infected persons},
  author={Chen, Yi-Cheng and Lu, Ping-En and Chang, Cheng-Shang and Liu, Tzu-Hsuan},
  journal={IEEE Trans. Netw. Sci. Eng.},
  volume={7},
  number={4},
  pages={3279--3294},
  year={2020},
  publisher={IEEE}
}


@book{hildebrand1987introduction,
  title={Introduction to numerical analysis},
  author={Hildebrand, Francis Begnaud},
  year={1987},
  publisher={Courier Corporation}
}


@article{bock1984multiple,
  title={A multiple shooting algorithm for direct solution of optimal control problems},
  author={Bock, Hans Georg and Plitt, Karl-Josef},
  journal={IFAC Proceedings Volumes},
  volume={17},
  number={2},
  pages={1603--1608},
  year={1984},
  publisher={Elsevier}
}


@article{raissi2019physics,
  title={Physics-informed neural networks: A deep learning framework for solving forward and inverse problems involving nonlinear partial differential equations},
  author={Raissi, M. and Perdikaris, P. and Karniadakis, G. E.},
  journal={J. Comput. Phys.},
  volume={378},
  pages={686--707},
  year={2019},
  publisher={Elsevier}
}


@book{pontryagin2018mathematical,
  title={Mathematical theory of optimal processes},
  author={Pontryagin, L. S.},
  year={2018},
  publisher={Routledge}
}


@article{jang2023minimum,
  title={On a minimum eradication time for the {SIR} model with time-dependent coefficients},
  author={Jang, J. and Kim, Y.},
  journal={arXiv preprint arXiv:2311.14657},
  year={2023}
}


@article{zhou2014optimal,
  title={Optimal vaccination policies for an SIR model with limited resources},
  author={Zhou, Yinggao and Yang, Kuan and Zhou, Kai and Liang, Yiting},
  journal={Acta Biotheor.},
  volume={62},
  pages={171--181},
  year={2014},
  publisher={Springer}
}





@article{lv2023time,
  title={Time-optimal control strategies for tungiasis diseases with limited resources},
  author={Lv, Wei and Jiang, Nan and Yu, Changjun},
  journal={Appl. Math. Model.},
  volume={117},
  pages={27--41},
  year={2023},
  publisher={Elsevier}
}







@article{VS-PINN,
  title={{VS-PINN}: A Fast and efficient training of physics-informed neural networks using variable-scaling methods for solving PDEs with stiff behavior},
  author={Ko, S. and Park, S. H.},
  journal={arXiv preprint arXiv:2406.06287},
  year={2024}
}


@article{wang2024practical,
  title={A practical PINN framework for multi-scale problems with multi-magnitude loss terms},
  author={Wang, Yong and Yao, Yanzhong and Guo, Jiawei and Gao, Zhiming},
  journal={J. Comput. Phys.},
  volume={510},
  pages={113112},
  year={2024},
  publisher={Elsevier}
}




@inproceedings{ramesh2023physics,
  title={Physics-informed model-based reinforcement learning},
  author={Ramesh, Adithya and Ravindran, Balaraman},
  booktitle={Learning for Dynamics and Control Conference},
  pages={26--37},
  year={2023},
  organization={PMLR}
}


@article{sahli2020physics,
  title={Physics-informed neural networks for cardiac activation mapping},
  author={Sahli C., F. and Yang, Y. and Perdikaris, P. and Hurtado, D. E. and Kuhl, E.},
  journal={Front. Phys.},
  volume={8},
  pages={42},
  year={2020},
  publisher={Frontiers Media SA}
}


@article{kissas2020machine,
  title={Machine learning in cardiovascular flows modeling: Predicting arterial blood pressure from non-invasive 4D flow MRI data using physics-informed neural networks},
  author={Kissas, G. and Yang, Y. and Hwuang, E. and Witschey, W. R. and Detre, J. A. and Perdikaris, P.},
  journal={Comput. Methods Appl. Mech. Eng.},
  volume={358},
  pages={112623},
  year={2020},
  publisher={Elsevier}
}

@article{cai2021physics,
  title={Physics-informed neural networks (PINNs) for fluid mechanics: A review},
  author={Cai, S. and Mao, Z. and Wang, Z. and Yin, M. and Karniadakis, G. E.},
  journal={Acta Mech. Sin.},
  volume={37},
  number={12},
  pages={1727--1738},
  year={2021},
  publisher={Springer}
}


@article{raissi2020hidden,
  title={Hidden fluid mechanics: Learning velocity and pressure fields from flow visualizations},
  author={Raissi, M. and Yazdani, A. and Karniadakis, G. E.},
  journal={Science},
  volume={367},
  number={6481},
  pages={1026--1030},
  year={2020},
  publisher={American Association for the Advancement of Science}
}


@article{raissi2019deep,
  title={Deep learning of vortex-induced vibrations},
  author={Raissi, M. and Wang, Z. and Triantafyllou, M.S. and Karniadakis, G. E.},
  journal={J. Fluid Mech.},
  volume={861},
  pages={119--137},
  year={2019},
  publisher={Cambridge University Press}
}


@article{jin2021nsfnets,
  title={{NSF}nets ({N}avier-{S}tokes flow nets): {P}hysics-informed neural networks for the incompressible {N}avier-{S}tokes equations},
  author={Jin, X. and Cai, S. and Li, H. and Karniadakis, G. E.},
  journal={J. Comput. Phys.},
  volume={426},
  pages={109951},
  year={2021},
  publisher={Elsevier}
}



@article{bai2022application,
  title={The application of improved physics-informed neural network (IPINN) method in finance},
  author={Bai, Y. and Chaolu, T. and Bilige, S.},
  journal={Nonlinear Dyn.},
  volume={107},
  number={4},
  pages={3655--3667},
  year={2022},
  publisher={Springer}
}


@article{wang2023deep,
  title={A deep learning based numerical PDE method for option pricing},
  author={Wang, X. and Li, J. and Li, J.},
  journal={Comput. Econ.},
  volume={62},
  number={1},
  pages={149--164},
  year={2023},
  publisher={Springer}
}


@article{kharazmi2021identifiability,
  title={Identifiability and predictability of integer-and fractional-order epidemiological models using physics-informed neural networks},
  author={Kharazmi, E. and Cai, M. and Zheng, X. and Zhang, Z. and Lin, G. and Karniadakis, G. E.},
  journal={Nat. Comput. Sci.},
  volume={1},
  number={11},
  pages={744--753},
  year={2021},
  publisher={Nature Publishing Group US New York}
}


@article{yazdani2020systems,
  title={Systems biology informed deep learning for inferring parameters and hidden dynamics},
  author={Yazdani, A. and Lu, L. and Raissi, M. and Karniadakis, G. E.},
  journal={PLoS Comput. Biol.},
  volume={16},
  number={11},
  pages={e1007575},
  year={2020},
  publisher={Public Library of Science San Francisco, CA USA}
}


@article{jacot2018neural,
  title={Neural tangent kernel: Convergence and generalization in neural networks},
  author={Jacot, A. and Gabriel, F. and Hongler, C.},
  journal={Adv. Neural. Inf. Process. Syst.},
  volume={31},
  year={2018}
}


@article{wang2021understanding,
  title={Understanding and mitigating gradient flow pathologies in physics-informed neural networks},
  author={Wang, S. and Teng, Y. and Perdikaris, P.},
  journal={SISC},
  volume={43},
  number={5},
  pages={A3055--A3081},
  year={2021},
  publisher={SIAM}
}



@article{wang2022and,
  title={When and why {PINN}s fail to train: A neural tangent kernel perspective},
  author={Wang, S. and Yu, X. and Perdikaris, P.},
  journal={J. Comput. Phys.},
  volume={449},
  pages={110768},
  year={2022},
  publisher={Elsevier}
}


@article{ji2021stiff,
  title={Stiff-pinn: Physics-informed neural network for stiff chemical kinetics},
  author={Ji, W. and Qiu, W. and Shi, Z. and Pan, S. and Deng, S.},
  journal={J. Phys. Chem. A},
  volume={125},
  number={36},
  pages={8098--8106},
  year={2021},
  publisher={ACS Publications}
}

@article{mcclenny2023self,
  title={Self-adaptive physics-informed neural networks},
  author={McClenny, L. D. and Braga-Neto, U. M.},
  journal={J. Comput. Phys.},
  volume={474},
  pages={111722},
  year={2023},
  publisher={Elsevier}
}


@article{liu2022physics,
  title={Physics-informed neural networks based on adaptive weighted loss functions for {H}amilton-{J}acobi equations},
  author={Liu, Y and Cai, L. and Chen, Y. and Wang, B.},
  journal={Math. Biosci. Eng.},
  volume={19},
  number={12},
  year={2022}
}



@article{yin2023optimal,
  title={Optimal control by deep learning techniques and its applications on epidemic models},
  author={Yin, S. and Wu, J. and Song, P.},
  journal={J. Math. Biol.},
  volume={86},
  number={3},
  pages={36},
  year={2023},
  publisher={Springer}
}


@article{lee2024hamilton,
  title={Hamilton--{J}acobi based policy-iteration via deep operator learning},
  author={Lee, J. Y. and Kim, Y.},
  journal={arXiv preprint arXiv:2406.10920},
  year={2024}
}


@article{tang2023policy,
  title={Policy iteration for the deterministic control problems--a viscosity approach},
  author={Tang, W. and Tran, H. V. and Zhang, Y. P.},
  journal={arXiv preprint arXiv:2301.00419},
  year={2023}
}


@article{meng2024physics,
  title={Physics-informed neural network policy iteration: Algorithms, convergence, and verification},
  author={Meng, Y. and Zhou, R. and Mukherjee, A. and Fitzsimmons, M. and Song, C. and Liu, J.},
  journal={arXiv preprint arXiv:2402.10119},
  year={2024}
}


@article{mowlavi2023optimal,
  title={Optimal control of PDEs using physics-informed neural networks},
  author={Mowlavi, S. and Nabi, S.},
  journal={J. Comput. Phys.},
  volume={473},
  pages={111731},
  year={2023},
  publisher={Elsevier}
}

@book{hogg2013introduction,
  title={Introduction to {M}athematical {S}tatistics},
  author={Hogg, R. V. and McKean, J .W. and Craig, A. T. and others},
  year={2013},
  publisher={Pearson Education India}
}

@article{kingma2014adam,
  title={{A}dam: {A} method for stochastic optimization},
  author={Kingma, D.P.},
  journal={arXiv preprint arXiv:1412.6980},
  year={2014}
}