@article{castiglioni2022unifying,
  title={A unifying framework for online optimization with long-term constraints},
  author={Castiglioni, Matteo and Celli, Andrea and Marchesi, Alberto and Romano, Giulia and Gatti, Nicola},
  journal={Advances in Neural Information Processing Systems},
  volume={35},
  pages={33589--33602},
  year={2022}
}

@inproceedings{chen2019projection,
  title={Projection-free bandit convex optimization},
  author={Chen, Lin and Zhang, Mingrui and Karbasi, Amin},
  booktitle={The 22nd International Conference on Artificial Intelligence and Statistics},
  pages={2047--2056},
  year={2019},
  organization={PMLR}
}

@inproceedings{garber2020improved,
  title={Improved regret bounds for projection-free bandit convex optimization},
  author={Garber, Dan and Kretzu, Ben},
  booktitle={International Conference on Artificial Intelligence and Statistics},
  pages={2196--2206},
  year={2020},
  organization={PMLR}
}

@inproceedings{garber2022new,
  title={New projection-free algorithms for online convex optimization with adaptive regret guarantees},
  author={Garber, Dan and Kretzu, Ben},
  booktitle={Conference on Learning Theory},
  pages={2326--2359},
  year={2022},
  organization={PMLR}
}

@inproceedings{garberprojection,
  title={Projection-Free Online Convex Optimization with Time-Varying Constraints},
  author={Garber, Dan and Kretzu, Ben},
  booktitle={Forty-first International Conference on Machine Learning},
  year={2024}
}

@article{guo2022online,
  title={Online convex optimization with hard constraints: Towards the best of two worlds and beyond},
  author={Guo, Hengquan and Liu, Xin and Wei, Honghao and Ying, Lei},
  journal={Advances in Neural Information Processing Systems},
  volume={35},
  pages={36426--36439},
  year={2022}
}

@inproceedings{hazan2012projection,
  title={Projection-free online learning},
  author={Hazan, Elad and Kale, Satyen},
  booktitle={29th International Conference on Machine Learning, ICML 2012},
  pages={521--528},
  year={2012}
}

@article{hu2024riemannian,
  title={Riemannian projection-free online learning},
  author={Hu, Zihao and Wang, Guanghui and Abernethy, Jacob D},
  journal={Advances in Neural Information Processing Systems},
  volume={36},
  year={2023}
}

@inproceedings{jenatton2016adaptive,
  title={Adaptive algorithms for online convex optimization with long-term constraints},
  author={Jenatton, Rodolphe and Huang, Jim and Archambeau, C{\'e}dric},
  booktitle={International Conference on Machine Learning},
  pages={402--411},
  year={2016},
  organization={PMLR}
}

@article{kolev2023online,
  title={Online Learning under Adversarial Nonlinear Constraints},
  author={Kolev, Pavel and Martius, Georg and Muehlebach, Michael},
  journal={Advances in Neural Information Processing Systems},
  volume={36},
  year={2023}
}

@inproceedings{levy2019projection,
  title={Projection free online learning over smooth sets},
  author={Levy, Kfir and Krause, Andreas},
  booktitle={The 22nd international conference on artificial intelligence and statistics},
  pages={1458--1466},
  year={2019},
  organization={PMLR}
}

@inproceedings{liakopoulos2019cautious,
  title={Cautious regret minimization: Online optimization with long-term budget constraints},
  author={Liakopoulos, Nikolaos and Destounis, Apostolos and Paschos, Georgios and Spyropoulos, Thrasyvoulos and Mertikopoulos, Panayotis},
  booktitle={International Conference on Machine Learning},
  pages={3944--3952},
  year={2019},
  organization={PMLR}
}

@inproceedings{lu2023projection,
  title={Projection-free adaptive regret with membership oracles},
  author={Lu, Zhou and Brukhim, Nataly and Gradu, Paula and Hazan, Elad},
  booktitle={International Conference on Algorithmic Learning Theory},
  pages={1055--1073},
  year={2023},
  organization={PMLR}
}

@article{mahdavi2012trading,
  title={Trading regret for efficiency: online convex optimization with long term constraints},
  author={Mahdavi, Mehrdad and Jin, Rong and Yang, Tianbao},
  journal={The Journal of Machine Learning Research},
  volume={13},
  number={1},
  pages={2503--2528},
  year={2012},
  publisher={JMLR. org}
}

@inproceedings{mhammedi2022efficient,
  title={Efficient projection-free online convex optimization with membership oracle},
  author={Mhammedi, Zakaria},
  booktitle={Conference on Learning Theory},
  pages={5314--5390},
  year={2022},
  organization={PMLR}
}

@article{mhammedi2024online,
  title={Online Convex Optimization with a Separation Oracle},
  author={Mhammedi, Zakaria},
  journal={arXiv preprint arXiv:2410.02476},
  year={2024}
}

@article{necoara2022stochastic,
  title={Stochastic subgradient for composite convex optimization with functional constraints},
  author={Necoara, Ion and Singh, Nitesh Kumar},
  journal={Journal of Machine Learning Research},
  volume={23},
  number={265},
  pages={1--35},
  year={2022}
}

@article{nedic2011random,
  title={Random algorithms for convex minimization problems},
  author={Nedi{\'c}, Angelia},
  journal={Mathematical programming},
  volume={129},
  pages={225--253},
  year={2011},
  publisher={Springer}
}

@article{nedic2019random,
  title={Random minibatch subgradient algorithms for convex problems with functional constraints},
  author={Nedi{\'c}, Angelia and Necoara, Ion},
  journal={Applied Mathematics \& Optimization},
  volume={80},
  number={3},
  pages={801--833},
  year={2019},
  publisher={Springer}
}

@article{neely2017online,
  title={Online convex optimization with time-varying constraints},
  author={Neely, Michael J and Yu, Hao},
  journal={arXiv preprint arXiv:1702.04783},
  year={2017}
}

@incollection{polyak2001random,
  title={Random algorithms for solving convex inequalities},
  author={Polyak, Boris T},
  booktitle={Studies in Computational Mathematics},
  volume={8},
  pages={409--422},
  year={2001},
  publisher={Elsevier}
}

@inproceedings{wang2024non,
  title={Non-stationary projection-free online learning with dynamic and adaptive regret guarantees},
  author={Wang, Yibo and Yang, Wenhao and Jiang, Wei and Lu, Shiyin and Wang, Bing and Tang, Haihong and Wan, Yuanyu and Zhang, Lijun},
  booktitle={Proceedings of the AAAI Conference on Artificial Intelligence},
  volume={38},
  number={14},
  pages={15671--15679},
  year={2024}
}

@inproceedings{yi2021regret,
  title={Regret and cumulative constraint violation analysis for online convex optimization with long term constraints},
  author={Yi, Xinlei and Li, Xiuxian and Yang, Tao and Xie, Lihua and Chai, Tianyou and Johansson, Karl},
  booktitle={International conference on machine learning},
  pages={11998--12008},
  year={2021},
  organization={PMLR}
}

@article{yi2022regret,
  title={Regret and cumulative constraint violation analysis for distributed online constrained convex optimization},
  author={Yi, Xinlei and Li, Xiuxian and Yang, Tao and Xie, Lihua and Chai, Tianyou and Johansson, Karl Henrik},
  journal={IEEE Transactions on Automatic Control},
  volume={68},
  number={5},
  pages={2875--2890},
  year={2022},
  publisher={IEEE}
}

@article{yu2017online,
  title={Online convex optimization with stochastic constraints},
  author={Yu, Hao and Neely, Michael and Wei, Xiaohan},
  journal={Advances in Neural Information Processing Systems},
  volume={30},
  year={2017}
}

@article{yu2020low,
  title={A low complexity algorithm with $O(\sqrt{T})$ regret and $O(1)$ constraint violations for online convex optimization with long term constraints},
  author={Yu, Hao and Neely, Michael J},
  journal={Journal of Machine Learning Research},
  volume={21},
  number={1},
  pages={1--24},
  year={2020}
}

@article{yuan2018online,
  title={Online convex optimization for cumulative constraints},
  author={Yuan, Jianjun and Lamperski, Andrew},
  journal={Advances in Neural Information Processing Systems},
  volume={31},
  year={2018}
}

