@article{flaxman2004online,
  title={Online convex optimization in the bandit setting: gradient descent without a gradient},
  author={Flaxman, Abraham D and Kalai, Adam Tauman and McMahan, H Brendan},
  journal={arXiv preprint cs/0408007},
  year={2004}
}

@article{abbasi2011improved,
  title={Improved algorithms for linear stochastic bandits},
  author={Abbasi-Yadkori, Yasin and P{\'a}l, D{\'a}vid and Szepesv{\'a}ri, Csaba},
  journal={Advances in neural information processing systems},
  volume={24},
  year={2011}
}

@article{ahlswede2002strong,
  title={Strong converse for identification via quantum channels},
  author={Ahlswede, Rudolf and Winter, Andreas},
  journal={IEEE Transactions on Information Theory},
  volume={48},
  number={3},
  pages={569--579},
  year={2002},
  publisher={IEEE}
}

@article{hazan2016introduction,
  title={Introduction to online convex optimization},
  author={Hazan, Elad},
  journal={Foundations and Trends{\textregistered} in Optimization},
  volume={2},
  number={3-4},
  pages={157--325},
  year={2016},
  publisher={Now Publishers, Inc.}
}

@article{tropp2012user,
  title={User-friendly tail bounds for sums of random matrices},
  author={Tropp, Joel A},
  journal={Foundations of computational mathematics},
  volume={12},
  number={4},
  pages={389--434},
  year={2012},
  publisher={Springer}
}

@article{tropp2015introduction,
  title={An introduction to matrix concentration inequalities},
  author={Tropp, Joel A and others},
  journal={Foundations and Trends{\textregistered} in Machine Learning},
  volume={8},
  number={1-2},
  pages={1--230},
  year={2015},
  publisher={Now Publishers, Inc.}
}

@inproceedings{agarwal2010optimal,
  title={Optimal Algorithms for Online Convex Optimization with Multi-Point Bandit Feedback.},
  author={Agarwal, Alekh and Dekel, Ofer and Xiao, Lin},
  booktitle={Colt},
  pages={28--40},
  year={2010},
  organization={Citeseer}
}

@book{bhatia2013matrix,
  title={Matrix analysis},
  author={Bhatia, Rajendra},
  volume={169},
  year={2013},
  publisher={Springer Science \& Business Media}
}

@inproceedings{zinkevich2003online,
  title={Online convex programming and generalized infinitesimal gradient ascent},
  author={Zinkevich, Martin},
  booktitle={Proceedings of the 20th international conference on machine learning (icml-03)},
  pages={928--936},
  year={2003}
}

@article{garber2016linearly,
  title={A linearly convergent variant of the conditional gradient algorithm under strong convexity, with applications to online and stochastic optimization},
  author={Garber, Dan and Hazan, Elad},
  journal={SIAM Journal on Optimization},
  volume={26},
  number={3},
  pages={1493--1528},
  year={2016},
  publisher={SIAM}
}

@article{hazan2014bandit,
  title={Bandit convex optimization: Towards tight bounds},
  author={Hazan, Elad and Levy, Kfir},
  journal={Advances in Neural Information Processing Systems},
  volume={27},
  year={2014}
}

@article{shalev2012online,
  title={Online learning and online convex optimization},
  author={Shalev-Shwartz, Shai and others},
  journal={Foundations and Trends{\textregistered} in Machine Learning},
  volume={4},
  number={2},
  pages={107--194},
  year={2012},
  publisher={Now Publishers, Inc.}
}

@article{dani2007price,
  title={The price of bandit information for online optimization},
  author={Dani, Varsha and Kakade, Sham M and Hayes, Thomas},
  journal={Advances in Neural Information Processing Systems},
  volume={20},
  year={2007}
}

@article{fereydounian2020safe,
  title={Safe learning under uncertain objectives and constraints},
  author={Fereydounian, Mohammad and Shen, Zebang and Mokhtari, Aryan and Karbasi, Amin and Hassani, Hamed},
  journal={arXiv preprint arXiv:2006.13326},
  year={2020}
}

@inproceedings{chaudhary2022safe,
  title={Safe online convex optimization with unknown linear safety constraints},
  author={Chaudhary, Sapana and Kalathil, Dileep},
  booktitle={Proceedings of the AAAI Conference on Artificial Intelligence},
  volume={36},
  number={6},
  pages={6175--6182},
  year={2022}
}

@inproceedings{usmanova2019safe,
  title={Safe convex learning under uncertain constraints},
  author={Usmanova, Ilnura and Krause, Andreas and Kamgarpour, Maryam},
  booktitle={The 22nd International Conference on Artificial Intelligence and Statistics},
  pages={2106--2114},
  year={2019},
  organization={PMLR}
}

@inproceedings{saha2011improved,
  title={Improved regret guarantees for online smooth convex optimization with bandit feedback},
  author={Saha, Ankan and Tewari, Ambuj},
  booktitle={Proceedings of the fourteenth international conference on artificial intelligence and statistics},
  pages={636--642},
  year={2011},
  organization={JMLR Workshop and Conference Proceedings}
}

@MISC {3647337,
    TITLE = {Spectrum of SPD block matrix},
    AUTHOR = {math1223 (https://math.stackexchange.com/users/588595/math1223)},
    HOWPUBLISHED = {Mathematics Stack Exchange},
    NOTE = {URL:https://math.stackexchange.com/q/3647337 (version: 2020-04-28)},
    EPRINT = {https://math.stackexchange.com/q/3647337},
    URL = {https://math.stackexchange.com/q/3647337}
}

@article{zhao2021bandit,
  title={Bandit convex optimization in non-stationary environments},
  author={Zhao, Peng and Wang, Guanghui and Zhang, Lijun and Zhou, Zhi-Hua},
  journal={The Journal of Machine Learning Research},
  volume={22},
  number={1},
  pages={5562--5606},
  year={2021},
  publisher={JMLRORG}
}

@book{rockafellar1997convex,
  title={Convex analysis},
  author={Rockafellar, R Tyrrell},
  volume={11},
  year={1997},
  publisher={Princeton university press}
}

@book{schneider2014convex,
  title={Convex bodies: the Brunn--Minkowski theory},
  author={Schneider, Rolf},
  number={151},
  year={2014},
  publisher={Cambridge university press}
}

@book{bertsekas2016nonlinear,
  title={Nonlinear Programming},
  author={Bertsekas, Dimitri},
  volume={2},
  year={1999},
  publisher={Athena Scientific}
}

@article{rockafellar1970convex,
  title={Convex Analysis},
  author={Rockafellar, RT},
  journal={Princeton Math. Series},
  volume={28},
  year={1970}
}

@book{rockafellar2009variational,
  title={Variational analysis},
  author={Rockafellar, R Tyrrell and Wets, Roger J-B},
  volume={317},
  year={2009},
  publisher={Springer Science \& Business Media}
}

@article{mahdavi2012trading,
  title={Trading regret for efficiency: online convex optimization with long term constraints},
  author={Mahdavi, Mehrdad and Jin, Rong and Yang, Tianbao},
  journal={The Journal of Machine Learning Research},
  volume={13},
  number={1},
  pages={2503--2528},
  year={2012},
  publisher={JMLR. org}
}

@inproceedings{levy2019projection,
  title={Projection free online learning over smooth sets},
  author={Levy, Kfir and Krause, Andreas},
  booktitle={The 22nd international conference on artificial intelligence and statistics},
  pages={1458--1466},
  year={2019},
  organization={PMLR}
}

@article{neely2017online,
  title={Online convex optimization with time-varying constraints},
  author={Neely, Michael J and Yu, Hao},
  journal={arXiv preprint arXiv:1702.04783},
  year={2017}
}

@article{kolev2023online,
  title={Online Learning under Adversarial Nonlinear Constraints},
  author={Kolev, Pavel and Martius, Georg and Muehlebach, Michael},
  journal={Advances in Neural Information Processing Systems},
  volume={36},
  year={2023}
}

@article{polyak1969minimization,
  title={Minimization of unsmooth functionals},
  author={Polyak, Boris T},
  journal={USSR Computational Mathematics and Mathematical Physics},
  volume={9},
  number={3},
  pages={14--29},
  year={1969},
  publisher={Elsevier}
}

@article{nedic2011random,
  title={Random algorithms for convex minimization problems},
  author={Nedi{\'c}, Angelia},
  journal={Mathematical programming},
  volume={129},
  pages={225--253},
  year={2011},
  publisher={Springer}
}

@article{nedic2019random,
  title={Random minibatch subgradient algorithms for convex problems with functional constraints},
  author={Nedi{\'c}, Angelia and Necoara, Ion},
  journal={Applied Mathematics \& Optimization},
  volume={80},
  number={3},
  pages={801--833},
  year={2019},
  publisher={Springer}
}

@inproceedings{mhammedi2022efficient,
  title={Efficient projection-free online convex optimization with membership oracle},
  author={Mhammedi, Zakaria},
  booktitle={Conference on Learning Theory},
  pages={5314--5390},
  year={2022},
  organization={PMLR}
}

@inproceedings{polyak1979sharp,
  title={Sharp minima. institute of control sciences lecture notes, moscow, ussr, 1979},
  author={Polyak, Boris T},
  booktitle={IIASA workshop on generalized Lagrangians and their applications, IIASA, Laxenburg, Austria},
  year={1979}
}


@article{necoara2022stochastic,
  title={Stochastic subgradient for composite convex optimization with functional constraints},
  author={Necoara, Ion and Singh, Nitesh Kumar},
  journal={Journal of Machine Learning Research},
  volume={23},
  number={265},
  pages={1--35},
  year={2022}
}

@article{burke1993weak,
  title={Weak sharp minima in mathematical programming},
  author={Burke, James V and Ferris, Michael C},
  journal={SIAM Journal on Control and Optimization},
  volume={31},
  number={5},
  pages={1340--1359},
  year={1993},
  publisher={SIAM}
}

@article{roulet2017sharpness,
  title={Sharpness, restart and acceleration},
  author={Roulet, Vincent and d'Aspremont, Alexandre},
  journal={Advances in Neural Information Processing Systems},
  volume={30},
  year={2017}
}

@article{yu2020low,
  title={A low complexity algorithm with $O(\sqrt{T})$ regret and $O(1)$ constraint violations for online convex optimization with long term constraints},
  author={Yu, Hao and Neely, Michael J},
  journal={Journal of Machine Learning Research},
  volume={21},
  number={1},
  pages={1--24},
  year={2020}
}

@article{yu2017online,
  title={Online convex optimization with stochastic constraints},
  author={Yu, Hao and Neely, Michael and Wei, Xiaohan},
  journal={Advances in Neural Information Processing Systems},
  volume={30},
  year={2017}
}

@inproceedings{garber2022new,
  title={New projection-free algorithms for online convex optimization with adaptive regret guarantees},
  author={Garber, Dan and Kretzu, Ben},
  booktitle={Conference on Learning Theory},
  pages={2326--2359},
  year={2022},
  organization={PMLR}
}

@article{mannor2009online,
  title={Online Learning with Sample Path Constraints.},
  author={Mannor, Shie and Tsitsiklis, John N and Yu, Jia Yuan},
  journal={Journal of Machine Learning Research},
  volume={10},
  number={3},
  year={2009}
}

@article{yuan2018online,
  title={Online convex optimization for cumulative constraints},
  author={Yuan, Jianjun and Lamperski, Andrew},
  journal={Advances in Neural Information Processing Systems},
  volume={31},
  year={2018}
}

@inproceedings{hazan2012projection,
  title={Projection-free online learning},
  author={Hazan, Elad and Kale, Satyen},
  booktitle={29th International Conference on Machine Learning, ICML 2012},
  pages={521--528},
  year={2012}
}

@inproceedings{hazan2020faster,
  title={Faster projection-free online learning},
  author={Hazan, Elad and Minasyan, Edgar},
  booktitle={Conference on Learning Theory},
  pages={1877--1893},
  year={2020},
  organization={PMLR}
}

@inproceedings{mhammedi2023projection,
  title={Projection-free online convex optimization via efficient newton iterations},
  author={Mhammedi, Zakaria and Gatmiry, Khashayar},
  booktitle={Proceedings of the 37th International Conference on Neural Information Processing Systems},
  pages={986--1008},
  year={2023}
}

@inproceedings{abernethy2008competing,
  title={Competing in the Dark: An Efficient Algorithm for Bandit Linear Optimization.},
  author={Abernethy, Jacob D and Hazan, Elad and Rakhlin, Alexander},
  booktitle={COLT},
  pages={263--274},
  year={2008},
  organization={Citeseer}
}

@inproceedings{jenatton2016adaptive,
  title={Adaptive algorithms for online convex optimization with long-term constraints},
  author={Jenatton, Rodolphe and Huang, Jim and Archambeau, C{\'e}dric},
  booktitle={International Conference on Machine Learning},
  pages={402--411},
  year={2016},
  organization={PMLR}
}

@article{yi2022regret,
  title={Regret and cumulative constraint violation analysis for distributed online constrained convex optimization},
  author={Yi, Xinlei and Li, Xiuxian and Yang, Tao and Xie, Lihua and Chai, Tianyou and Johansson, Karl Henrik},
  journal={IEEE Transactions on Automatic Control},
  volume={68},
  number={5},
  pages={2875--2890},
  year={2022},
  publisher={IEEE}
}

@inproceedings{liakopoulos2019cautious,
  title={Cautious regret minimization: Online optimization with long-term budget constraints},
  author={Liakopoulos, Nikolaos and Destounis, Apostolos and Paschos, Georgios and Spyropoulos, Thrasyvoulos and Mertikopoulos, Panayotis},
  booktitle={International Conference on Machine Learning},
  pages={3944--3952},
  year={2019},
  organization={PMLR}
}

@article{gatmiry2024projection,
  title={Projection-Free Online Convex Optimization via Efficient Newton Iterations},
  author={Gatmiry, Khashayar and Mhammedi, Zak},
  journal={Advances in Neural Information Processing Systems},
  volume={36},
  year={2023}
}

@inproceedings{yi2021regret,
  title={Regret and cumulative constraint violation analysis for online convex optimization with long term constraints},
  author={Yi, Xinlei and Li, Xiuxian and Yang, Tao and Xie, Lihua and Chai, Tianyou and Johansson, Karl},
  booktitle={International conference on machine learning},
  pages={11998--12008},
  year={2021},
  organization={PMLR}
}

@article{shalev2007primal,
  title={A primal-dual perspective of online learning algorithms},
  author={Shalev-Shwartz, Shai and Singer, Yoram},
  journal={Machine Learning},
  volume={69},
  pages={115--142},
  year={2007},
  publisher={Springer}
}

@article{yuan2021distributed,
  title={Distributed online optimization with long-term constraints},
  author={Yuan, Deming and Proutiere, Alexandre and Shi, Guodong},
  journal={IEEE Transactions on Automatic Control},
  volume={67},
  number={3},
  pages={1089--1104},
  year={2021},
  publisher={IEEE}
}

@article{guo2022online,
  title={Online convex optimization with hard constraints: Towards the best of two worlds and beyond},
  author={Guo, Hengquan and Liu, Xin and Wei, Honghao and Ying, Lei},
  journal={Advances in Neural Information Processing Systems},
  volume={35},
  pages={36426--36439},
  year={2022}
}

@inproceedings{garberprojection,
  title={Projection-Free Online Convex Optimization with Time-Varying Constraints},
  author={Garber, Dan and Kretzu, Ben},
  booktitle={Forty-first International Conference on Machine Learning},
  year={2024}
}

@inproceedings{chen2019projection,
  title={Projection-free bandit convex optimization},
  author={Chen, Lin and Zhang, Mingrui and Karbasi, Amin},
  booktitle={The 22nd International Conference on Artificial Intelligence and Statistics},
  pages={2047--2056},
  year={2019},
  organization={PMLR}
}

@inproceedings{garber2020improved,
  title={Improved regret bounds for projection-free bandit convex optimization},
  author={Garber, Dan and Kretzu, Ben},
  booktitle={International Conference on Artificial Intelligence and Statistics},
  pages={2196--2206},
  year={2020},
  organization={PMLR}
}

@inproceedings{wang2024non,
  title={Non-stationary projection-free online learning with dynamic and adaptive regret guarantees},
  author={Wang, Yibo and Yang, Wenhao and Jiang, Wei and Lu, Shiyin and Wang, Bing and Tang, Haihong and Wan, Yuanyu and Zhang, Lijun},
  booktitle={Proceedings of the AAAI Conference on Artificial Intelligence},
  volume={38},
  number={14},
  pages={15671--15679},
  year={2024}
}

@article{hu2024riemannian,
  title={Riemannian projection-free online learning},
  author={Hu, Zihao and Wang, Guanghui and Abernethy, Jacob D},
  journal={Advances in Neural Information Processing Systems},
  volume={36},
  year={2023}
}

@inproceedings{mhammedi2023quasi,
  title={Quasi-newton steps for efficient online exp-concave optimization},
  author={Mhammedi, Zakaria and Gatmiry, Khashayar},
  booktitle={The Thirty Sixth Annual Conference on Learning Theory},
  pages={4473--4503},
  year={2023},
  organization={PMLR}
}

@inproceedings{lu2023projection,
  title={Projection-free adaptive regret with membership oracles},
  author={Lu, Zhou and Brukhim, Nataly and Gradu, Paula and Hazan, Elad},
  booktitle={International Conference on Algorithmic Learning Theory},
  pages={1055--1073},
  year={2023},
  organization={PMLR}
}

@article{castiglioni2022unifying,
  title={A unifying framework for online optimization with long-term constraints},
  author={Castiglioni, Matteo and Celli, Andrea and Marchesi, Alberto and Romano, Giulia and Gatti, Nicola},
  journal={Advances in Neural Information Processing Systems},
  volume={35},
  pages={33589--33602},
  year={2022}
}

@inproceedings{yang2017richer,
  title={A richer theory of convex constrained optimization with reduced projections and improved rates},
  author={Yang, Tianbao and Lin, Qihang and Zhang, Lijun},
  booktitle={International Conference on Machine Learning},
  pages={3901--3910},
  year={2017},
  organization={PMLR}
}

@article{mhammedi2024online,
  title={Online Convex Optimization with a Separation Oracle},
  author={Mhammedi, Zakaria},
  journal={arXiv preprint arXiv:2410.02476},
  year={2024}
}

@article{boyd2003subgradient,
  title={Subgradient Methods},
  author={Boyd, Stephen and Xiao, Lin and Mutapcic, Almir},
  year={2003}
}

@inproceedings{cutkosky2019anytime,
  title={Anytime online-to-batch, optimism and acceleration},
  author={Cutkosky, Ashok},
  booktitle={International conference on machine learning},
  pages={1446--1454},
  year={2019},
  organization={PMLR}
}

@article{duchi2011adaptive,
  title={Adaptive subgradient methods for online learning and stochastic optimization.},
  author={Duchi, John and Hazan, Elad and Singer, Yoram},
  journal={Journal of machine learning research},
  volume={12},
  number={7},
  year={2011}
}

@article{cesa2004generalization,
  title={On the generalization ability of on-line learning algorithms},
  author={Cesa-Bianchi, Nicolo and Conconi, Alex and Gentile, Claudio},
  journal={IEEE Transactions on Information Theory},
  volume={50},
  number={9},
  pages={2050--2057},
  year={2004},
  publisher={IEEE}
}

@inproceedings{cutkosky2023optimal,
  title={Optimal stochastic non-smooth non-convex optimization through online-to-non-convex conversion},
  author={Cutkosky, Ashok and Mehta, Harsh and Orabona, Francesco},
  booktitle={International Conference on Machine Learning},
  pages={6643--6670},
  year={2023},
  organization={PMLR}
}

@inproceedings{mcmahan2013ad,
  title={Ad click prediction: a view from the trenches},
  author={McMahan, H Brendan and Holt, Gary and Sculley, David and Young, Michael and Ebner, Dietmar and Grady, Julian and Nie, Lan and Phillips, Todd and Davydov, Eugene and Golovin, Daniel and others},
  booktitle={Proceedings of the 19th ACM SIGKDD international conference on Knowledge discovery and data mining},
  pages={1222--1230},
  year={2013}
}

@article{chen2018bandit,
  title={Bandit convex optimization for scalable and dynamic IoT management},
  author={Chen, Tianyi and Giannakis, Georgios B},
  journal={IEEE Internet of Things Journal},
  volume={6},
  number={1},
  pages={1276--1286},
  year={2018},
  publisher={IEEE}
}

@article{tewari2017ads,
  title={From ads to interventions: Contextual bandits in mobile health},
  author={Tewari, Ambuj and Murphy, Susan A},
  journal={Mobile health: sensors, analytic methods, and applications},
  pages={495--517},
  year={2017},
  publisher={Springer}
}

@inproceedings{wan2023improved,
  title={Improved dynamic regret for online frank-wolfe},
  author={Wan, Yuanyu and Zhang, Lijun and Song, Mingli},
  booktitle={The Thirty Sixth Annual Conference on Learning Theory},
  pages={3304--3327},
  year={2023},
  organization={PMLR}
}

@incollection{polyak2001random,
  title={Random algorithms for solving convex inequalities},
  author={Polyak, Boris T},
  booktitle={Studies in Computational Mathematics},
  volume={8},
  pages={409--422},
  year={2001},
  publisher={Elsevier}
}

@inproceedings{agarwal2019online,
  title={Online control with adversarial disturbances},
  author={Agarwal, Naman and Bullins, Brian and Hazan, Elad and Kakade, Sham and Singh, Karan},
  booktitle={International Conference on Machine Learning},
  pages={111--119},
  year={2019},
  organization={PMLR}
}