@article{3_chiang2023vicuna,
  title={Vicuna: An open-source chatbot impressing gpt-4 with 90\%* chatgpt quality},
  author={Chiang, Wei-Lin and Li, Zhuohan and Lin, Zi and Sheng, Ying and Wu, Zhanghao and Zhang, Hao and Zheng, Lianmin and Zhuang, Siyuan and Zhuang, Yonghao and Gonzalez, Joseph E and others},
  journal={See https://vicuna. lmsys. org (accessed 14 April 2023)},
  volume={2},
  number={3},
  pages={6},
  year={2023}
}

@article{4_ivison2023camels,
  title={Camels in a changing climate: Enhancing lm adaptation with tulu 2},
  author={Ivison, Hamish and Wang, Yizhong and Pyatkin, Valentina and Lambert, Nathan and Peters, Matthew and Dasigi, Pradeep and Jang, Joel and Wadden, David and Smith, Noah A and Beltagy, Iz and others},
  journal={arXiv preprint arXiv:2311.10702},
  year={2023}
}

@inproceedings{5_xu2023wizardlm,
  title={WizardLM: Empowering large pre-trained language models to follow complex instructions},
  author={Xu, Can and Sun, Qingfeng and Zheng, Kai and Geng, Xiubo and Zhao, Pu and Feng, Jiazhan and Tao, Chongyang and Lin, Qingwei and Jiang, Daxin},
  booktitle={The Twelfth International Conference on Learning Representations},
  year={2023}
}


@article{6_toshniwal2024openmathinstruct,
  title={OpenMathInstruct-1: A 1.8 Million Math Instruction Tuning Dataset},
  author={Toshniwal, Shubham and Moshkov, Ivan and Narenthiran, Sean and Gitman, Daria and Jia, Fei and Gitman, Igor},
  journal={arXiv preprint arXiv:2402.10176},
  year={2024}
}


@article{7_sandmann2024systematic,
  title={Systematic analysis of ChatGPT, Google search and Llama 2 for clinical decision support tasks},
  author={Sandmann, Sarah and Riepenhausen, Sarah and Plagwitz, Lucas and Varghese, Julian},
  journal={Nature Communications},
  volume={15},
  number={1},
  pages={2050},
  year={2024},
  publisher={Nature Publishing Group UK London}
}


@article{8_jablonka2024leveraging,
  title={Leveraging large language models for predictive chemistry},
  author={Jablonka, Kevin Maik and Schwaller, Philippe and Ortega-Guerrero, Andres and Smit, Berend},
  journal={Nature Machine Intelligence},
  pages={1--9},
  year={2024},
  publisher={Nature Publishing Group UK London}
}


@article{9_romera2024mathematical,
  title={Mathematical discoveries from program search with large language models},
  author={Romera-Paredes, Bernardino and Barekatain, Mohammadamin and Novikov, Alexander and Balog, Matej and Kumar, M Pawan and Dupont, Emilien and Ruiz, Francisco JR and Ellenberg, Jordan S and Wang, Pengming and Fawzi, Omar and others},
  journal={Nature},
  volume={625},
  number={7995},
  pages={468--475},
  year={2024},
  publisher={Nature Publishing Group UK London}
}


@article{10_ouyang2022training,
  title={Training language models to follow instructions with human feedback, 2022},
  author={Ouyang, Long and Wu, Jeff and Jiang, Xu and Almeida, Diogo and Wainwright, Carroll L and Mishkin, Pamela and Zhang, Chong and Agarwal, Sandhini and Slama, Katarina and Ray, Alex and others},
  journal={URL https://arxiv. org/abs/2203.02155},
  volume={13},
  pages={1},
  year={2022}
}


@article{11_xie2023defending,
  title={Defending chatgpt against jailbreak attack via self-reminders},
  author={Xie, Yueqi and Yi, Jingwei and Shao, Jiawei and Curl, Justin and Lyu, Lingjuan and Chen, Qifeng and Xie, Xing and Wu, Fangzhao},
  journal={Nature Machine Intelligence},
  volume={5},
  number={12},
  pages={1486--1496},
  year={2023},
  publisher={Nature Publishing Group UK London}
}


@article{12_tong2023enhancing,
  title={Enhancing time series forecasting: a hierarchical transformer with probabilistic decomposition representation},
  author={Tong, Junlong and Xie, Liping and Yang, Wankou and Zhang, Kanjian and Zhao, Junsheng},
  journal={Information Sciences},
  volume={647},
  pages={119410},
  year={2023},
  publisher={Elsevier}
}

@article{13_bengio2015scheduled,
  title={Scheduled sampling for sequence prediction with recurrent neural networks},
  author={Bengio, Samy and Vinyals, Oriol and Jaitly, Navdeep and Shazeer, Noam},
  journal={Advances in neural information processing systems},
  volume={28},
  year={2015}
}


@article{14_tanmay2023exploring,
  title={Exploring Large Language Models' Cognitive Moral Development through Defining Issues Test},
  author={Tanmay, Kumar and Khandelwal, Aditi and Agarwal, Utkarsh and Choudhury, Monojit},
  journal={arXiv preprint arXiv:2309.13356},
  year={2023}
}

@article{15_bolukbasi2016man,
  title={Man is to computer programmer as woman is to homemaker? debiasing word embeddings},
  author={Bolukbasi, Tolga and Chang, Kai-Wei and Zou, James Y and Saligrama, Venkatesh and Kalai, Adam T},
  journal={Advances in neural information processing systems},
  volume={29},
  year={2016}
}


@inproceedings{16_wiles2021fine,
  title={A Fine-Grained Analysis on Distribution Shift},
  author={Wiles, Olivia and Gowal, Sven and Stimberg, Florian and Rebuffi, Sylvestre-Alvise and Ktena, Ira and Dvijotham, Krishnamurthy Dj and Cemgil, Ali Taylan},
  booktitle={International Conference on Learning Representations},
  year={2021}
}


@inproceedings{17_shen2023trickle,
  title={The Trickle-down Impact of Reward Inconsistency on RLHF},
  author={Shen, Lingfeng and Chen, Sihao and Song, Linfeng and Jin, Lifeng and Peng, Baolin and Mi, Haitao and Khashabi, Daniel and Yu, Dong},
  booktitle={The Twelfth International Conference on Learning Representations},
  year={2023}
}

@article{18_bargh1996automaticity,
  title={Automaticity of social behavior: Direct effects of trait construct and stereotype activation on action.},
  author={Bargh, John A and Chen, Mark and Burrows, Lara},
  journal={Journal of personality and social psychology},
  volume={71},
  number={2},
  pages={230},
  year={1996},
  publisher={American Psychological Association}
}

@article{19_tulving1990priming,
  title={Priming and human memory systems},
  author={Tulving, Endel and Schacter, Daniel L},
  journal={Science},
  volume={247},
  number={4940},
  pages={301--306},
  year={1990},
  publisher={American Association for the Advancement of Science}
}


@article{20_meyer1971facilitation,
  title={Facilitation in recognizing pairs of words: evidence of a dependence between retrieval operations.},
  author={Meyer, David E and Schvaneveldt, Roger W},
  journal={Journal of experimental psychology},
  volume={90},
  number={2},
  pages={227},
  year={1971},
  publisher={American Psychological Association}
}

@article{21_monsell2003task,
  title={Task switching},
  author={Monsell, Stephen},
  journal={Trends in cognitive sciences},
  volume={7},
  number={3},
  pages={134--140},
  year={2003},
  publisher={Elsevier}
}


@article{22_alves2017retroactive,
  title={Retroactive interference: forgetting as an interruption of memory consolidation},
  author={Alves, Marcus Vinicius Costa and Bueno, Orlando Francisco Amodeo},
  journal={Trends in Psychology},
  volume={25},
  pages={1043--1054},
  year={2017},
  publisher={SciELO Brasil}
}


@article{23_festlnger1957theory,
  title={A theory of cognitive dissonance},
  author={Festlnger, Leon},
  journal={Evanston, IL: Row and Peterson},
  year={1957}
}

@article{24_festinger1959cognitive,
  title={Cognitive consequences of forced compliance.},
  author={Festinger, Leon and Carlsmith, James M},
  journal={The journal of abnormal and social psychology},
  volume={58},
  number={2},
  pages={203},
  year={1959},
  publisher={American Psychological Association}
}

@article{25_touvron2023llama,
  title={Llama 2: Open foundation and fine-tuned chat models},
  author={Touvron, Hugo and Martin, Louis and Stone, Kevin and Albert, Peter and Almahairi, Amjad and Babaei, Yasmine and Bashlykov, Nikolay and Batra, Soumya and Bhargava, Prajjwal and Bhosale, Shruti and others},
  journal={arXiv preprint arXiv:2307.09288},
  year={2023}
}

@article{26_team2024gemma,
  title={Gemma: Open models based on gemini research and technology},
  author={Team, Gemma and Mesnard, Thomas and Hardin, Cassidy and Dadashi, Robert and Bhupatiraju, Surya and Pathak, Shreya and Sifre, Laurent and Rivi{\`e}re, Morgane and Kale, Mihir Sanjay and Love, Juliette and others},
  journal={arXiv preprint arXiv:2403.08295},
  year={2024}
}


@article{27_jiang2024mixtral,
  title={Mixtral of experts},
  author={Jiang, Albert Q and Sablayrolles, Alexandre and Roux, Antoine and Mensch, Arthur and Savary, Blanche and Bamford, Chris and Chaplot, Devendra Singh and Casas, Diego de las and Hanna, Emma Bou and Bressand, Florian and others},
  journal={arXiv preprint arXiv:2401.04088},
  year={2024}
}


@article{28_bai2023qwen,
  title={Qwen technical report},
  author={Bai, Jinze and Bai, Shuai and Chu, Yunfei and Cui, Zeyu and Dang, Kai and Deng, Xiaodong and Fan, Yang and Ge, Wenbin and Han, Yu and Huang, Fei and others},
  journal={arXiv preprint arXiv:2309.16609},
  year={2023}
}


@article{29_young2024yi,
  title={Yi: Open foundation models by 01. ai},
  author={Young, Alex and Chen, Bei and Li, Chao and Huang, Chengen and Zhang, Ge and Zhang, Guanwei and Li, Heng and Zhu, Jiangcheng and Chen, Jianqun and Chang, Jing and others},
  journal={arXiv preprint arXiv:2403.04652},
  year={2024}
}


@article{30_zou2023universal,
  title={Universal and transferable adversarial attacks on aligned language models},
  author={Zou, Andy and Wang, Zifan and Kolter, J Zico and Fredrikson, Matt},
  journal={arXiv preprint arXiv:2307.15043},
  year={2023}
}


@article{31_yao2024survey,
  title={A survey on large language model (llm) security and privacy: The good, the bad, and the ugly},
  author={Yao, Yifan and Duan, Jinhao and Xu, Kaidi and Cai, Yuanfang and Sun, Zhibo and Zhang, Yue},
  journal={High-Confidence Computing},
  pages={100211},
  year={2024},
  publisher={Elsevier}
}


@inproceedings{32_huang2023catastrophic,
  title={Catastrophic Jailbreak of Open-source LLMs via Exploiting Generation},
  author={Huang, Yangsibo and Gupta, Samyak and Xia, Mengzhou and Li, Kai and Chen, Danqi},
  booktitle={The Twelfth International Conference on Learning Representations},
  year={2023}
}


@inproceedings{33_petroni2019language,
  title={Language Models as Knowledge Bases?},
  author={Petroni, Fabio and Rockt{\"a}schel, Tim and Riedel, Sebastian and Lewis, Patrick and Bakhtin, Anton and Wu, Yuxiang and Miller, Alexander},
  booktitle={Proceedings of the 2019 Conference on Empirical Methods in Natural Language Processing and the 9th International Joint Conference on Natural Language Processing (EMNLP-IJCNLP)},
  pages={2463--2473},
  year={2019}
}

@inproceedings{34_lin2023urial,
  title={URIAL: Tuning-Free Instruction Learning and Alignment for Untuned LLMs},
  author={Lin, Bill Yuchen and Ravichander, Abhilasha and Lu, Ximing and Dziri, Nouha and Sclar, Melanie and Chandu, Khyathi and Bhagavatula, Chandra and Choi, Yejin},
  booktitle={NeurIPS 2023 Workshop on Instruction Tuning and Instruction Following},
  year={2023}
}

@article{zhou2024easyjailbreak,
  title={EasyJailbreak: A Unified Framework for Jailbreaking Large Language Models},
  author={Zhou, Weikang and Wang, Xiao and Xiong, Limao and Xia, Han and Gu, Yingshuang and Chai, Mingxu and Zhu, Fukang and Huang, Caishuang and Dou, Shihan and Xi, Zhiheng and others},
  journal={arXiv preprint arXiv:2403.12171},
  year={2024}
}

@book{festinger1956prophecy,
  title={When Prophecy Fails: a Social and Psychological Study of a Modern Group that Predicted the Destruction F the World. by Leon Festinger, Henry W. Riecken and Stanley Schachter},
  author={Festinger, Leon},
  year={1956},
  publisher={Harper \& Row}
}

@Article{Kang2024_ChatMOF,
author={Kang, Yeonghun
and Kim, Jihan},
title={ChatMOF: an artificial intelligence system for predicting and generating metal-organic frameworks using large language models},
journal={Nature Communications},
year={2024},
month={Jun},
day={03},
volume={15},
number={1},
pages={4705},
issn={2041-1723},
doi={10.1038/s41467-024-48998-4},
url={https://doi.org/10.1038/s41467-024-48998-4}
}

@Article{Wang2024-DRG-LLaMA,
author={Wang, Hanyin
and Gao, Chufan
and Dantona, Christopher
and Hull, Bryan
and Sun, Jimeng},
title={DRG-LLaMA : tuning LLaMA model to predict diagnosis-related group for hospitalized patients},
journal={npj Digital Medicine},
year={2024},
month={Jan},
day={22},
volume={7},
number={1},
pages={16},
issn={2398-6352},
doi={10.1038/s41746-023-00989-3},
url={https://doi.org/10.1038/s41746-023-00989-3}
}

@Article{TayebiArasteh2024_clinicalstudies,
author={Tayebi Arasteh, Soroosh
and Han, Tianyu
and Lotfinia, Mahshad
and Kuhl, Christiane
and Kather, Jakob Nikolas
and Truhn, Daniel
and Nebelung, Sven},
title={Large language models streamline automated machine learning for clinical studies},
journal={Nature Communications},
year={2024},
month={Feb},
day={21},
volume={15},
number={1},
pages={1603},
issn={2041-1723},
doi={10.1038/s41467-024-45879-8},
url={https://doi.org/10.1038/s41467-024-45879-8}
}

@Article{Boiko2023_chemicalresearch,
author={Boiko, Daniil A.
and MacKnight, Robert
and Kline, Ben
and Gomes, Gabe},
title={Autonomous chemical research with large language models},
journal={Nature},
year={2023},
month={Dec},
day={01},
volume={624},
number={7992},
pages={570-578},
issn={1476-4687},
doi={10.1038/s41586-023-06792-0},
url={https://doi.org/10.1038/s41586-023-06792-0}
}

@Article{Pais2024_directionerrors,
author={Pais, Cristobal
and Liu, Jianfeng
and Voigt, Robert
and Gupta, Vin
and Wade, Elizabeth
and Bayati, Mohsen},
title={Large language models for preventing medication direction errors in online pharmacies},
journal={Nature Medicine},
year={2024},
month={Apr},
day={25},
issn={1546-170X},
doi={10.1038/s41591-024-02933-8},
url={https://doi.org/10.1038/s41591-024-02933-8}
}


@article{gemma,
  title={Gemma: Open models based on gemini research and technology},
  author={Team, Gemma and Mesnard, Thomas and Hardin, Cassidy and Dadashi, Robert and Bhupatiraju, Surya and Pathak, Shreya and Sifre, Laurent and Rivi{\`e}re, Morgane and Kale, Mihir Sanjay and Love, Juliette and others},
  journal={arXiv preprint arXiv:2403.08295},
  year={2024}
}

@article{dclm,
  title={DataComp-LM: In search of the next generation of training sets for language models},
  author={Jeffrey Li and Alex Fang and Georgios Smyrnis and Maor Ivgi and Matt Jordan and Samir Gadre and Hritik Bansal and Etash Guha and Sedrick Keh and Kushal Arora and [... full author list]},
  journal={arXiv preprint arXiv:2406.11794},
  year={2024}
}

@article{yang2024qwen2,
  title={Qwen2 Technical Report},
  author={Yang, An and Yang, Baosong and Hui, Binyuan and Zheng, Bo and Yu, Bowen and Zhou, Chang and Li, Chengpeng and Li, Chengyuan and Liu, Dayiheng and Huang, Fei and others},
  journal={arXiv preprint arXiv:2407.10671},
  year={2024}
}

@article{reid2024gemini,
  title={Gemini 1.5: Unlocking multimodal understanding across millions of tokens of context},
  author={Reid, Machel and Savinov, Nikolay and Teplyashin, Denis and Lepikhin, Dmitry and Lillicrap, Timothy and Alayrac, Jean-baptiste and Soricut, Radu and Lazaridou, Angeliki and Firat, Orhan and Schrittwieser, Julian and others},
  journal={arXiv preprint arXiv:2403.05530},
  year={2024}
}

@misc{roleplay_jin2024quack,
title={Quack: Automatic Jailbreaking Large Language Models via Role-playing},
author={Haibo Jin and Ruoxi Chen and Jinyin Chen and Haohan Wang},
year={2024},
url={https://openreview.net/forum?id=1zt8GWZ9sc}
}

@article{li2023deepinception,
  title={Deepinception: Hypnotize large language model to be jailbreaker},
  author={Li, Xuan and Zhou, Zhanke and Zhu, Jianing and Yao, Jiangchao and Liu, Tongliang and Han, Bo},
  journal={arXiv preprint arXiv:2311.03191},
  year={2023}
}

@inproceedings{yuangpt,
  title={GPT-4 Is Too Smart To Be Safe: Stealthy Chat with LLMs via Cipher},
  author={Yuan, Youliang and Jiao, Wenxiang and Wang, Wenxuan and Huang, Jen-tse and He, Pinjia and Shi, Shuming and Tu, Zhaopeng},
  booktitle={The Twelfth International Conference on Learning Representations}
}

@inproceedings{
CipherChat_yuan2024gpt,
title={{GPT}-4 Is Too Smart To Be Safe: Stealthy Chat with {LLM}s via Cipher},
author={Youliang Yuan and Wenxiang Jiao and Wenxuan Wang and Jen-tse Huang and Pinjia He and Shuming Shi and Zhaopeng Tu},
booktitle={The Twelfth International Conference on Learning Representations},
year={2024},
url={https://openreview.net/forum?id=MbfAK4s61A}
}

@misc{lv2024codechameleonpersonalizedencryptionframework,
      title={CodeChameleon: Personalized Encryption Framework for Jailbreaking Large Language Models}, 
      author={Huijie Lv and Xiao Wang and Yuansen Zhang and Caishuang Huang and Shihan Dou and Junjie Ye and Tao Gui and Qi Zhang and Xuanjing Huang},
      year={2024},
      eprint={2402.16717},
      archivePrefix={arXiv},
      primaryClass={cs.CL},
      url={https://arxiv.org/abs/2402.16717}, 
}

@inproceedings{
deng2024multilingual,
title={Multilingual Jailbreak Challenges in Large Language Models},
author={Yue Deng and Wenxuan Zhang and Sinno Jialin Pan and Lidong Bing},
booktitle={The Twelfth International Conference on Learning Representations},
year={2024},
url={https://openreview.net/forum?id=vESNKdEMGp}
}

@article{zou2023universal,
  title={Universal and transferable adversarial attacks on aligned language models},
  author={Zou, Andy and Wang, Zifan and Carlini, Nicholas and Nasr, Milad and Kolter, J Zico and Fredrikson, Matt},
  journal={arXiv preprint arXiv:2307.15043},
  year={2023}
}

@inproceedings{
liu2024autodan,
title={Auto{DAN}: Generating Stealthy Jailbreak Prompts on Aligned Large Language Models},
author={Xiaogeng Liu and Nan Xu and Muhao Chen and Chaowei Xiao},
booktitle={The Twelfth International Conference on Learning Representations},
year={2024},
url={https://openreview.net/forum?id=7Jwpw4qKkb}
}

@article{yu2023gptfuzzer,
  title={Gptfuzzer: Red teaming large language models with auto-generated jailbreak prompts},
  author={Yu, Jiahao and Lin, Xingwei and Yu, Zheng and Xing, Xinyu},
  journal={arXiv preprint arXiv:2309.10253},
  year={2023}
}

@misc{
pair_chao2024jailbreaking,
title={Jailbreaking Black Box Large Language Models in Twenty Queries},
author={Patrick Chao and Alexander Robey and Edgar Dobriban and Hamed Hassani and George J. Pappas and Eric Wong},
year={2024},
url={https://openreview.net/forum?id=hkjcdmz8Ro}
}

@inproceedings{pap_zeng-etal-2024-johnny,
    title = "How Johnny Can Persuade {LLM}s to Jailbreak Them: Rethinking Persuasion to Challenge {AI} Safety by Humanizing {LLM}s",
    author = "Zeng, Yi  and
      Lin, Hongpeng  and
      Zhang, Jingwen  and
      Yang, Diyi  and
      Jia, Ruoxi  and
      Shi, Weiyan",
    editor = "Ku, Lun-Wei  and
      Martins, Andre  and
      Srikumar, Vivek",
    booktitle = "Proceedings of the 62nd Annual Meeting of the Association for Computational Linguistics (Volume 1: Long Papers)",
    month = aug,
    year = "2024",
    address = "Bangkok, Thailand",
    publisher = "Association for Computational Linguistics",
    url = "https://aclanthology.org/2024.acl-long.773",
    doi = "10.18653/v1/2024.acl-long.773",
    pages = "14322--14350",
}

@inproceedings{backdoor_huang-etal-2024-composite,
    title = "Composite Backdoor Attacks Against Large Language Models",
    author = "Huang, Hai  and
      Zhao, Zhengyu  and
      Backes, Michael  and
      Shen, Yun  and
      Zhang, Yang",
    editor = "Duh, Kevin  and
      Gomez, Helena  and
      Bethard, Steven",
    booktitle = "Findings of the Association for Computational Linguistics: NAACL 2024",
    month = jun,
    year = "2024",
    address = "Mexico City, Mexico",
    publisher = "Association for Computational Linguistics",
    url = "https://aclanthology.org/2024.findings-naacl.94",
    doi = "10.18653/v1/2024.findings-naacl.94",
    pages = "1459--1472",
}

@inproceedings{poison_xu-etal-2024-instructions,
    title = "Instructions as Backdoors: Backdoor Vulnerabilities of Instruction Tuning for Large Language Models",
    author = "Xu, Jiashu  and
      Ma, Mingyu  and
      Wang, Fei  and
      Xiao, Chaowei  and
      Chen, Muhao",
    editor = "Duh, Kevin  and
      Gomez, Helena  and
      Bethard, Steven",
    booktitle = "Proceedings of the 2024 Conference of the North American Chapter of the Association for Computational Linguistics: Human Language Technologies (Volume 1: Long Papers)",
    month = jun,
    year = "2024",
    address = "Mexico City, Mexico",
    publisher = "Association for Computational Linguistics",
    url = "https://aclanthology.org/2024.naacl-long.171",
    doi = "10.18653/v1/2024.naacl-long.171",
    pages = "3111--3126",
}

@inproceedings{vig2019bertviz,
  title={BertViz: A tool for visualizing multihead self-attention in the BERT model},
  author={Vig, Jesse}
}

@misc{wang2024telechat,
      title={TeleChat Technical Report}, 
      author={Zihan Wang and Xinzhang Liu and Shixuan Liu and Yitong Yao and Yuyao Huang and Zhongjiang He and Xuelong Li and Yongxiang Li and Zhonghao Che and Zhaoxi Zhang and Yan Wang and Xin Wang and Luwen Pu and Huihan Xu and Ruiyu Fang and Yu Zhao and Jie Zhang and Xiaomeng Huang and Zhilong Lu and Jiaxin Peng and Wenjun Zheng and Shiquan Wang and Bingkai Yang and Xuewei he and Zhuoru Jiang and Qiyi Xie and Yanhan Zhang and Zhongqiu Li and Lingling Shi and Weiwei Fu and Yin Zhang and Zilu Huang and Sishi Xiong and Yuxiang Zhang and Chao Wang and Shuangyong Song},
      year={2024},
      eprint={2401.03804},
      archivePrefix={arXiv},
      primaryClass={cs.CL}
}

@inproceedings{DBLP:conf/iclr/HuangGXL024,
  author       = {Yangsibo Huang and
                  Samyak Gupta and
                  Mengzhou Xia and
                  Kai Li and
                  Danqi Chen},
  title        = {Catastrophic Jailbreak of Open-source LLMs via Exploiting Generation},
  booktitle    = {The Twelfth International Conference on Learning Representations,
                  {ICLR} 2024, Vienna, Austria, May 7-11, 2024},
  publisher    = {OpenReview.net},
  year         = {2024},
  url          = {https://openreview.net/forum?id=r42tSSCHPh},
  timestamp    = {Tue, 13 Aug 2024 08:01:17 +0200},
  biburl       = {https://dblp.org/rec/conf/iclr/HuangGXL024.bib},
  bibsource    = {dblp computer science bibliography, https://dblp.org}
}

@inproceedings{xu-etal-2025-lets,
    title = "Let`s Focus on Neuron: Neuron-Level Supervised Fine-tuning for Large Language Model",
    author = "Xu, Haoyun  and
      Zhan, Runzhe  and
      Ma, Yingpeng  and
      Wong, Derek F.  and
      Chao, Lidia S.",
    editor = "Rambow, Owen  and
      Wanner, Leo  and
      Apidianaki, Marianna  and
      Al-Khalifa, Hend  and
      Eugenio, Barbara Di  and
      Schockaert, Steven",
    booktitle = "Proceedings of the 31st International Conference on Computational Linguistics",
    month = jan,
    year = "2025",
    address = "Abu Dhabi, UAE",
    publisher = "Association for Computational Linguistics",
    url = "https://aclanthology.org/2025.coling-main.630/",
    pages = "9393--9406",
}

@inproceedings{DBLP:conf/acl/ZhanYWC024,
  author       = {Runzhe Zhan and
                  Xinyi Yang and
                  Derek F. Wong and
                  Lidia S. Chao and
                  Yue Zhang},
  editor       = {Lun{-}Wei Ku and
                  Andre Martins and
                  Vivek Srikumar},
  title        = {Prefix Text as a Yarn: Eliciting Non-English Alignment in Foundation
                  Language Model},
  booktitle    = {Findings of the Association for Computational Linguistics, {ACL} 2024,
                  Bangkok, Thailand and virtual meeting, August 11-16, 2024},
  pages        = {12131--12145},
  publisher    = {Association for Computational Linguistics},
  year         = {2024},
  url          = {https://doi.org/10.18653/v1/2024.findings-acl.722},
  doi          = {10.18653/V1/2024.FINDINGS-ACL.722},
  timestamp    = {Fri, 27 Dec 2024 10:45:58 +0100},
  biburl       = {https://dblp.org/rec/conf/acl/ZhanYWC024.bib},
  bibsource    = {dblp computer science bibliography, https://dblp.org}
}

@inproceedings{DBLP:conf/emnlp/0004L0ZWC024,
  author       = {Shudong Liu and
                  Zhaocong Li and
                  Xuebo Liu and
                  Runzhe Zhan and
                  Derek F. Wong and
                  Lidia S. Chao and
                  Min Zhang},
  editor       = {Yaser Al{-}Onaizan and
                  Mohit Bansal and
                  Yun{-}Nung Chen},
  title        = {Can LLMs Learn Uncertainty on Their Own? Expressing Uncertainty Effectively
                  in {A} Self-Training Manner},
  booktitle    = {Proceedings of the 2024 Conference on Empirical Methods in Natural
                  Language Processing, {EMNLP} 2024, Miami, FL, USA, November 12-16,
                  2024},
  pages        = {21635--21645},
  publisher    = {Association for Computational Linguistics},
  year         = {2024},
  url          = {https://aclanthology.org/2024.emnlp-main.1205},
  timestamp    = {Thu, 14 Nov 2024 17:20:55 +0100},
  biburl       = {https://dblp.org/rec/conf/emnlp/0004L0ZWC024.bib},
  bibsource    = {dblp computer science bibliography, https://dblp.org}
}