@article{brown2020gpt3,
  title={Language models are few-shot learners},
  author={Brown, Tom and Mann, Benjamin and Ryder, Nick and Subbiah, Melanie and Kaplan, Jared D and Dhariwal, Prafulla and Neelakantan, Arvind and Shyam, Pranav and Sastry, Girish and Askell, Amanda and others},
  journal={Advances in neural information processing systems},
  volume={33},
  pages={1877--1901},
  year={2020}
}

@article{chen2021codex,
  title={Evaluating large language models trained on code},
  author={Chen, Mark and Tworek, Jerry and Jun, Heewoo and Yuan, Qiming and Pinto, Henrique Ponde de Oliveira and Kaplan, Jared and Edwards, Harri and Burda, Yuri and Joseph, Nicholas and Brockman, Greg and others},
  journal={arXiv preprint arXiv:2107.03374},
  year={2021}
}

@article{chen2021historyhamt,
  title={History aware multimodal transformer for vision-and-language navigation},
  author={Chen, Shizhe and Guhur, Pierre-Louis and Schmid, Cordelia and Laptev, Ivan},
  journal={Advances in neural information processing systems},
  volume={34},
  pages={5834--5847},
  year={2021}
}

@inproceedings{clip,
  title={Learning transferable visual models from natural language supervision},
  author={Radford, Alec and Kim, Jong Wook and Hallacy, Chris and Ramesh, Aditya and Goh, Gabriel and Agarwal, Sandhini and Sastry, Girish and Askell, Amanda and Mishkin, Pamela and Clark, Jack and others},
  booktitle={International conference on machine learning},
  pages={8748--8763},
  year={2021},
  organization={PMLR}
}

@article{clip-nav,
  title={Clip-nav: Using clip for zero-shot vision-and-language navigation},
  author={Dorbala, Vishnu Sashank and Sigurdsson, Gunnar and Piramuthu, Robinson and Thomason, Jesse and Sukhatme, Gaurav S},
  journal={arXiv preprint arXiv:2211.16649},
  year={2022}
}

@article{fried2018speaker,
  title={Speaker-follower models for vision-and-language navigation},
  author={Fried, Daniel and Hu, Ronghang and Cirik, Volkan and Rohrbach, Anna and Andreas, Jacob and Morency, Louis-Philippe and Berg-Kirkpatrick, Taylor and Saenko, Kate and Klein, Dan and Darrell, Trevor},
  journal={Advances in neural information processing systems},
  volume={31},
  year={2018}
}

@inproceedings{georgakis2022crosscm2,
  title={Cross-modal map learning for vision and language navigation},
  author={Georgakis, Georgios and Schmeckpeper, Karl and Wanchoo, Karan and Dan, Soham and Miltsakaki, Eleni and Roth, Dan and Daniilidis, Kostas},
  booktitle={Proceedings of the IEEE/CVF Conference on Computer Vision and Pattern Recognition},
  pages={15460--15470},
  year={2022}
}

@inproceedings{hong2021vlnrecbert,
  title={Vln bert: A recurrent vision-and-language bert for navigation},
  author={Hong, Yicong and Wu, Qi and Qi, Yuankai and Rodriguez-Opazo, Cristian and Gould, Stephen},
  booktitle={Proceedings of the IEEE/CVF conference on Computer Vision and Pattern Recognition},
  pages={1643--1653},
  year={2021}
}

@inproceedings{huang2022lmzeroshotplanners,
  title={Language models as zero-shot planners: Extracting actionable knowledge for embodied agents},
  author={Huang, Wenlong and Abbeel, Pieter and Pathak, Deepak and Mordatch, Igor},
  booktitle={International Conference on Machine Learning},
  pages={9118--9147},
  year={2022},
  organization={PMLR}
}

@inproceedings{kamath2023marval,
  title={A new path: Scaling vision-and-language navigation with synthetic instructions and imitation learning},
  author={Kamath, Aishwarya and Anderson, Peter and Wang, Su and Koh, Jing Yu and Ku, Alexander and Waters, Austin and Yang, Yinfei and Baldridge, Jason and Parekh, Zarana},
  booktitle={Proceedings of the IEEE/CVF Conference on Computer Vision and Pattern Recognition},
  pages={10813--10823},
  year={2023}
}

@inproceedings{liu2023lang2ltl,
  title     = {Grounding Complex Natural Language Commands for Temporal Tasks in Unseen Environments},
  author    = {Liu, Jason Xinyu and Yang, Ziyi and Idrees, Ifrah and Liang, Sam and Schornstein, Benjamin and Tellex, Stefanie and Shah, Ankit},
  booktitle = {Conference on Robot Learning},
  url       = {https://arxiv.org/abs/2302.11649},
  year      = {2023},
}

@article{moudgil2021soat,
  title={Soat: A scene-and object-aware transformer for vision-and-language navigation},
  author={Moudgil, Abhinav and Majumdar, Arjun and Agrawal, Harsh and Lee, Stefan and Batra, Dhruv},
  journal={Advances in Neural Information Processing Systems},
  volume={34},
  pages={7357--7367},
  year={2021}
}

@inproceedings{r2r,
  title={Vision-and-language navigation: Interpreting visually-grounded navigation instructions in real environments},
  author={Anderson, Peter and Wu, Qi and Teney, Damien and Bruce, Jake and Johnson, Mark and S{\"u}nderhauf, Niko and Reid, Ian and Gould, Stephen and Van Den Hengel, Anton},
  booktitle={Proceedings of the IEEE conference on computer vision and pattern recognition},
  pages={3674--3683},
  year={2018}
}

@inproceedings{rxr,
  title={{Room-Across-Room}: Multilingual Vision-and-Language Navigation with Dense Spatiotemporal Grounding},
  author={Alexander Ku and Peter Anderson and Roma Patel and Eugene Ie and Jason Baldridge},
  booktitle={Conference on Empirical Methods for Natural Language Processing (EMNLP)},
  year={2020}
}

@inproceedings{shah2021ving,
  title={Ving: Learning open-world navigation with visual goals},
  author={Shah, Dhruv and Eysenbach, Benjamin and Kahn, Gregory and Rhinehart, Nicholas and Levine, Sergey},
  booktitle={2021 IEEE International Conference on Robotics and Automation (ICRA)},
  pages={13215--13222},
  year={2021},
  organization={IEEE}
}

@inproceedings{shah2023lmnav,
  title={Lm-nav: Robotic navigation with large pre-trained models of language, vision, and action},
  author={Shah, Dhruv and Osi{\'n}ski, B{\l}a{\.z}ej and Levine, Sergey and others},
  booktitle={Conference on robot learning},
  pages={492--504},
  year={2023},
  organization={PMLR}
}

@article{tan2019envdrop,
  title={Learning to navigate unseen environments: Back translation with environmental dropout},
  author={Tan, Hao and Yu, Licheng and Bansal, Mohit},
  journal={arXiv preprint arXiv:1904.04195},
  year={2019}
}

@inproceedings{vlmaps,
  title={Visual language maps for robot navigation},
  author={Huang, Chenguang and Mees, Oier and Zeng, Andy and Burgard, Wolfram},
  booktitle={2023 IEEE International Conference on Robotics and Automation (ICRA)},
  pages={10608--10615},
  year={2023},
  organization={IEEE}
}

@inproceedings{vln,
  title={Vision-and-language navigation: Interpreting visually-grounded navigation instructions in real environments},
  author={Anderson, Peter and Wu, Qi and Teney, Damien and Bruce, Jake and Johnson, Mark and S{\"u}nderhauf, Niko and Reid, Ian and Gould, Stephen and Van Den Hengel, Anton},
  booktitle={Proceedings of the IEEE conference on computer vision and pattern recognition},
  pages={3674--3683},
  year={2018}
}

@inproceedings{vlnce,
  title={Beyond the nav-graph: Vision-and-language navigation in continuous environments},
  author={Krantz, Jacob and Wijmans, Erik and Majumdar, Arjun and Batra, Dhruv and Lee, Stefan},
  booktitle={Computer Vision--ECCV 2020: 16th European Conference, Glasgow, UK, August 23--28, 2020, Proceedings, Part XXVIII 16},
  pages={104--120},
  year={2020},
  organization={Springer}
}

@inproceedings{wang2019reinforcedxmm,
  title={Reinforced cross-modal matching and self-supervised imitation learning for vision-language navigation},
  author={Wang, Xin and Huang, Qiuyuan and Celikyilmaz, Asli and Gao, Jianfeng and Shen, Dinghan and Wang, Yuan-Fang and Wang, William Yang and Zhang, Lei},
  booktitle={Proceedings of the IEEE/CVF conference on computer vision and pattern recognition},
  pages={6629--6638},
  year={2019}
}

@inproceedings{wang2022lessismore,
  title={Less is more: Generating grounded navigation instructions from landmarks},
  author={Wang, Su and Montgomery, Ceslee and Orbay, Jordi and Birodkar, Vighnesh and Faust, Aleksandra and Gur, Izzeddin and Jaques, Natasha and Waters, Austin and Baldridge, Jason and Anderson, Peter},
  booktitle={Proceedings of the IEEE/CVF Conference on Computer Vision and Pattern Recognition},
  pages={15428--15438},
  year={2022}
}

@article{zhu2021diagnosing,
  title={Diagnosing vision-and-language navigation: What really matters},
  author={Zhu, Wanrong and Qi, Yuankai and Narayana, Pradyumna and Sone, Kazoo and Basu, Sugato and Wang, Xin Eric and Wu, Qi and Eckstein, Miguel and Wang, William Yang},
  journal={arXiv preprint arXiv:2103.16561},
  year={2021}
}

