@article{bengio2013representation,
  title={Representation learning: A review and new perspectives},
  author={Bengio, Yoshua and Courville, Aaron and Vincent, Pascal},
  journal={IEEE transactions on pattern analysis and machine intelligence},
  volume={35},
  number={8},
  pages={1798--1828},
  year={2013},
  publisher={IEEE}
}

@article{higgins2017beta,
  title={beta-vae: Learning basic visual concepts with a constrained variational framework.},
  author={Higgins, Irina and Matthey, Loic and Pal, Arka and Burgess, Christopher P and Glorot, Xavier and Botvinick, Matthew M and Mohamed, Shakir and Lerchner, Alexander},
  journal={ICLR (Poster)},
  volume={3},
  year={2017}
}

@article{locatello2019disentangling,
  title={Disentangling factors of variation using few labels},
  author={Locatello, Francesco and Tschannen, Michael and Bauer, Stefan and R{\"a}tsch, Gunnar and Sch{\"o}lkopf, Bernhard and Bachem, Olivier},
  journal={arXiv preprint arXiv:1905.01258},
  year={2019}
}

@inproceedings{locatello2019challenging,
  title={Challenging common assumptions in the unsupervised learning of disentangled representations},
  author={Locatello, Francesco and Bauer, Stefan and Lucic, Mario and Raetsch, Gunnar and Gelly, Sylvain and Sch{\"o}lkopf, Bernhard and Bachem, Olivier},
  booktitle={international conference on machine learning},
  pages={4114--4124},
  year={2019},
  organization={PMLR}
}

@article{ridgeway2018learning,
  title={Learning deep disentangled embeddings with the f-statistic loss},
  author={Ridgeway, Karl and Mozer, Michael C},
  journal={Advances in neural information processing systems},
  volume={31},
  year={2018}
}

@article{van2019disentangled,
  title={Are disentangled representations helpful for abstract visual reasoning?},
  author={Van Steenkiste, Sjoerd and Locatello, Francesco and Schmidhuber, J{\"u}rgen and Bachem, Olivier},
  journal={Advances in neural information processing systems},
  volume={32},
  year={2019}
}

@article{watanabe1960information,
  title={Information theoretical analysis of multivariate correlation},
  author={Watanabe, Satosi},
  journal={IBM Journal of research and development},
  volume={4},
  number={1},
  pages={66--82},
  year={1960},
  publisher={IBM}
}

@inproceedings{kim2018disentangling,
  title={Disentangling by factorising},
  author={Kim, Hyunjik and Mnih, Andriy},
  booktitle={International conference on machine learning},
  pages={2649--2658},
  year={2018},
  organization={PMLR}
}

@article{chen2018isolating,
  title={Isolating sources of disentanglement in variational autoencoders},
  author={Chen, Ricky TQ and Li, Xuechen and Grosse, Roger B and Duvenaud, David K},
  journal={Advances in neural information processing systems},
  volume={31},
  year={2018}
}

@article{kumar2017variational,
  title={Variational inference of disentangled latent concepts from unlabeled observations},
  author={Kumar, Abhishek and Sattigeri, Prasanna and Balakrishnan, Avinash},
  journal={arXiv preprint arXiv:1711.00848},
  year={2017}
}

@article{burgess2018understanding,
  title={Understanding disentangling in $\beta$-VAE},
  author={Burgess, Christopher P and Higgins, Irina and Pal, Arka and Matthey, Loic and Watters, Nick and Desjardins, Guillaume and Lerchner, Alexander},
  journal={arXiv preprint arXiv:1804.03599},
  year={2018}
}

@article{kingma2013auto,
  title={Auto-encoding variational bayes},
  author={Kingma, Diederik P},
  journal={arXiv preprint arXiv:1312.6114},
  year={2013}
}

@article{chen2016infogan,
  title={Infogan: Interpretable representation learning by information maximizing generative adversarial nets},
  author={Chen, Xi and Duan, Yan and Houthooft, Rein and Schulman, John and Sutskever, Ilya and Abbeel, Pieter},
  journal={Advances in neural information processing systems},
  volume={29},
  year={2016}
}

@inproceedings{lin2020infogan,
  title={Infogan-cr and modelcentrality: Self-supervised model training and selection for disentangling gans},
  author={Lin, Zinan and Thekumparampil, Kiran and Fanti, Giulia and Oh, Sewoong},
  booktitle={international conference on machine learning},
  pages={6127--6139},
  year={2020},
  organization={PMLR}
}

@inproceedings{zhu2021and,
  title={Where and what? examining interpretable disentangled representations},
  author={Zhu, Xinqi and Xu, Chang and Tao, Dacheng},
  booktitle={Proceedings of the IEEE/CVF Conference on Computer Vision and Pattern Recognition},
  pages={5861--5870},
  year={2021}
}

@article{radford2015unsupervised,
  title={Unsupervised representation learning with deep convolutional generative adversarial networks},
  author={Radford, Alec},
  journal={arXiv preprint arXiv:1511.06434},
  year={2015}
}

@inproceedings{arjovsky2017wasserstein,
  title={Wasserstein generative adversarial networks},
  author={Arjovsky, Martin and Chintala, Soumith and Bottou, L{\'e}on},
  booktitle={International conference on machine learning},
  pages={214--223},
  year={2017},
  organization={PMLR}
}

@article{gulrajani2017improved,
  title={Improved training of wasserstein gans},
  author={Gulrajani, Ishaan and Ahmed, Faruk and Arjovsky, Martin and Dumoulin, Vincent and Courville, Aaron C},
  journal={Advances in neural information processing systems},
  volume={30},
  year={2017}
}

@inproceedings{eastwood2018DCI,
  title={A framework for the quantitative evaluation of disentangled representations},
  author={Eastwood, Cian and Williams, Christopher KI},
  booktitle={6th International Conference on Learning Representations},
  year={2018}
}

@article{kumar2017SAP,
  title={Variational inference of disentangled latent concepts from unlabeled observations},
  author={Kumar, Abhishek and Sattigeri, Prasanna and Balakrishnan, Avinash},
  journal={arXiv preprint arXiv:1711.00848},
  year={2017}
}

@article{shao2020dynamicvae,
  title={Dynamicvae: Decoupling reconstruction error and disentangled representation learning},
  author={Shao, Huajie and Lin, Haohong and Yang, Qinmin and Yao, Shuochao and Zhao, Han and Abdelzaher, Tarek},
  journal={arXiv preprint arXiv:2009.06795},
  year={2020}
}

@article{lake2017building,
  title={Building machines that learn and think like people},
  author={Lake, Brenden M and Ullman, Tomer D and Tenenbaum, Joshua B and Gershman, Samuel J},
  journal={Behavioral and brain sciences},
  volume={40},
  pages={e253},
  year={2017},
  publisher={Cambridge University Press}
}

@article{zhu2018visual,
  title={Visual object networks: Image generation with disentangled 3d representations},
  author={Zhu, Jun-Yan and Zhang, Zhoutong and Zhang, Chengkai and Wu, Jiajun and Torralba, Antonio and Tenenbaum, Josh and Freeman, Bill},
  journal={Advances in neural information processing systems},
  volume={31},
  year={2018}
}

@inproceedings{belghazi2018MI,
  title={Mutual information neural estimation},
  author={Belghazi, Mohamed Ishmael and Baratin, Aristide and Rajeshwar, Sai and Ozair, Sherjil and Bengio, Yoshua and Courville, Aaron and Hjelm, Devon},
  booktitle={International conference on machine learning},
  pages={531--540},
  year={2018},
  organization={PMLR}
}

@misc{3dshapes18,
  title={3D Shapes Dataset},
  author={Burgess, Chris and Kim, Hyunjik},
  howpublished={https://github.com/deepmind/3dshapes-dataset/},
  year={2018}
}

@misc{dsprites17,
author = {Loic Matthey and Irina Higgins and Demis Hassabis and Alexander Lerchner},
title = {dSprites: Disentanglement testing Sprites dataset},
howpublished= {https://github.com/deepmind/dsprites-dataset/},
year = "2017",
}

@article{zhou2020evaluating,
  title={Evaluating the disentanglement of deep generative models through manifold topology},
  author={Zhou, Sharon and Zelikman, Eric and Lu, Fred and Ng, Andrew Y and Carlsson, Gunnar and Ermon, Stefano},
  journal={arXiv preprint arXiv:2006.03680},
  year={2020}
}

@article{carbonneau2022metrics,
  title={Measuring disentanglement: A review of metrics},
  author={Carbonneau, Marc-Andr{\'e} and Zaidi, Julian and Boilard, Jonathan and Gagnon, Ghyslain},
  journal={IEEE transactions on neural networks and learning systems},
  year={2022},
  publisher={IEEE}
}

@article{gabbay2019demystifying,
  title={Demystifying inter-class disentanglement},
  author={Gabbay, Aviv and Hoshen, Yedid},
  journal={arXiv preprint arXiv:1906.11796},
  year={2019}
}

@inproceedings{gabbay2021scaling,
  title={Scaling-up disentanglement for image translation},
  author={Gabbay, Aviv and Hoshen, Yedid},
  booktitle={Proceedings of the IEEE/CVF International Conference on Computer Vision},
  pages={6783--6792},
  year={2021}
}

@inproceedings{zeiler2014deconv,
  title={Visualizing and understanding convolutional networks},
  author={Zeiler, Matthew D and Fergus, Rob},
  booktitle={Computer Vision--ECCV 2014: 13th European Conference, Zurich, Switzerland, September 6-12, 2014, Proceedings, Part I 13},
  pages={818--833},
  year={2014},
  organization={Springer}
}

@article{lecun1998cnn,
  title={Gradient-based learning applied to document recognition},
  author={LeCun, Yann and Bottou, L{\'e}on and Bengio, Yoshua and Haffner, Patrick},
  journal={Proceedings of the IEEE},
  volume={86},
  number={11},
  pages={2278--2324},
  year={1998},
  publisher={Ieee}
}

@article{bottou2007scalling,
  title={Scaling learning algorithms toward AI},
  author={Bottou, L{\'e}on and Chapelle, Olivier and DeCoste, Dennis and Weston, Jason},
  year={2007},
  publisher={MIT Press}
}

@article{higgins2018towards,
  title={Towards a definition of disentangled representations},
  author={Higgins, Irina and Amos, David and Pfau, David and Racaniere, Sebastien and Matthey, Loic and Rezende, Danilo and Lerchner, Alexander},
  journal={arXiv preprint arXiv:1812.02230},
  year={2018}
}

@book{peters2017elements,
  title={Elements of causal inference: foundations and learning algorithms},
  author={Peters, Jonas and Janzing, Dominik and Sch{\"o}lkopf, Bernhard},
  year={2017},
  publisher={The MIT Press}
}

@article{schmidhuber1996semilinear,
  title={Semilinear predictability minimization produces well-known feature detectors},
  author={Schmidhuber, J{\"u}rgen and Eldracher, Martin and Foltin, Bernhard},
  journal={Neural Computation},
  volume={8},
  number={4},
  pages={773--786},
  year={1996},
  publisher={MIT Press}
}

@article{tschannen2018recent,
  title={Recent advances in autoencoder-based representation learning},
  author={Tschannen, Michael and Bachem, Olivier and Lucic, Mario},
  journal={arXiv preprint arXiv:1812.05069},
  year={2018}
}