@article{burgess2018understanding,
  title={Understanding disentangling in $\beta$-VAE},
  author={Burgess, Christopher P and Higgins, Irina and Pal, Arka and Matthey, Loic and Watters, Nick and Desjardins, Guillaume and Lerchner, Alexander},
  journal={arXiv preprint arXiv:1804.03599},
  year={2018}
}

@article{chen2016infogan,
  title={Infogan: Interpretable representation learning by information maximizing generative adversarial nets},
  author={Chen, Xi and Duan, Yan and Houthooft, Rein and Schulman, John and Sutskever, Ilya and Abbeel, Pieter},
  journal={Advances in neural information processing systems},
  volume={29},
  year={2016}
}

@article{chen2018isolating,
  title={Isolating sources of disentanglement in variational autoencoders},
  author={Chen, Ricky TQ and Li, Xuechen and Grosse, Roger B and Duvenaud, David K},
  journal={Advances in neural information processing systems},
  volume={31},
  year={2018}
}

@article{higgins2017beta,
  title={beta-vae: Learning basic visual concepts with a constrained variational framework.},
  author={Higgins, Irina and Matthey, Loic and Pal, Arka and Burgess, Christopher P and Glorot, Xavier and Botvinick, Matthew M and Mohamed, Shakir and Lerchner, Alexander},
  journal={ICLR (Poster)},
  volume={3},
  year={2017}
}

@inproceedings{kim2018disentangling,
  title={Disentangling by factorising},
  author={Kim, Hyunjik and Mnih, Andriy},
  booktitle={International conference on machine learning},
  pages={2649--2658},
  year={2018},
  organization={PMLR}
}

@article{kingma2013auto,
  title={Auto-encoding variational bayes},
  author={Kingma, Diederik P},
  journal={arXiv preprint arXiv:1312.6114},
  year={2013}
}

@inproceedings{lin2020infogan,
  title={Infogan-cr and modelcentrality: Self-supervised model training and selection for disentangling gans},
  author={Lin, Zinan and Thekumparampil, Kiran and Fanti, Giulia and Oh, Sewoong},
  booktitle={international conference on machine learning},
  pages={6127--6139},
  year={2020},
  organization={PMLR}
}

@inproceedings{zhu2021and,
  title={Where and what? examining interpretable disentangled representations},
  author={Zhu, Xinqi and Xu, Chang and Tao, Dacheng},
  booktitle={Proceedings of the IEEE/CVF Conference on Computer Vision and Pattern Recognition},
  pages={5861--5870},
  year={2021}
}

