%%%%%%%%%% Links %%%%%%%%%%

@online{Log4Shell,
author = {IBM},
year  = {2021},
title = {What is the {Log4j} vulnerability?},
url   = {https://www.ibm.com/topics/log4j},
lastaccessed = {December 10, 2023},
}

@online{node-ipc,
author = {{Snyk}},
year  = {2022},
title = {Alert: peacenotwar module sabotages npm developers in the node-ipc package to protest the invasion of Ukraine},
url   = {https://snyk.io/blog/peacenotwar-malicious-npm-node-ipc-package-vulnerability/},
lastaccessed = {Augest 22, 2023}
}

@online{xz-utils,
author = {Sonatype},
year  = {2024},
title = {CVE-2024-3094 The targeted backdoor supply chain attack against XZ and liblzma},
url   = {https://blog.sonatype.com/cve-2024-3094-the-targeted-backdoor-supply-chain-attack-against-xz-and-liblzma},
lastaccessed = {April 17, 2024}
}

@online{crypto-attack,
author = {Checkmarx},
year  = {2023},
title = {NPM Account Takeover Results in Crypto Supply Chain Attack},
url   = {https://checkmarx.com/blog/npm-account-takeover-results-in-crypto-supply-chain-attack/},
lastaccessed = {April 28, 2024}
}

@online{solar-wind,
author = {TechTarget},
year  = {2023},
title = {SolarWinds hack explained: Everything you need to know},
url   = {https://www.techtarget.com/whatis/feature/SolarWinds-hack-explained-Everything-you-need-to-know},
lastaccessed = {May 22, 2024}
}

@online{enisa-report,
author = {ENISA},
year  = {2023},
title = {Good Practices for Supply Chain Cybersecurity},
url   = {https://www.enisa.europa.eu/publications/good-practices-for-supply-chain-cybersecurity},
lastaccessed = {August 27, 2024}
}

@online{whitehouse-order,
author = {{The White House}},
year  = {2021},
title = {Executive Order on Improving the Nation’s Cybersecurity},
url   = {https://www.whitehouse.gov/briefing-room/presidential-actions/2021/05/12/executive-order-on-improving-the-nations-cybersecurity/},
lastaccessed = {August 27, 2024}
}

@online{github-adv,
author = {GitHub},
year = {2024},
title = {GitHub Advisory Database},
url = {https://github.com/advisories},
lastaccessed = {April 21, 2024}
}

@online{secure-github-dep-graph,
author = {GitHub},
year  = {2020},
title = {Secure at every step: How GitHub’s dependency graph is generated},
url   = {https://github.blog/2020-08-04-secure-at-every-step-how-githubs-dependency-graph-is-generated/},
lastaccessed = {May 23, 2024}
}

@online{module-counts,
author = {Erik DeBill},
year  = {2024},
title = {Modulecounts},
url   = {http://www.modulecounts.com/},
lastaccessed = {May 23, 2024}
}

@online{npm,
author = {npm},
year  = {2023},
title = {npm},
url   = {https://docs.npmjs.com/about-npm},
lastaccessed = {December 11, 2023},
}

@online{pip,
author = {pip},
year  = {2023},
title = {{pip}},
url   = {https://pip.pypa.io/en/stable/},
lastaccessed = {December 11, 2023},
}

@online{semver,
author = {Tom Preston-Werner},
year  = {2023},
title = {Semantic versioning 2.0.0},
url   = {https://semver.org/},
lastaccessed = {December 11, 2023},
}

@online{npmgraph,
author = {npmgraph},
year  = {2023},
title = {npmgraph},
url   = {https://npmgraph.js.org/},
lastaccessed = {December 12, 2023},
}

@online{npmpkgjson,
author={npm},
year  = {2023},
title = {{package.json} | npm Docs},
url   = {https://docs.npmjs.com/cli/v10/configuring-npm/package-json},
lastaccessed = {December 12, 2023},
}

@online{npmpkglock,
author = {npm},
year  = {2023},
title = {{package-lock.json} | npm Docs},
url   = {https://docs.npmjs.com/cli/v10/configuring-npm/package-lock-json},
lastaccessed = {December 13, 2023},
}

@online{npm-install,
author = {npm},
year  = {2024},
title = {{npm-install} | npm Docs},
url   = {https://docs.npmjs.com/cli/v8/commands/npm-install},
lastaccessed = {April 17, 2023},
}

@online{npm-semver,
author = {npm},
year  = {2023},
title = {About semantic versioning | npm Docs},
url   = {https://docs.npmjs.com/about-semantic-versioning},
lastaccessed = {December 14, 2023},
}

@online{npm-default-change,
author = {GitHub},
year  = {2014},
title = {Default to \^{} instead of \~{}},
url   = {https://github.com/npm/npm/pull/4589},
lastaccessed = {December 11, 2023},
}

@online{how-npm3-works,
author = {npm},
year = {2024},
title = {How npm3 Works},
url = {https://npm.github.io/how-npm-works-docs/npm3/how-npm3-works.html},
lastaccessed = {April 28, 2024},
}

@online{npm-two-factor,
author = {npm},
year = {2024},
title = {About two-factor authentication},
url = {https://docs.npmjs.com/about-two-factor-authentication},
lastaccessed = {May 24, 2024}
}

@online{openssf-pinning,
author = {OpenSSF},
year  = {2023},
title = {{OpenSSF Scorecard}},
url   = {https://github.com/ossf/scorecard/blob/main/docs/checks.md#pinned-dependencies},
lastaccessed = {December 11, 2023},
}

@online{floating-discussion,
author = {{Hacker News}},
year  = {2017},
title = {{Package} Management: {The} problem with using version ranges},
url   = {https://news.ycombinator.com/item?id=14759329},
lastaccessed = {December 11, 2023}
}

@online{renovate-discussion,
author = {{Renovate Bot}},
year  = {2018},
title = {Should you pin your {JavaScript} dependencies?},
url   = {https://docs.renovatebot.com/dependency-pinning},
lastaccessed = {December 11, 2023}
}

@online{facts-vs-feelings,
author = {Josh Bressers},
year  = {2022},
title = {Fact vs. Feelings},
url   = {https://opensourcesecurity.io/2022/03/21/facts-vs-feelings/},
lastaccessed = {December 11, 2023},
}

@online{pinning-only-work,
author = {Mark Curphey},
year  = {2022},
title = {Dependency Pinning Only Works If You Actually Review the Updates},
url   = {https://crashoverride.com/blog/dependency-pinning-only-works-if-you-actually-review-the-updates},
lastaccessed = {December 11, 2023},
}

@online{pin-your-npm-yarn-dependencies,
author = {Max Leiter},
year  = {2023},
title = {Pin your npm/yarn dependencies},
url   = {https://maxleiter.com/blog/pin-dependencies},
lastaccessed = {December 13, 2023},
}

@online{stop-version-range,
author = {Lucid},
year  = {2017},
title = {Package Management: Stop Using Version Ranges},
url   = {https://www.lucidchart.com/techblog/2017/03/15/package-management-stop-using-version-ranges/},
lastaccessed = {December 13, 2023},
}

@online{should-i-pin-python-deps,
author = {StackOverflow},
year  = {2017},
title = {Should I pin my {Python} dependencies versions?},
url   = {https://stackoverflow.com/questions/28509481/should-i-pin-my-python-dependencies-versions},
lastaccessed = {December 13, 2023}
}

@online{pin-exact-dep-versions,
author = {Maciej Radzikowski},
year  = {2021},
title = {Pin exact dependency versions},
url   = {https://betterdev.blog/pin-exact-dependency-versions/},
lastaccessed = {December 13, 2023},
}

@online{i-have-misgivings-about-all-these-version-pinning,
author = {{Hacker News}},
year  = {2018},
title = {I have misgivings about all these version pinning...},
url   = {https://news.ycombinator.com/item?id=16422916},
lastaccessed  = {December 13, 2023}
}

@online{semantic-versioning-sucks,
author = {Matt Raible},
year  = {2019},
title = {Semantic Versioning Sucks! Long Live Semantic Versioning},
url   = {https://developer.okta.com/blog/2019/12/16/semantic-versioning},
lastaccessed = {May 23, 2024}
}

@online{software-supply-chain-guide,
author = {Sonatype},
year = {2021},
title = {Software supply chains: An introductory guide},
url = {https://www.sonatype.com/blog/software-supply-chain-a-definition-and-introductory-guide},
lastaccessed = {May 24, 2024}
}

@online{r-plm,
author = {Yves Croissant and Giovanni Millo and Kevin Tappe and Ott Toomet and Christian Kleiber and Achim Zeileis and Arne Henningsen and Liviu Andronic and Nina Schoenfelder},
year  = {2024},
title = {{plm}: Linear Models for Panel Data},
url   = {https://cran.r-project.org/web/packages/plm},
lastaccessed = {April 28, 2024}
}

@online{hyrum-law,
author = {Hyrum Wright},
year  = {2024},
title = {Hyrum's Law},
url   = {https://www.hyrumslaw.com/},
lastaccessed = {May 23, 2024}
}

@online{openssf-scorecard-github,
author = {OpenSSF},
year = {2024},
title = {OpenSSF Scorecard - Security Health Metrics for Open Source},
url = {https://github.com/ossf/scorecard},
lastaccessed = {May 25, 2024}
}

@online{sonatype-report,
author ={Sonatype},
year = {2024},
title = {10th Annual State of the Software Supply Chain},
url = {https://www.sonatype.com/state-of-the-software-supply-chain/2024},
lastaccessed = {Jan 16, 2025}}

@online{sample-size,
author = {Calculator.net},
year  = {2024},
title = {Sample Size Calculator},
url   = {https://www.calculator.net/sample-size-calculator.html},
lastaccessed = {Augest 28, 2024}
}

@online{pip-dep-resolver,
author = {GitHub},
year  = {2013},
title = {{pip needs a dependency resolver}},
url = {https://github.com/pypa/pip/issues/988},
lastaccessed = {September 8, 2024}
}

@online{assured-open-source,
author = {Google},
year = {2024},
title = {Assured Open Source Software},
url = {https://cloud.google.com/security/products/assured-open-source-software},
lastaccessed={September 8, 2024}
}

%%%%%%% Papers %%%%%%%%%%

@article{DBLP:journals/jss/Lehman80,
  author       = {Meir M. Lehman},
  title        = {On understanding laws, evolution, and conservation in the large-program
                  life cycle},
  journal      = {J. Syst. Softw.},
  volume       = {1},
  pages        = {213--221},
  year         = {1980},
  url          = {https://doi.org/10.1016/0164-1212(79)90022-0},
  doi          = {10.1016/0164-1212(79)90022-0},
  timestamp    = {Mon, 24 Feb 2020 15:59:20 +0100},
  biburl       = {https://dblp.org/rec/journals/jss/Lehman80.bib},
  bibsource    = {dblp computer science bibliography, https://dblp.org}
}

@article{slovic1987perception,
  title={Perception of risk},
  author={Slovic, Paul},
  journal={Science},
  volume={236},
  number={4799},
  pages={280--285},
  year={1987},
  publisher={American Association for the Advancement of Science}
}

@article{crouse1999randomized,
  title={A randomized trial comparing the effect of casein with that of soy protein containing varying amounts of isoflavones on plasma concentrations of lipids and lipoproteins},
  author={Crouse, John R and Morgan, Timothy and Terry, James G and Ellis, Julie and Vitolins, Mara and Burke, Gregory L},
  journal={Archives of Internal Medicine},
  volume={159},
  number={17},
  pages={2070--2076},
  year={1999},
  publisher={American Medical Association},
  doi={10.1001/archinte.159.17.2070}
}

@article{vickers2001use,
  title={The use of percentage change from baseline as an outcome in a controlled trial is statistically inefficient: A simulation study},
  author={Vickers, Andrew J},
  journal={BMC Medical Research Methodology},
  volume={1},
  pages={1--4},
  year={2001},
  publisher={Springer},
  doi={10.1186/1471-2288-1-6}
}

@article{brandes2001faster,
  title={A faster algorithm for betweenness centrality},
  author={Brandes, Ulrik},
  journal={Journal of Mathematical Sociology},
  volume={25},
  number={2},
  pages={163--177},
  year={2001},
  publisher={Taylor \& Francis},
  doi={10.1080/0022250X.2001.9990249}
}

@article{newman2005measure,
  title={A measure of betweenness centrality based on random walks},
  author={Newman, Mark EJ},
  journal={Social Networks},
  volume={27},
  number={1},
  pages={39--54},
  year={2005},
  publisher={Elsevier},
  doi={10.1016/j.socnet.2004.11.009}
}

@article{selya2012practical,
  title={A practical guide to calculating Cohen’s $f^2$, a measure of local effect size, from PROC MIXED},
  author={Selya, Arielle S and Rose, Jennifer S and Dierker, Lisa C and Hedeker, Donald and Mermelstein, Robin J},
  journal={Frontiers in Psychology},
  volume={3},
  pages={111},
  year={2012},
  publisher={Frontiers Research Foundation}
}

@inproceedings{DBLP:conf/stacs/BrandesF05,
  author       = {Ulrik Brandes and
                  Daniel Fleischer},
  title        = {Centrality Measures Based on Current Flow},
  booktitle    = {{STACS} 2005, 22nd Annual Symposium on Theoretical Aspects of Computer
                  Science, Stuttgart, Germany, February 24-26, 2005, Proceedings},
  series       = {Lecture Notes in Computer Science},
  volume       = {3404},
  pages        = {533--544},
  publisher    = {Springer},
  year         = {2005},
  url          = {https://doi.org/10.1007/978-3-540-31856-9\_44},
  doi          = {10.1007/978-3-540-31856-9\_44},
  timestamp    = {Wed, 19 May 2021 12:05:43 +0200},
  biburl       = {https://dblp.org/rec/conf/stacs/BrandesF05.bib},
  bibsource    = {dblp computer science bibliography, https://dblp.org}
}

@article{stutzer2006does,
  title={Does marriage make people happy, or do happy people get married?},
  author={Stutzer, Alois and Frey, Bruno S},
  journal={The Journal of Socio-Economics},
  volume={35},
  number={2},
  pages={326--347},
  year={2006},
  publisher={Elsevier},
  doi={doi.org/10.1016/j.socec.2005.11.043}
}

@article{gerstorf2010late,
  title={Late-life decline in well-being across adulthood in Germany, the United Kingdom, and the United States: Something is seriously wrong at the end of life.},
  author={Gerstorf, Denis and Ram, Nilam and Mayraz, Guy and Hidajat, Mira and Lindenberger, Ulman and Wagner, Gert G and Schupp, J{\"u}rgen},
  journal={Psychology and Aging},
  volume={25},
  number={2},
  pages={477},
  year={2010},
  publisher={American Psychological Association},
  doi={doi.org/10.1037/a0017543}
}

@book{schein2010organizational,
  title={Organizational culture and leadership},
  author={Schein, Edgar H},
  volume={2},
  year={2010},
  publisher={John Wiley \& Sons}
}

@inproceedings{raemaekers2012analysis,
  title={An analysis of dependence on third-party libraries in open source and proprietary systems},
  author={Raemaekers, Steven and van Deursen, Arie and Visser, Joost},
  year={2012},
  booktitle={6th International Workshop on Software Quality and Maintainability},
}

@article{booth2013national,
  title={The national vulnerability database (nvd): Overview},
  author={Booth, Harold and Rike, Doug and Witte, Gregory A},
  year={2013},
  publisher={Harold Booth, Doug Rike, Gregory A. Witte},
  url={https://www.nist.gov/publications/national-vulnerability-database-nvd-overview}
}

@inproceedings{DBLP:conf/icse/SeoSEAB14,
  author       = {Hyunmin Seo and
                  Caitlin Sadowski and
                  Sebastian G. Elbaum and
                  Edward Aftandilian and
                  Robert W. Bowdidge},
  title        = {Programmers' build errors: A case study (at Google)},
  booktitle    = {36th International Conference on Software Engineering, {ICSE} '14,
                  Hyderabad, India - May 31 - June 07, 2014},
  pages        = {724--734},
  publisher    = {{ACM}},
  year         = {2014},
  url          = {https://doi.org/10.1145/2568225.2568255},
  doi          = {10.1145/2568225.2568255},
  timestamp    = {Tue, 06 Nov 2018 11:06:55 +0100},
  biburl       = {https://dblp.org/rec/conf/icse/SeoSEAB14.bib},
  bibsource    = {dblp computer science bibliography, https://dblp.org}
}

@inproceedings{DBLP:conf/scam/RaemaekersDV14,
  author       = {Steven Raemaekers and
                  Arie van Deursen and
                  Joost Visser},
  title        = {Semantic Versioning versus Breaking Changes: {A} Study of the Maven
                  Repository},
  booktitle    = {14th {IEEE} International Working Conference on Source Code Analysis
                  and Manipulation, {SCAM} 2014, Victoria, BC, Canada, September 28-29,
                  2014},
  pages        = {215--224},
  publisher    = {{IEEE} Computer Society},
  year         = {2014},
  url          = {https://doi.org/10.1109/SCAM.2014.30},
  doi          = {10.1109/SCAM.2014.30},
  timestamp    = {Fri, 24 Mar 2023 00:02:43 +0100},
  biburl       = {https://dblp.org/rec/conf/scam/RaemaekersDV14.bib},
  bibsource    = {dblp computer science bibliography, https://dblp.org}
}

@article{bruderl2015fixed,
  title={Fixed-effects panel regression},
  author={Br{\"u}derl, Josef and Ludwig, Volker},
  journal={The Sage Handbook of Regression Analysis and Causal Inference},
  volume={327},
  pages={357},
  year={2015}
}

@inproceedings{DBLP:conf/icse/CoxBEV15,
  author       = {Joel Cox and
                  Eric Bouwers and
                  Marko C. J. D. van Eekelen and
                  Joost Visser},
  title        = {Measuring Dependency Freshness in Software Systems},
  booktitle    = {37th {IEEE/ACM} International Conference on Software Engineering,
                  {ICSE} 2015, Florence, Italy, May 16-24, 2015, Volume 2},
  pages        = {109--118},
  publisher    = {{IEEE} Computer Society},
  year         = {2015},
  url          = {https://doi.org/10.1109/ICSE.2015.140},
  doi          = {10.1109/ICSE.2015.140},
  timestamp    = {Thu, 23 Mar 2023 23:58:13 +0100},
  biburl       = {https://dblp.org/rec/conf/icse/CoxBEV15.bib},
  bibsource    = {dblp computer science bibliography, https://dblp.org}
}

@book{morgan2015counterfactuals,
  title={Counterfactuals and causal inference},
  author={Morgan, Stephen L and Winship, Christopher},
  year={2015},
  publisher={Cambridge University Press}
}

@article{eghbal2016roads,
  title={Roads and Bridges},
  author={Eghbal, Nadia},
  journal={The Unseen Labor Behind our Digital Infrastructure},
  year={2016}
}

@inproceedings{DBLP:conf/codaspy/YounisMAR16,
  author       = {Awad A. Younis and
                  Yashwant K. Malaiya and
                  Charles Anderson and
                  Indrajit Ray},
  title        = {To Fear or Not to Fear That is the Question: Code Characteristics
                  of a Vulnerable Functionwith an Existing Exploit},
  booktitle    = {Proceedings of the Sixth {ACM} on Conference on Data and Application
                  Security and Privacy, {CODASPY} 2016, New Orleans, LA, USA, March
                  9-11, 2016},
  pages        = {97--104},
  publisher    = {{ACM}},
  year         = {2016},
  url          = {https://doi.org/10.1145/2857705.2857750},
  doi          = {10.1145/2857705.2857750},
  timestamp    = {Tue, 09 Feb 2021 08:50:28 +0100},
  biburl       = {https://dblp.org/rec/conf/codaspy/YounisMAR16.bib},
  bibsource    = {dblp computer science bibliography, https://dblp.org}
}

@article{DBLP:journals/jss/RaemaekersDV17,
  author       = {Steven Raemaekers and
                  Arie van Deursen and
                  Joost Visser},
  title        = {Semantic versioning and impact of breaking changes in the Maven repository},
  journal      = {J. Syst. Softw.},
  volume       = {129},
  pages        = {140--158},
  year         = {2017},
  url          = {https://doi.org/10.1016/j.jss.2016.04.008},
  doi          = {10.1016/J.JSS.2016.04.008},
  timestamp    = {Mon, 26 Oct 2020 08:47:21 +0100},
  biburl       = {https://dblp.org/rec/journals/jss/RaemaekersDV17.bib},
  bibsource    = {dblp computer science bibliography, https://dblp.org}
}

@inproceedings{DBLP:conf/sigsoft/AbdalkareemNWMS17,
  author       = {Rabe Abdalkareem and
                  Olivier Nourry and
                  Sultan Wehaibi and
                  Suhaib Mujahid and
                  Emad Shihab},
  title        = {Why do developers use trivial packages? {An} empirical case study on
                  npm},
  booktitle    = {Proceedings of the 2017 11th Joint Meeting on Foundations of Software
                  Engineering, {ESEC/FSE} 2017, Paderborn, Germany, September 4-8, 2017},
  pages        = {385--395},
  publisher    = {{ACM}},
  year         = {2017},
  url          = {https://doi.org/10.1145/3106237.3106267},
  doi          = {10.1145/3106237.3106267},
  timestamp    = {Wed, 07 Dec 2022 23:12:24 +0100},
  biburl       = {https://dblp.org/rec/conf/sigsoft/AbdalkareemNWMS17.bib},
  bibsource    = {dblp computer science bibliography, https://dblp.org}
}

@inproceedings{DBLP:conf/ecoop/MezzettiMT18,
  author       = {Gianluca Mezzetti and
                  Anders M{\o}ller and
                  Martin Toldam Torp},
  title        = {Type Regression Testing to Detect Breaking Changes in Node.js Libraries},
  booktitle    = {32nd European Conference on Object-Oriented Programming, {ECOOP} 2018,
                  July 16-21, 2018, Amsterdam, The Netherlands},
  series       = {LIPIcs},
  volume       = {109},
  pages        = {7:1--7:24},
  publisher    = {Schloss Dagstuhl - Leibniz-Zentrum f{\"{u}}r Informatik},
  year         = {2018},
  url          = {https://doi.org/10.4230/LIPIcs.ECOOP.2018.7},
  doi          = {10.4230/LIPICS.ECOOP.2018.7},
  timestamp    = {Sun, 25 Oct 2020 22:50:36 +0100},
  biburl       = {https://dblp.org/rec/conf/ecoop/MezzettiMT18.bib},
  bibsource    = {dblp computer science bibliography, https://dblp.org}
}

@inproceedings{DBLP:conf/msr/DecanMC18,
  author       = {Alexandre Decan and
                  Tom Mens and
                  Eleni Constantinou},
  title        = {On the impact of security vulnerabilities in the npm package dependency
                  network},
  booktitle    = {Proceedings of the 15th International Conference on Mining Software
                  Repositories, {MSR} 2018, Gothenburg, Sweden, May 28-29, 2018},
  pages        = {181--191},
  publisher    = {{ACM}},
  year         = {2018},
  url          = {https://doi.org/10.1145/3196398.3196401},
  doi          = {10.1145/3196398.3196401},
  timestamp    = {Wed, 11 Aug 2021 17:02:31 +0200},
  biburl       = {https://dblp.org/rec/conf/msr/DecanMC18.bib},
  bibsource    = {dblp computer science bibliography, https://dblp.org}
}

@inproceedings{DBLP:conf/sigsoft/WangWLWWYYZC18,
  author       = {Ying Wang and
                  Ming Wen and
                  Zhenwei Liu and
                  Rongxin Wu and
                  Rui Wang and
                  Bo Yang and
                  Hai Yu and
                  Zhiliang Zhu and
                  Shing{-}Chi Cheung},
  title        = {Do the dependency conflicts in my project matter?},
  booktitle    = {Proceedings of the 2018 {ACM} Joint Meeting on European Software Engineering
                  Conference and Symposium on the Foundations of Software Engineering,
                  {ESEC/SIGSOFT} {FSE} 2018, Lake Buena Vista, FL, USA, November 04-09,
                  2018},
  pages        = {319--330},
  publisher    = {{ACM}},
  year         = {2018},
  url          = {https://doi.org/10.1145/3236024.3236056},
  doi          = {10.1145/3236024.3236056},
  timestamp    = {Sun, 02 Oct 2022 16:15:24 +0200},
  biburl       = {https://dblp.org/rec/conf/sigsoft/WangWLWWYYZC18.bib},
  bibsource    = {dblp computer science bibliography, https://dblp.org}
}

@article{DBLP:journals/corr/abs-1908-04856,
  author       = {Jay Jacobs and
                  Sasha Romanosky and
                  Benjamin Edwards and
                  Michael Roytman and
                  Idris Adjerid},
  title        = {Exploit Prediction Scoring System {(EPSS)}},
  journal      = {CoRR},
  volume       = {abs/1908.04856},
  year         = {2019},
  url          = {http://arxiv.org/abs/1908.04856},
  eprinttype    = {arXiv},
  eprint       = {1908.04856},
  timestamp    = {Mon, 19 Aug 2019 13:21:03 +0200},
  biburl       = {https://dblp.org/rec/journals/corr/abs-1908-04856.bib},
  bibsource    = {dblp computer science bibliography, https://dblp.org}
}

@article{DBLP:journals/ese/KulaGOII18,
  author       = {Raula Gaikovina Kula and
                  Daniel M. Germ{\'{a}}n and
                  Ali Ouni and
                  Takashi Ishio and
                  Katsuro Inoue},
  title        = {Do developers update their library dependencies? - An empirical study
                  on the impact of security advisories on library migration},
  journal      = {Empir. Softw. Eng.},
  volume       = {23},
  number       = {1},
  pages        = {384--417},
  year         = {2018},
  url          = {https://doi.org/10.1007/s10664-017-9521-5},
  doi          = {10.1007/S10664-017-9521-5},
  timestamp    = {Sat, 30 Sep 2023 10:12:48 +0200},
  biburl       = {https://dblp.org/rec/journals/ese/KulaGOII18.bib},
  bibsource    = {dblp computer science bibliography, https://dblp.org}
}

@inproceedings{DBLP:conf/esem/PashchenkoPPSM18,
  author       = {Ivan Pashchenko and
                  Henrik Plate and
                  Serena Elisa Ponta and
                  Antonino Sabetta and
                  Fabio Massacci},
  title        = {Vulnerable open source dependencies: counting those that matter},
  booktitle    = {Proceedings of the 12th {ACM/IEEE} International Symposium on Empirical
                  Software Engineering and Measurement, {ESEM} 2018, Oulu, Finland,
                  October 11-12, 2018},
  pages        = {42:1--42:10},
  publisher    = {{ACM}},
  year         = {2018},
  url          = {https://doi.org/10.1145/3239235.3268920},
  doi          = {10.1145/3239235.3268920},
  timestamp    = {Sun, 25 Oct 2020 23:18:43 +0100},
  biburl       = {https://dblp.org/rec/conf/esem/PashchenkoPPSM18.bib},
  bibsource    = {dblp computer science bibliography, https://dblp.org}
}

@inproceedings{DBLP:conf/icse/DmeiriTWBLDVR19,
  author       = {David A. Tomassi and
                  Naji Dmeiri and
                  Yichen Wang and
                  Antara Bhowmick and
                  Yen{-}Chuan Liu and
                  Premkumar T. Devanbu and
                  Bogdan Vasilescu and
                  Cindy Rubio{-}Gonz{\'{a}}lez},
  title        = {BugSwarm: Mining and continuously growing a dataset of reproducible
                  failures and fixes},
  booktitle    = {Proceedings of the 41st International Conference on Software Engineering,
                  {ICSE} 2019, Montreal, QC, Canada, May 25-31, 2019},
  pages        = {339--349},
  publisher    = {{IEEE} / {ACM}},
  year         = {2019},
  url          = {https://doi.org/10.1109/ICSE.2019.00048},
  doi          = {10.1109/ICSE.2019.00048},
  timestamp    = {Tue, 24 May 2022 15:28:49 +0200},
  biburl       = {https://dblp.org/rec/conf/icse/DmeiriTWBLDVR19.bib},
  bibsource    = {dblp computer science bibliography, https://dblp.org}
}

@inproceedings{DBLP:conf/uss/ZimmermannSTP19,
  author       = {Markus Zimmermann and
                  Cristian{-}Alexandru Staicu and
                  Cam Tenny and
                  Michael Pradel},
  title        = {Small World with High Risks: {A} Study of Security Threats in the
                  npm Ecosystem},
  booktitle    = {28th {USENIX} Security Symposium, {USENIX} Security 2019, Santa Clara,
                  CA, USA, August 14-16, 2019},
  pages        = {995--1010},
  publisher    = {{USENIX} Association},
  year         = {2019},
  url          = {https://www.usenix.org/conference/usenixsecurity19/presentation/zimmerman},
  timestamp    = {Mon, 01 Feb 2021 08:43:12 +0100},
  biburl       = {https://dblp.org/rec/conf/uss/ZimmermannSTP19.bib},
  bibsource    = {dblp computer science bibliography, https://dblp.org}
}

@article{DBLP:journals/ese/DecanMG19,
  author       = {Alexandre Decan and
                  Tom Mens and
                  Philippe Grosjean},
  title        = {An empirical comparison of dependency network evolution in seven software
                  packaging ecosystems},
  journal      = {Empir. Softw. Eng.},
  volume       = {24},
  number       = {1},
  pages        = {381--416},
  year         = {2019},
  url          = {https://doi.org/10.1007/s10664-017-9589-y},
  doi          = {10.1007/S10664-017-9589-Y},
  timestamp    = {Mon, 28 Aug 2023 21:35:24 +0200},
  biburl       = {https://dblp.org/rec/journals/ese/DecanMG19.bib},
  bibsource    = {dblp computer science bibliography, https://dblp.org}
}

@inproceedings{DBLP:conf/msr/0001PSTB19,
  author       = {Jens Dietrich and
                  David J. Pearce and
                  Jacob Stringer and
                  Amjed Tahir and
                  Kelly Blincoe},
  title        = {Dependency versioning in the wild},
  booktitle    = {Proceedings of the 16th International Conference on Mining Software
                  Repositories, {MSR} 2019, 26-27 May 2019, Montreal, Canada},
  pages        = {349--359},
  publisher    = {{IEEE} / {ACM}},
  year         = {2019},
  url          = {https://doi.org/10.1109/MSR.2019.00061},
  doi          = {10.1109/MSR.2019.00061},
  timestamp    = {Wed, 26 May 2021 08:40:07 +0200},
  biburl       = {https://dblp.org/rec/conf/msr/0001PSTB19.bib},
  bibsource    = {dblp computer science bibliography, https://dblp.org}
}

@article{tantardini2019comparing,
  title={Comparing methods for comparing networks},
  author={Tantardini, Mattia and Ieva, Francesca and Tajoli, Lucia and Piccardi, Carlo},
  journal={Scientific Reports},
  volume={9},
  number={1},
  pages={17557},
  year={2019},
  publisher={Nature Publishing Group UK London}
}

@article{DBLP:journals/tse/DecanM21,
  author       = {Alexandre Decan and
                  Tom Mens},
  title        = {What Do Package Dependencies Tell Us About Semantic Versioning?},
  journal      = {{IEEE} Trans. Software Eng.},
  volume       = {47},
  number       = {6},
  pages        = {1226--1240},
  year         = {2021},
  url          = {https://doi.org/10.1109/TSE.2019.2918315},
  doi          = {10.1109/TSE.2019.2918315},
  timestamp    = {Mon, 28 Aug 2023 21:19:21 +0200},
  biburl       = {https://dblp.org/rec/journals/tse/DecanM21.bib},
  bibsource    = {dblp computer science bibliography, https://dblp.org}
}

@inproceedings{DBLP:conf/eurosp/VuPMPS20,
  author       = {Duc{-}Ly Vu and
                  Ivan Pashchenko and
                  Fabio Massacci and
                  Henrik Plate and
                  Antonino Sabetta},
  title        = {Typosquatting and Combosquatting Attacks on the Python Ecosystem},
  booktitle    = {{IEEE} European Symposium on Security and Privacy Workshops, EuroS{\&}P
                  Workshops 2020, Genoa, Italy, September 7-11, 2020},
  pages        = {509--514},
  publisher    = {{IEEE}},
  year         = {2020},
  url          = {https://doi.org/10.1109/EuroSPW51379.2020.00074},
  doi          = {10.1109/EUROSPW51379.2020.00074},
  timestamp    = {Wed, 03 Jul 2024 14:58:17 +0200},
  biburl       = {https://dblp.org/rec/conf/eurosp/VuPMPS20.bib},
  bibsource    = {dblp computer science bibliography, https://dblp.org}
}

@inproceedings{DBLP:conf/wcre/AbateCGZ20,
  author       = {Pietro Abate and
                  Roberto Di Cosmo and
                  Georgios Gousios and
                  Stefano Zacchiroli},
  title        = {Dependency Solving Is Still Hard, but We Are Getting Better at It},
  booktitle    = {27th {IEEE} International Conference on Software Analysis, Evolution
                  and Reengineering, {SANER} 2020, London, ON, Canada, February 18-21,
                  2020},
  pages        = {547--551},
  publisher    = {{IEEE}},
  year         = {2020},
  url          = {https://doi.org/10.1109/SANER48275.2020.9054837},
  doi          = {10.1109/SANER48275.2020.9054837},
  timestamp    = {Thu, 16 Apr 2020 16:52:52 +0200},
  biburl       = {https://dblp.org/rec/conf/wcre/AbateCGZ20.bib},
  bibsource    = {dblp computer science bibliography, https://dblp.org}
}

@inproceedings{DBLP:conf/dimva/OhmPS020,
  author       = {Marc Ohm and
                  Henrik Plate and
                  Arnold Sykosch and
                  Michael Meier},
  title        = {Backstabber's Knife Collection: {A} Review of Open Source Software
                  Supply Chain Attacks},
  booktitle    = {Detection of Intrusions and Malware, and Vulnerability Assessment
                  - 17th International Conference, {DIMVA} 2020, Lisbon, Portugal, June
                  24-26, 2020, Proceedings},
  series       = {Lecture Notes in Computer Science},
  volume       = {12223},
  pages        = {23--43},
  publisher    = {Springer},
  year         = {2020},
  url          = {https://doi.org/10.1007/978-3-030-52683-2\_2},
  doi          = {10.1007/978-3-030-52683-2\_2},
  timestamp    = {Sun, 02 Oct 2022 15:59:10 +0200},
  biburl       = {https://dblp.org/rec/conf/dimva/OhmPS020.bib},
  bibsource    = {dblp computer science bibliography, https://dblp.org}
}

@inproceedings{DBLP:conf/oopsla/LamDP20,
  author       = {Patrick Lam and
                  Jens Dietrich and
                  David J. Pearce},
  title        = {Putting the semantics into semantic versioning},
  booktitle    = {Proceedings of the 2020 {ACM} {SIGPLAN} International Symposium on
                  New Ideas, New Paradigms, and Reflections on Programming and Software,
                  Onward! 2020, Virtual, November, 2020},
  pages        = {157--179},
  publisher    = {{ACM}},
  year         = {2020},
  url          = {https://doi.org/10.1145/3426428.3426922},
  doi          = {10.1145/3426428.3426922},
  timestamp    = {Sat, 08 Jan 2022 02:24:37 +0100},
  biburl       = {https://dblp.org/rec/conf/oopsla/LamDP20.bib},
  bibsource    = {dblp computer science bibliography, https://dblp.org}
}

@inproceedings{DBLP:conf/msr/SpinellisKM20,
  author       = {Diomidis Spinellis and
                  Zoe Kotti and
                  Audris Mockus},
  title        = {A Dataset for GitHub Repository Deduplication},
  booktitle    = {{MSR} '20: 17th International Conference on Mining Software Repositories,
                  Seoul, Republic of Korea, 29-30 June, 2020},
  pages        = {523--527},
  publisher    = {{ACM}},
  year         = {2020},
  url          = {https://doi.org/10.1145/3379597.3387496},
  doi          = {10.1145/3379597.3387496},
  timestamp    = {Mon, 03 Jan 2022 22:31:13 +0100},
  biburl       = {https://dblp.org/rec/conf/msr/SpinellisKM20.bib},
  bibsource    = {dblp computer science bibliography, https://dblp.org}
}

@article{DBLP:journals/usenix-login/GeerTM20,
  author       = {Dan Geer and
                  Bentz Tozer and
                  John Speed Meyers},
  title        = {For Good Measure: Counting Broken Links: {A} Quant's View of Software
                  Supply Chain Security},
  journal      = {login Usenix Mag.},
  volume       = {45},
  number       = {4},
  year         = {2020},
  url          = {https://www.usenix.org/publications/login/winter2020/geer},
  timestamp    = {Mon, 04 Jan 2021 17:15:49 +0100},
  biburl       = {https://dblp.org/rec/journals/usenix-login/GeerTM20.bib},
  bibsource    = {dblp computer science bibliography, https://dblp.org}
}

@inproceedings{DBLP:conf/ccs/PashchenkoVM20,
  author       = {Ivan Pashchenko and
                  Duc Ly Vu and
                  Fabio Massacci},
  title        = {A Qualitative Study of Dependency Management and Its Security Implications},
  booktitle    = {{CCS} '20: 2020 {ACM} {SIGSAC} Conference on Computer and Communications
                  Security, Virtual Event, USA, November 9-13, 2020},
  pages        = {1513--1531},
  publisher    = {{ACM}},
  year         = {2020},
  url          = {https://doi.org/10.1145/3372297.3417232},
  doi          = {10.1145/3372297.3417232},
  timestamp    = {Sat, 09 Apr 2022 12:37:27 +0200},
  biburl       = {https://dblp.org/rec/conf/ccs/PashchenkoVM20.bib},
  bibsource    = {dblp computer science bibliography, https://dblp.org}
}

@inproceedings{DBLP:conf/sigsoft/VargasATBG20,
  author       = {Enrique Larios Vargas and
                  Maur{\'{\i}}cio Finavaro Aniche and
                  Christoph Treude and
                  Magiel Bruntink and
                  Georgios Gousios},
  title        = {Selecting third-party libraries: the practitioners' perspective},
  booktitle    = {{ESEC/FSE} '20: 28th {ACM} Joint European Software Engineering Conference
                  and Symposium on the Foundations of Software Engineering, Virtual
                  Event, USA, November 8-13, 2020},
  pages        = {245--256},
  publisher    = {{ACM}},
  year         = {2020},
  url          = {https://doi.org/10.1145/3368089.3409711},
  doi          = {10.1145/3368089.3409711},
  timestamp    = {Thu, 14 Oct 2021 10:39:56 +0200},
  biburl       = {https://dblp.org/rec/conf/sigsoft/VargasATBG20.bib},
  bibsource    = {dblp computer science bibliography, https://dblp.org}
}

@inproceedings{DBLP:conf/msr/Walden20,
  author       = {James Walden},
  title        = {The Impact of a Major Security Event on an Open Source Project: The
                  Case of OpenSSL},
  booktitle    = {{MSR} '20: 17th International Conference on Mining Software Repositories,
                  Seoul, Republic of Korea, 29-30 June, 2020},
  pages        = {409--419},
  publisher    = {{ACM}},
  year         = {2020},
  url          = {https://doi.org/10.1145/3379597.3387465},
  doi          = {10.1145/3379597.3387465},
  timestamp    = {Thu, 24 Sep 2020 10:48:37 +0200},
  biburl       = {https://dblp.org/rec/conf/msr/Walden20.bib},
  bibsource    = {dblp computer science bibliography, https://dblp.org}
}

@inproceedings{DBLP:conf/icse/WangW0WLWYCX020,
  author       = {Ying Wang and
                  Ming Wen and
                  Yepang Liu and
                  Yibo Wang and
                  Zhenming Li and
                  Chao Wang and
                  Hai Yu and
                  Shing{-}Chi Cheung and
                  Chang Xu and
                  Zhiliang Zhu},
  title        = {Watchman: monitoring dependency conflicts for Python library ecosystem},
  booktitle    = {{ICSE} '20: 42nd International Conference on Software Engineering,
                  Seoul, South Korea, 27 June - 19 July, 2020},
  pages        = {125--135},
  publisher    = {{ACM}},
  year         = {2020},
  url          = {https://doi.org/10.1145/3377811.3380426},
  doi          = {10.1145/3377811.3380426},
  timestamp    = {Mon, 01 Aug 2022 16:29:57 +0200},
  biburl       = {https://dblp.org/rec/conf/icse/WangW0WLWYCX020.bib},
  bibsource    = {dblp computer science bibliography, https://dblp.org}
}

@inproceedings{DBLP:conf/msr/AlfadelCSM21,
  author       = {Mahmoud Alfadel and
                  Diego Elias Costa and
                  Emad Shihab and
                  Mouafak Mkhallalati},
  title        = {On the Use of Dependabot Security Pull Requests},
  booktitle    = {18th {IEEE/ACM} International Conference on Mining Software Repositories,
                  {MSR} 2021, Madrid, Spain, May 17-19, 2021},
  pages        = {254--265},
  publisher    = {{IEEE}},
  year         = {2021},
  url          = {https://doi.org/10.1109/MSR52588.2021.00037},
  doi          = {10.1109/MSR52588.2021.00037},
  timestamp    = {Thu, 07 Mar 2024 15:32:46 +0100},
  biburl       = {https://dblp.org/rec/conf/msr/AlfadelCSM21.bib},
  bibsource    = {dblp computer science bibliography, https://dblp.org}
}

@article{DBLP:journals/ese/ChinthanetKMIIM21,
  author       = {Bodin Chinthanet and
                  Raula Gaikovina Kula and
                  Shane McIntosh and
                  Takashi Ishio and
                  Akinori Ihara and
                  Kenichi Matsumoto},
  title        = {Lags in the release, adoption, and propagation of npm vulnerability
                  fixes},
  journal      = {Empir. Softw. Eng.},
  volume       = {26},
  number       = {3},
  pages        = {47},
  year         = {2021},
  url          = {https://doi.org/10.1007/s10664-021-09951-x},
  doi          = {10.1007/S10664-021-09951-X},
  timestamp    = {Sat, 30 Sep 2023 10:12:48 +0200},
  biburl       = {https://dblp.org/rec/journals/ese/ChinthanetKMIIM21.bib},
  bibsource    = {dblp computer science bibliography, https://dblp.org}
}

@inproceedings{DBLP:conf/sigsoft/HeHGZ21,
  author       = {Hao He and
                  Runzhi He and
                  Haiqiao Gu and
                  Minghui Zhou},
  title        = {A large-scale empirical study on Java library migrations: prevalence,
                  trends, and rationales},
  booktitle    = {{ESEC/FSE} '21: 29th {ACM} Joint European Software Engineering Conference
                  and Symposium on the Foundations of Software Engineering, Athens,
                  Greece, August 23-28, 2021},
  pages        = {478--490},
  publisher    = {{ACM}},
  year         = {2021},
  url          = {https://doi.org/10.1145/3468264.3468571},
  doi          = {10.1145/3468264.3468571},
  timestamp    = {Thu, 24 Aug 2023 21:03:28 +0200},
  biburl       = {https://dblp.org/rec/conf/sigsoft/HeHGZ21.bib},
  bibsource    = {dblp computer science bibliography, https://dblp.org}
}

@article{DBLP:journals/ese/MaDBAVTKZM21,
  author       = {Yuxing Ma and
                  Tapajit Dey and
                  Chris Bogart and
                  Sadika Amreen and
                  Marat Valiev and
                  Adam Tutko and
                  David Kennard and
                  Russell Zaretzki and
                  Audris Mockus},
  title        = {World of code: enabling a research workflow for mining and analyzing
                  the universe of open source {VCS} data},
  journal      = {Empir. Softw. Eng.},
  volume       = {26},
  number       = {2},
  pages        = {22},
  year         = {2021},
  url          = {https://doi.org/10.1007/s10664-020-09905-9},
  doi          = {10.1007/S10664-020-09905-9},
  timestamp    = {Sat, 30 Sep 2023 10:12:48 +0200},
  biburl       = {https://dblp.org/rec/journals/ese/MaDBAVTKZM21.bib},
  bibsource    = {dblp computer science bibliography, https://dblp.org}
}

@article{DBLP:journals/tosem/BogartKHT21,
  author       = {Chris Bogart and
                  Christian K{\"{a}}stner and
                  James D. Herbsleb and
                  Ferdian Thung},
  title        = {When and How to Make Breaking Changes: Policies and Practices in 18
                  Open Source Software Ecosystems},
  journal      = {{ACM} Trans. Softw. Eng. Methodol.},
  volume       = {30},
  number       = {4},
  pages        = {42:1--42:56},
  year         = {2021},
  url          = {https://doi.org/10.1145/3447245},
  doi          = {10.1145/3447245},
  timestamp    = {Tue, 16 Aug 2022 23:08:33 +0200},
  biburl       = {https://dblp.org/rec/journals/tosem/BogartKHT21.bib},
  bibsource    = {dblp computer science bibliography, https://dblp.org}
}

@incollection{hanck2021introduction,
  title={Regression with Panel Data},
  booktitle={Introduction to Econometrics with R},
  author={Hanck, Christoph and Arnold, Martin and Gerber, Alexander and Schmelzer, Martin},
  year={2021},
  publisher={Universit{\"a}t Duisburg-Essen},
  url={https://www.econometrics-with-r.org/10-rwpd.html}
}

@article{martinez2021software,
  title={Software supply chain attacks, a threat to global cybersecurity: SolarWinds’ case study},
  author={Mart{\'\i}nez, Jeferson and Dur{\'a}n, Javier M},
  journal={International Journal of Safety and Security Engineering},
  volume={11},
  number={5},
  pages={537--545},
  year={2021},
  url={https://doi.org/10.18280/ijsse.110505}
}

@inproceedings{DBLP:conf/issta/MukherjeeAR21,
  author       = {Suchita Mukherjee and
                  Abigail Almanza and
                  Cindy Rubio{-}Gonz{\'{a}}lez},
  editor       = {Cristian Cadar and
                  Xiangyu Zhang},
  title        = {Fixing dependency errors for Python build reproducibility},
  booktitle    = {{ISSTA} '21: 30th {ACM} {SIGSOFT} International Symposium on Software
                  Testing and Analysis, Virtual Event, Denmark, July 11-17, 2021},
  pages        = {439--451},
  publisher    = {{ACM}},
  year         = {2021},
  url          = {https://doi.org/10.1145/3460319.3464797},
  doi          = {10.1145/3460319.3464797},
  timestamp    = {Mon, 19 Jul 2021 16:42:08 +0200},
  biburl       = {https://dblp.org/rec/conf/issta/MukherjeeAR21.bib},
  bibsource    = {dblp computer science bibliography, https://dblp.org}
}

@inproceedings{DBLP:conf/wcre/ChampionH21,
  author       = {Kaylea Champion and
                  Benjamin Mako Hill},
  title        = {Underproduction: An Approach for Measuring Risk in Open Source Software},
  booktitle    = {28th {IEEE} International Conference on Software Analysis, Evolution
                  and Reengineering, {SANER} 2021, Honolulu, HI, USA, March 9-12, 2021},
  pages        = {388--399},
  publisher    = {{IEEE}},
  year         = {2021},
  url          = {https://doi.org/10.1109/SANER50967.2021.00043},
  doi          = {10.1109/SANER50967.2021.00043},
  timestamp    = {Thu, 23 Jun 2022 19:58:19 +0200},
  biburl       = {https://dblp.org/rec/conf/wcre/ChampionH21.bib},
  bibsource    = {dblp computer science bibliography, https://dblp.org}
}

@inproceedings{DBLP:conf/icse/SejfiaS22,
  author       = {Adriana Sejfia and
                  Max Sch{\"{a}}fer},
  title        = {Practical Automated Detection of Malicious npm Packages},
  booktitle    = {44th {IEEE/ACM} 44th International Conference on Software Engineering,
                  {ICSE} 2022, Pittsburgh, PA, USA, May 25-27, 2022},
  pages        = {1681--1692},
  publisher    = {{ACM}},
  year         = {2022},
  url          = {https://doi.org/10.1145/3510003.3510104},
  doi          = {10.1145/3510003.3510104},
  timestamp    = {Mon, 18 Jul 2022 16:47:42 +0200},
  biburl       = {https://dblp.org/rec/conf/icse/SejfiaS22.bib},
  bibsource    = {dblp computer science bibliography, https://dblp.org}
}

@inproceedings{DBLP:conf/icse/LiuCF00022,
  author       = {Chengwei Liu and
                  Sen Chen and
                  Lingling Fan and
                  Bihuan Chen and
                  Yang Liu and
                  Xin Peng},
  title        = {Demystifying the Vulnerability Propagation and Its Evolution via Dependency
                  Trees in the {NPM} Ecosystem},
  booktitle    = {44th {IEEE/ACM} 44th International Conference on Software Engineering,
                  {ICSE} 2022, Pittsburgh, PA, USA, May 25-27, 2022},
  pages        = {672--684},
  publisher    = {{ACM}},
  year         = {2022},
  url          = {https://doi.org/10.1145/3510003.3510142},
  doi          = {10.1145/3510003.3510142},
  timestamp    = {Mon, 26 Jun 2023 20:43:00 +0200},
  biburl       = {https://dblp.org/rec/conf/icse/LiuCF00022.bib},
  bibsource    = {dblp computer science bibliography, https://dblp.org}
}

@inproceedings{DBLP:conf/kbse/ZhangLXCF0022,
  author       = {Lyuye Zhang and
                  Chengwei Liu and
                  Zhengzi Xu and
                  Sen Chen and
                  Lingling Fan and
                  Bihuan Chen and
                  Yang Liu},
  title        = {Has My Release Disobeyed Semantic Versioning? Static Detection Based
                  on Semantic Differencing},
  booktitle    = {37th {IEEE/ACM} International Conference on Automated Software Engineering,
                  {ASE} 2022, Rochester, MI, USA, October 10-14, 2022},
  pages        = {51:1--51:12},
  publisher    = {{ACM}},
  year         = {2022},
  url          = {https://doi.org/10.1145/3551349.3556956},
  doi          = {10.1145/3551349.3556956},
  timestamp    = {Fri, 15 Mar 2024 12:30:52 +0100},
  biburl       = {https://dblp.org/rec/conf/kbse/ZhangLXCF0022.bib},
  bibsource    = {dblp computer science bibliography, https://dblp.org}
}

@inproceedings{DBLP:conf/kbse/LatendresseMCS22,
  author       = {Jasmine Latendresse and
                  Suhaib Mujahid and
                  Diego Elias Costa and
                  Emad Shihab},
  title        = {Not All Dependencies are Equal: An Empirical Study on Production Dependencies
                  in {NPM}},
  booktitle    = {37th {IEEE/ACM} International Conference on Automated Software Engineering,
                  {ASE} 2022, Rochester, MI, USA, October 10-14, 2022},
  pages        = {73:1--73:12},
  publisher    = {{ACM}},
  year         = {2022},
  url          = {https://doi.org/10.1145/3551349.3556896},
  doi          = {10.1145/3551349.3556896},
  timestamp    = {Fri, 14 Apr 2023 23:05:44 +0200},
  biburl       = {https://dblp.org/rec/conf/kbse/LatendresseMCS22.bib},
  bibsource    = {dblp computer science bibliography, https://dblp.org}
}

@article{DBLP:journals/tse/0038SP00C0023,
  author       = {Ying Wang and
                  Peng Sun and
                  Lin Pei and
                  Yue Yu and
                  Chang Xu and
                  Shing{-}Chi Cheung and
                  Hai Yu and
                  Zhiliang Zhu},
  title        = {Plumber: Boosting the Propagation of Vulnerability Fixes in the npm
                  Ecosystem},
  journal      = {{IEEE} Trans. Software Eng.},
  volume       = {49},
  number       = {5},
  pages        = {3155--3181},
  year         = {2023},
  url          = {https://doi.org/10.1109/TSE.2023.3243262},
  doi          = {10.1109/TSE.2023.3243262},
  timestamp    = {Mon, 28 Aug 2023 21:19:22 +0200},
  biburl       = {https://dblp.org/rec/journals/tse/0038SP00C0023.bib},
  bibsource    = {dblp computer science bibliography, https://dblp.org}
}

@article{DBLP:journals/tse/JafariCAST22,
  author       = {Abbas Javan Jafari and
                  Diego Elias Costa and
                  Rabe Abdalkareem and
                  Emad Shihab and
                  Nikolaos Tsantalis},
  title        = {Dependency Smells in JavaScript Projects},
  journal      = {{IEEE} Trans. Software Eng.},
  volume       = {48},
  number       = {10},
  pages        = {3790--3807},
  year         = {2022},
  url          = {https://doi.org/10.1109/TSE.2021.3106247},
  doi          = {10.1109/TSE.2021.3106247},
  timestamp    = {Thu, 07 Mar 2024 15:32:46 +0100},
  biburl       = {https://dblp.org/rec/journals/tse/JafariCAST22.bib},
  bibsource    = {dblp computer science bibliography, https://dblp.org}
}

@inproceedings{DBLP:conf/icde/0002ZW0023,
  author       = {Jiadong Xie and
                  Fan Zhang and
                  Kai Wang and
                  Xuemin Lin and
                  Wenjie Zhang},
  title        = {Minimizing the Influence of Misinformation via Vertex Blocking},
  booktitle    = {39th {IEEE} International Conference on Data Engineering, {ICDE} 2023,
                  Anaheim, CA, USA, April 3-7, 2023},
  pages        = {789--801},
  publisher    = {{IEEE}},
  year         = {2023},
  url          = {https://doi.org/10.1109/ICDE55515.2023.00066},
  doi          = {10.1109/ICDE55515.2023.00066},
  timestamp    = {Sun, 12 Nov 2023 02:08:10 +0100},
  biburl       = {https://dblp.org/rec/conf/icde/0002ZW0023.bib},
  bibsource    = {dblp computer science bibliography, https://dblp.org}
}

@inproceedings{DBLP:conf/sigsoft/MillerKV23,
  author       = {Courtney Miller and
                  Christian K{\"{a}}stner and
                  Bogdan Vasilescu},
  title        = {"We Feel Like We're Winging It: " {A} Study on Navigating Open-Source
                  Dependency Abandonment},
  booktitle    = {Proceedings of the 31st {ACM} Joint European Software Engineering
                  Conference and Symposium on the Foundations of Software Engineering,
                  {ESEC/FSE} 2023, San Francisco, CA, USA, December 3-9, 2023},
  pages        = {1281--1293},
  publisher    = {{ACM}},
  year         = {2023},
  url          = {https://doi.org/10.1145/3611643.3616293},
  doi          = {10.1145/3611643.3616293},
  timestamp    = {Mon, 04 Dec 2023 12:10:56 +0100},
  biburl       = {https://dblp.org/rec/conf/sigsoft/MillerKV23.bib},
  bibsource    = {dblp computer science bibliography, https://dblp.org}
}

@inproceedings{DBLP:conf/sp/FourneWEFA23,
  author       = {Marcel Fourn{\'{e}} and
                  Dominik Wermke and
                  William Enck and
                  Sascha Fahl and
                  Yasemin Acar},
  title        = {It's like flossing your teeth: On the Importance and Challenges of
                  Reproducible Builds for Software Supply Chain Security},
  booktitle    = {44th {IEEE} Symposium on Security and Privacy, {SP} 2023, San Francisco,
                  CA, USA, May 21-25, 2023},
  pages        = {1527--1544},
  publisher    = {{IEEE}},
  year         = {2023},
  url          = {https://doi.org/10.1109/SP46215.2023.10179320},
  doi          = {10.1109/SP46215.2023.10179320},
  timestamp    = {Sun, 12 Nov 2023 02:10:02 +0100},
  biburl       = {https://dblp.org/rec/conf/sp/FourneWEFA23.bib},
  bibsource    = {dblp computer science bibliography, https://dblp.org}
}

@inproceedings{DBLP:conf/sp/WermkeKWSRAF23,
  author       = {Dominik Wermke and
                  Jan H. Klemmer and
                  Noah W{\"{o}}hler and
                  Juliane Schm{\"{u}}ser and
                  Harshini Sri Ramulu and
                  Yasemin Acar and
                  Sascha Fahl},
  title        = {"Always Contribute Back": {A} Qualitative Study on Security Challenges
                  of the Open Source Supply Chain},
  booktitle    = {44th {IEEE} Symposium on Security and Privacy, {SP} 2023, San Francisco,
                  CA, USA, May 21-25, 2023},
  pages        = {1545--1560},
  publisher    = {{IEEE}},
  year         = {2023},
  url          = {https://doi.org/10.1109/SP46215.2023.10179378},
  doi          = {10.1109/SP46215.2023.10179378},
  timestamp    = {Thu, 27 Jul 2023 08:17:10 +0200},
  biburl       = {https://dblp.org/rec/conf/sp/WermkeKWSRAF23.bib},
  bibsource    = {dblp computer science bibliography, https://dblp.org}
}

@article{DBLP:journals/tse/HeHZZ23,
  author       = {Runzhi He and
                  Hao He and
                  Yuxia Zhang and
                  Minghui Zhou},
  title        = {Automating Dependency Updates in Practice: An Exploratory Study on
                  GitHub Dependabot},
  journal      = {{IEEE} Trans. Software Eng.},
  volume       = {49},
  number       = {8},
  pages        = {4004--4022},
  year         = {2023},
  url          = {https://doi.org/10.1109/TSE.2023.3278129},
  doi          = {10.1109/TSE.2023.3278129},
  timestamp    = {Thu, 31 Aug 2023 19:51:25 +0200},
  biburl       = {https://dblp.org/rec/journals/tse/HeHZZ23.bib},
  bibsource    = {dblp computer science bibliography, https://dblp.org}
}

@inproceedings{DBLP:conf/issta/JayasuriyaT0OB23,
  author       = {Dhanushka Jayasuriya and
                  Valerio Terragni and
                  Jens Dietrich and
                  Samuel Ou and
                  Kelly Blincoe},
  title        = {Understanding Breaking Changes in the Wild},
  booktitle    = {Proceedings of the 32nd {ACM} {SIGSOFT} International Symposium on
                  Software Testing and Analysis, {ISSTA} 2023, Seattle, WA, USA, July
                  17-21, 2023},
  pages        = {1433--1444},
  publisher    = {{ACM}},
  year         = {2023},
  url          = {https://doi.org/10.1145/3597926.3598147},
  doi          = {10.1145/3597926.3598147},
  timestamp    = {Sat, 30 Sep 2023 09:50:51 +0200},
  biburl       = {https://dblp.org/rec/conf/issta/JayasuriyaT0OB23.bib},
  bibsource    = {dblp computer science bibliography, https://dblp.org}
}

@inproceedings{DBLP:conf/icse/PinckneyCGBCG23,
  author       = {Donald Pinckney and
                  Federico Cassano and
                  Arjun Guha and
                  Jonathan Bell and
                  Massimiliano Culpo and
                  Todd Gamblin},
  title        = {Flexible and Optimal Dependency Management via {Max-SMT}},
  booktitle    = {45th {IEEE/ACM} International Conference on Software Engineering,
                  {ICSE} 2023, Melbourne, Australia, May 14-20, 2023},
  pages        = {1418--1429},
  publisher    = {{IEEE}},
  year         = {2023},
  url          = {https://doi.org/10.1109/ICSE48619.2023.00124},
  doi          = {10.1109/ICSE48619.2023.00124},
  timestamp    = {Wed, 19 Jul 2023 10:09:12 +0200},
  biburl       = {https://dblp.org/rec/conf/icse/PinckneyCGBCG23.bib},
  bibsource    = {dblp computer science bibliography, https://dblp.org}
}

@inproceedings{DBLP:conf/sigsoft/PinckneyCG023,
  author       = {Donald Pinckney and
                  Federico Cassano and
                  Arjun Guha and
                  Jonathan Bell},
  title        = {npm-follower: {A} Complete Dataset Tracking the {NPM} Ecosystem},
  booktitle    = {Proceedings of the 31st {ACM} Joint European Software Engineering
                  Conference and Symposium on the Foundations of Software Engineering,
                  {ESEC/FSE} 2023, San Francisco, CA, USA, December 3-9, 2023},
  pages        = {2132--2136},
  publisher    = {{ACM}},
  year         = {2023},
  url          = {https://doi.org/10.1145/3611643.3613094},
  doi          = {10.1145/3611643.3613094},
  timestamp    = {Mon, 04 Dec 2023 12:10:56 +0100},
  biburl       = {https://dblp.org/rec/conf/sigsoft/PinckneyCG023.bib},
  bibsource    = {dblp computer science bibliography, https://dblp.org}
}

@inproceedings{DBLP:conf/msr/PinckneyCGB23,
  author       = {Donald Pinckney and
                  Federico Cassano and
                  Arjun Guha and
                  Jonathan Bell},
  title        = {A Large Scale Analysis of Semantic Versioning in {NPM}},
  booktitle    = {20th {IEEE/ACM} International Conference on Mining Software Repositories,
                  {MSR} 2023, Melbourne, Australia, May 15-16, 2023},
  pages        = {485--497},
  publisher    = {{IEEE}},
  year         = {2023},
  url          = {https://doi.org/10.1109/MSR59073.2023.00073},
  doi          = {10.1109/MSR59073.2023.00073},
  timestamp    = {Wed, 19 Jul 2023 17:21:49 +0200},
  biburl       = {https://dblp.org/rec/conf/msr/PinckneyCGB23.bib},
  bibsource    = {dblp computer science bibliography, https://dblp.org}
}

@inproceedings{DBLP:conf/kbse/XuHGZ23,
  author       = {Weiwei Xu and
                  Hao He and
                  Kai Gao and
                  Minghui Zhou},
  title        = {Understanding and Remediating Open-Source License Incompatibilities
                  in the {PyPI} Ecosystem},
  booktitle    = {38th {IEEE/ACM} International Conference on Automated Software Engineering,
                  {ASE} 2023, Luxembourg, September 11-15, 2023},
  pages        = {178--190},
  publisher    = {{IEEE}},
  year         = {2023},
  url          = {https://doi.org/10.1109/ASE56229.2023.00175},
  doi          = {10.1109/ASE56229.2023.00175},
  timestamp    = {Thu, 16 Nov 2023 09:03:51 +0100},
  biburl       = {https://dblp.org/rec/conf/kbse/XuHGZ23.bib},
  bibsource    = {dblp computer science bibliography, https://dblp.org}
}

@article{DBLP:journals/tosem/JafariCSA23,
  author       = {Abbas Javan Jafari and
                  Diego Elias Costa and
                  Emad Shihab and
                  Rabe Abdalkareem},
  title        = {Dependency Update Strategies and Package Characteristics},
  journal      = {{ACM} Trans. Softw. Eng. Methodol.},
  volume       = {32},
  number       = {6},
  pages        = {149:1--149:29},
  year         = {2023},
  url          = {https://doi.org/10.1145/3603110},
  doi          = {10.1145/3603110},
  timestamp    = {Thu, 09 Nov 2023 21:13:34 +0100},
  biburl       = {https://dblp.org/rec/journals/tosem/JafariCSA23.bib},
  bibsource    = {dblp computer science bibliography, https://dblp.org}
}

@article{DBLP:journals/ieeesp/ZahanKHSW23,
  author       = {Nusrat Zahan and
                  Parth Kanakiya and
                  Brian Hambleton and
                  Shohanuzzaman Shohan and
                  Laurie A. Williams},
  title        = {OpenSSF Scorecard: On the Path Toward Ecosystem-Wide Automated Security
                  Metrics},
  journal      = {{IEEE} Secur. Priv.},
  volume       = {21},
  number       = {6},
  pages        = {76--88},
  year         = {2023},
  url          = {https://doi.org/10.1109/MSEC.2023.3279773},
  doi          = {10.1109/MSEC.2023.3279773},
  timestamp    = {Sun, 10 Dec 2023 17:00:51 +0100},
  biburl       = {https://dblp.org/rec/journals/ieeesp/ZahanKHSW23.bib},
  bibsource    = {dblp computer science bibliography, https://dblp.org}
}

@inproceedings{DBLP:conf/sp/LadisaPMB23,
  author       = {Piergiorgio Ladisa and
                  Henrik Plate and
                  Matias Martinez and
                  Olivier Barais},
  title        = {SoK: Taxonomy of Attacks on Open-Source Software Supply Chains},
  booktitle    = {44th {IEEE} Symposium on Security and Privacy, {SP} 2023, San Francisco,
                  CA, USA, May 21-25, 2023},
  pages        = {1509--1526},
  publisher    = {{IEEE}},
  year         = {2023},
  url          = {https://doi.org/10.1109/SP46215.2023.10179304},
  doi          = {10.1109/SP46215.2023.10179304},
  timestamp    = {Tue, 07 May 2024 20:03:46 +0200},
  biburl       = {https://dblp.org/rec/conf/sp/LadisaPMB23.bib},
  bibsource    = {dblp computer science bibliography, https://dblp.org}
}

@article{schueller2024modeling,
  title={Modeling interconnected social and technical risks in open source software ecosystems},
  author={Schueller, William and Wachs, Johannes},
  journal={Collective Intelligence},
  volume={3},
  number={1},
  pages={26339137241231912},
  year={2024},
  publisher={SAGE Publications Sage UK: London, England}
}

@article{kong2024towards,
  title={Towards Better Comprehension of Breaking Changes in the NPM Ecosystem},
  author={Kong, Dezhen and Liu, Jiakun and Bao, Lingfeng and Lo, David},
  journal={arXiv preprint arXiv:2408.14431},
  year={2024},
  url={https://arxiv.org/pdf/2408.14431}, 
}

@article{DBLP:journals/corr/abs-2403-12196,
  author       = {Nusrat Zahan and
                  Philipp Burckhardt and
                  Mikola Lysenko and
                  Feross Aboukhadijeh and
                  Laurie A. Williams},
  title        = {Shifting the Lens: Detecting Malware in npm Ecosystem with Large Language
                  Models},
  journal      = {CoRR},
  volume       = {abs/2403.12196},
  year         = {2024},
  url          = {https://doi.org/10.48550/arXiv.2403.12196},
  doi          = {10.48550/ARXIV.2403.12196},
  eprinttype    = {arXiv},
  eprint       = {2403.12196},
  timestamp    = {Mon, 08 Apr 2024 18:24:51 +0200},
  biburl       = {https://dblp.org/rec/journals/corr/abs-2403-12196.bib},
  bibsource    = {dblp computer science bibliography, https://dblp.org}
}

@inproceedings{mancinelli2006managing,
  author       = {Fabio Mancinelli and
                  Jaap Boender and
                  Roberto Di Cosmo and
                  Jerome Vouillon and
                  Berke Durak and
                  Xavier Leroy and
                  Ralf Treinen},
  title        = {Managing the Complexity of Large Free and Open Source Package-Based
                  Software Distributions},
  booktitle    = {21st {IEEE/ACM} International Conference on Automated Software Engineering
                  {(ASE} 2006), 18-22 September 2006, Tokyo, Japan},
  pages        = {199--208},
  publisher    = {{IEEE} Computer Society},
  year         = {2006},
  url          = {https://doi.org/10.1109/ASE.2006.49},
  doi          = {10.1109/ASE.2006.49},
  timestamp    = {Fri, 24 Mar 2023 00:02:36 +0100},
  biburl       = {https://dblp.org/rec/conf/kbse/MancinelliBCVDLT06.bib},
  bibsource    = {dblp computer science bibliography, https://dblp.org}
}

@inproceedings{fan2020escaping,
  author       = {Gang Fan and
                  Chengpeng Wang and
                  Rongxin Wu and
                  Xiao Xiao and
                  Qingkai Shi and
                  Charles Zhang},
  title        = {Escaping dependency hell: finding build dependency errors with the
                  unified dependency graph},
  booktitle    = {{ISSTA} '20: 29th {ACM} {SIGSOFT} International Symposium on Software
                  Testing and Analysis, Virtual Event, USA, July 18-22, 2020},
  pages        = {463--474},
  publisher    = {{ACM}},
  year         = {2020},
  url          = {https://doi.org/10.1145/3395363.3397388},
  doi          = {10.1145/3395363.3397388},
  timestamp    = {Wed, 10 Apr 2024 21:01:58 +0200},
  biburl       = {https://dblp.org/rec/conf/issta/FanWW0SZ20.bib},
  bibsource    = {dblp computer science bibliography, https://dblp.org}
}

@inproceedings{mirhosseini2017can,
  author       = {Samim Mirhosseini and
                  Chris Parnin},
  title        = {Can automated pull requests encourage software developers to upgrade
                  out-of-date dependencies?},
  booktitle    = {Proceedings of the 32nd {IEEE/ACM} International Conference on Automated
                  Software Engineering, {ASE} 2017, Urbana, IL, USA, October 30 - November
                  03, 2017},
  pages        = {84--94},
  publisher    = {{IEEE} Computer Society},
  year         = {2017},
  url          = {https://doi.org/10.1109/ASE.2017.8115621},
  doi          = {10.1109/ASE.2017.8115621},
  timestamp    = {Fri, 24 Mar 2023 00:02:36 +0100},
  biburl       = {https://dblp.org/rec/conf/kbse/MirhosseiniP17.bib},
  bibsource    = {dblp computer science bibliography, https://dblp.org}
}

@inproceedings{DBLP:conf/sigsoft/ValievVH18,
  author       = {Marat Valiev and
                  Bogdan Vasilescu and
                  James D. Herbsleb},
  title        = {Ecosystem-level determinants of sustained activity in open-source
                  projects: A case study of the PyPI ecosystem},
  booktitle    = {Proceedings of the 2018 {ACM} Joint Meeting on European Software Engineering
                  Conference and Symposium on the Foundations of Software Engineering,
                  {ESEC/SIGSOFT} {FSE} 2018, Lake Buena Vista, FL, USA, November 04-09,
                  2018},
  pages        = {644--655},
  publisher    = {{ACM}},
  year         = {2018},
  url          = {https://doi.org/10.1145/3236024.3236062},
  doi          = {10.1145/3236024.3236062},
  timestamp    = {Tue, 01 Feb 2022 10:45:16 +0100},
  biburl       = {https://dblp.org/rec/conf/sigsoft/ValievVH18.bib},
  bibsource    = {dblp computer science bibliography, https://dblp.org}
}

@inproceedings{DBLP:conf/icse/ZahanSHW23,
  author       = {Nusrat Zahan and
                  Shohanuzzaman Shohan and
                  Dan Harris and
                  Laurie A. Williams},
  title        = {Do Software Security Practices Yield Fewer Vulnerabilities?},
  booktitle    = {45th {IEEE/ACM} International Conference on Software Engineering:
                  Software Engineering in Practice, SEIP@ICSE 2023, Melbourne, Australia,
                  May 14-20, 2023},
  pages        = {292--303},
  publisher    = {{IEEE}},
  year         = {2023},
  url          = {https://doi.org/10.1109/ICSE-SEIP58684.2023.00032},
  doi          = {10.1109/ICSE-SEIP58684.2023.00032},
  timestamp    = {Mon, 05 Feb 2024 20:27:11 +0100},
  biburl       = {https://dblp.org/rec/conf/icse/ZahanSHW23.bib},
  bibsource    = {dblp computer science bibliography, https://dblp.org}
}