@article{Xpresso,
  title={Predicting mRNA abundance directly from genomic sequence using deep convolutional neural networks},
  author={Agarwal, Vikram and Shendure, Jay},
  journal={Cell reports},
  volume={31},
  number={7},
  year={2020},
  publisher={Elsevier}
}

@article{alemi2016deep,
  title={Deep variational information bottleneck},
  author={Alemi, Alexander A and Fischer, Ian and Dillon, Joshua V and Murphy, Kevin},
  journal={arXiv preprint arXiv:1612.00410},
  year={2016}
}

@inproceedings{bastings2019interpretable,
  title={Interpretable Neural Predictions with Differentiable Binary Variables},
  author={Bastings, Joost and Aziz, Wilker and Titov, Ivan},
  booktitle={57th Annual Meeting of the Association for Computational Linguistics},
  pages={2963--2977},
  year={2019},
  organization={ACL Anthology}
}

@inproceedings{belinkov2020variational,
  title={Variational information bottleneck for effective low-resource fine-tuning},
  author={Belinkov, Yonatan and Henderson, James and others},
  booktitle={International Conference on Learning Representations},
  year={2020}
}

@article{caduceus,
  title={Caduceus: Bi-directional equivariant long-range dna sequence modeling},
  author={Schiff, Yair and Kao, Chia-Hsiang and Gokaslan, Aaron and Dao, Tri and Gu, Albert and Kuleshov, Volodymyr},
  journal={arXiv preprint arXiv:2403.03234},
  year={2024}
}

@inproceedings{chen2018learning,
  title={Learning to explain: An information-theoretic perspective on model interpretation},
  author={Chen, Jianbo and Song, Le and Wainwright, Martin and Jordan, Michael},
  booktitle={International conference on machine learning},
  pages={883--892},
  year={2018},
  organization={PMLR}
}

@article{enformer,
  title={Effective gene expression prediction from sequence by integrating long-range interactions},
  author={Avsec, {\v{Z}}iga and Agarwal, Vikram and Visentin, Daniel and Ledsam, Joseph R and Grabska-Barwinska, Agnieszka and Taylor, Kyle R and Assael, Yannis and Jumper, John and Kohli, Pushmeet and Kelley, David R},
  journal={Nature methods},
  volume={18},
  number={10},
  pages={1196--1203},
  year={2021},
  publisher={Nature Publishing Group US New York}
}

@article{epinformer,
  title={EPInformer: a scalable deep learning framework for gene expression prediction by integrating promoter-enhancer sequences with multimodal epigenomic data},
  author={Lin, Jiecong and Luo, Ruibang and Pinello, Luca},
  journal={bioRxiv},
  pages={2024--08},
  year={2024},
  publisher={Cold Spring Harbor Laboratory}
}

@article{graphreg,
  title={Chromatin interaction--aware gene regulatory modeling with graph attention networks},
  author={Karbalayghareh, Alireza and Sahin, Merve and Leslie, Christina S},
  journal={Genome Research},
  volume={32},
  number={5},
  pages={930--944},
  year={2022},
  publisher={Cold Spring Harbor Lab}
}

@article{gu2023mamba,
  title={Mamba: Linear-time sequence modeling with selective state spaces},
  author={Gu, Albert and Dao, Tri},
  journal={arXiv preprint arXiv:2312.00752},
  year={2023}
}

@article{hyenaDNA,
  title={Hyenadna: Long-range genomic sequence modeling at single nucleotide resolution},
  author={Nguyen, Eric and Poli, Michael and Faizi, Marjan and Thomas, Armin and Wornow, Michael and Birch-Sykes, Callum and Massaroli, Stefano and Patel, Aman and Rabideau, Clayton and Bengio, Yoshua and others},
  journal={Advances in neural information processing systems},
  volume={36},
  year={2024}
}

@inproceedings{hyena_op,
  title={Hyena hierarchy: Towards larger convolutional language models},
  author={Poli, Michael and Massaroli, Stefano and Nguyen, Eric and Fu, Daniel Y and Dao, Tri and Baccus, Stephen and Bengio, Yoshua and Ermon, Stefano and R{\'e}, Christopher},
  booktitle={International Conference on Machine Learning},
  pages={28043--28078},
  year={2023},
  organization={PMLR}
}

@inproceedings{jain2020learning,
  title={Learning to Faithfully Rationalize by Construction},
  author={Jain, Sarthak and Wiegreffe, Sarah and Pinter, Yuval and Wallace, Byron C},
  booktitle={Proceedings of the Association for Computational Linguistics (ACL)},
  year={2020}
}

@inproceedings{lei2016rationalizing,
  title={Rationalizing Neural Predictions},
  author={Lei, Tao and Barzilay, Regina and Jaakkola, Tommi},
  booktitle={Proceedings of the 2016 Conference on Empirical Methods in Natural Language Processing},
  pages={107--117},
  year={2016}
}

@inproceedings{miao2022interpretable,
  title={Interpretable and generalizable graph learning via stochastic attention mechanism},
  author={Miao, Siqi and Liu, Mia and Li, Pan},
  booktitle={International Conference on Machine Learning},
  pages={15524--15543},
  year={2022},
  organization={PMLR}
}

@article{rnp_ib,
  title={An information bottleneck approach for controlling conciseness in rationale extraction},
  author={Paranjape, Bhargavi and Joshi, Mandar and Thickstun, John and Hajishirzi, Hannaneh and Zettlemoyer, Luke},
  journal={arXiv preprint arXiv:2005.00652},
  year={2020}
}

@inproceedings{segal2002promoter,
  title={From promoter sequence to expression: a probabilistic framework},
  author={Segal, Eran and Barash, Yoseph and Simon, Itamar and Friedman, Nir and Koller, Daphne},
  booktitle={Proceedings of the sixth annual international conference on Computational biology},
  pages={263--272},
  year={2002}
}

@article{wu2020graph,
  title={Graph information bottleneck},
  author={Wu, Tailin and Ren, Hongyu and Li, Pan and Leskovec, Jure},
  journal={Advances in Neural Information Processing Systems},
  volume={33},
  pages={20437--20448},
  year={2020}
}

