@incollection{Bengio+chapter2007,
author = {Bengio, Yoshua and LeCun, Yann},
booktitle = {Large Scale Kernel Machines},
publisher = {MIT Press},
title = {Scaling Learning Algorithms Towards {AI}},
year = {2007}
}

@article{Hinton06,
author = {Hinton, Geoffrey E. and Osindero, Simon and Teh, Yee Whye},
journal = {Neural Computation},
pages = {1527--1554},
title = {A Fast Learning Algorithm for Deep Belief Nets},
volume = {18},
year = {2006}
}

@book{goodfellow2016deep,
title={Deep learning},
author={Goodfellow, Ian and Bengio, Yoshua and Courville, Aaron and Bengio, Yoshua},
volume={1},
year={2016},
publisher={MIT Press}
}

@article{radford2018improving,
  title={Improving language understanding by generative pre-training},
  author={Radford, Alec and Narasimhan, Karthik and Salimans, Tim and Sutskever, Ilya and others},
  year={2018},
  publisher={OpenAI}
}

@article{gu2023mamba,
  title={Mamba: Linear-time sequence modeling with selective state spaces},
  author={Gu, Albert and Dao, Tri},
  journal={arXiv preprint arXiv:2312.00752},
  year={2023}
}

@article{fan2018hierarchical,
  title={Hierarchical neural story generation},
  author={Fan, Angela and Lewis, Mike and Dauphin, Yann},
  journal={arXiv preprint arXiv:1805.04833},
  year={2018}
}

@article{ackley1985learning,
  title={A learning algorithm for Boltzmann machines},
  author={Ackley, David H and Hinton, Geoffrey E and Sejnowski, Terrence J},
  journal={Cognitive science},
  volume={9},
  number={1},
  pages={147--169},
  year={1985},
  publisher={Elsevier}
}

@article{ficler2017controlling,
  title={Controlling linguistic style aspects in neural language generation},
  author={Ficler, Jessica and Goldberg, Yoav},
  journal={arXiv preprint arXiv:1707.02633},
  year={2017}
}

@article{bagal2021molgpt,
  title={{MolGPT}: molecular generation using a transformer-decoder model},
  author={Bagal, Viraj and Aggarwal, Rishal and Vinod, PK and Priyakumar, U Deva},
  journal={Journal of Chemical Information and Modeling},
  volume={62},
  number={9},
  pages={2064--2076},
  year={2021},
  publisher={ACS Publications}
}

@inproceedings{ddsm,
  title={Dirichlet diffusion score model for biological sequence generation},
  author={Avdeyev, Pavel and Shi, Chenlai and Tan, Yuhao and Dudnyk, Kseniia and Zhou, Jian},
  booktitle={International Conference on Machine Learning},
  pages={1276--1301},
  year={2023},
  organization={PMLR}
}

@article{dirichletDNA,
  title={Dirichlet Flow Matching with Applications to DNA Sequence Design},
  author={Stark, Hannes and Jing, Bowen and Wang, Chenyu and Corso, Gabriele and Berger, Bonnie and Barzilay, Regina and Jaakkola, Tommi},
  booktitle={International Conference on Machine Learning},
  year={2024},
  organization={PMLR}
}

@article{discdiff,
  title={DiscDiff: Latent Diffusion Model for DNA Sequence Generation},
  author={Li, Zehui and Ni, Yuhao and Beardall, William AV and Xia, Guoxuan and Das, Akashaditya and Stan, Guy-Bart and Zhao, Yiren},
  journal={arXiv preprint arXiv:2402.06079},
  year={2024}
}

@article{dnabert,
  title={DNABERT: pre-trained Bidirectional Encoder Representations from Transformers model for DNA-language in genome},
  author={Ji, Yanrong and Zhou, Zhihan and Liu, Han and Davuluri, Ramana V},
  journal={Bioinformatics},
  volume={37},
  number={15},
  pages={2112--2120},
  year={2021},
  publisher={Oxford University Press}
}

@article{dnabert2,
  title={Dnabert-2: Efficient foundation model and benchmark for multi-species genome},
  author={Zhou, Zhihan and Ji, Yanrong and Li, Weijian and Dutta, Pratik and Davuluri, Ramana and Liu, Han},
  journal={arXiv preprint arXiv:2306.15006},
  year={2023}
}

@article{NT,
  title={The nucleotide transformer: Building and evaluating robust foundation models for human genomics},
  author={Dalla-Torre, Hugo and Gonzalez, Liam and Mendoza-Revilla, Javier and Carranza, Nicolas Lopez and Grzywaczewski, Adam Henryk and Oteri, Francesco and Dallago, Christian and Trop, Evan and de Almeida, Bernardo P and Sirelkhatim, Hassan and others},
  journal={bioRxiv},
  pages={2023--01},
  year={2023},
  publisher={Cold Spring Harbor Laboratory}
}

@article{hyenaDNA,
  title={Hyenadna: Long-range genomic sequence modeling at single nucleotide resolution},
  author={Nguyen, Eric and Poli, Michael and Faizi, Marjan and Thomas, Armin and Wornow, Michael and Birch-Sykes, Callum and Massaroli, Stefano and Patel, Aman and Rabideau, Clayton and Bengio, Yoshua and others},
  journal={Advances in neural information processing systems},
  volume={36},
  year={2024}
}

@article{caduceus,
  title={Caduceus: Bi-directional equivariant long-range dna sequence modeling},
  author={Schiff, Yair and Kao, Chia-Hsiang and Gokaslan, Aaron and Dao, Tri and Gu, Albert and Kuleshov, Volodymyr},
  journal={arXiv preprint arXiv:2403.03234},
  year={2024}
}

@inproceedings{hyena_op,
  title={Hyena hierarchy: Towards larger convolutional language models},
  author={Poli, Michael and Massaroli, Stefano and Nguyen, Eric and Fu, Daniel Y and Dao, Tri and Baccus, Stephen and Bengio, Yoshua and Ermon, Stefano and R{\'e}, Christopher},
  booktitle={International Conference on Machine Learning},
  pages={28043--28078},
  year={2023},
  organization={PMLR}
}

@article{encode2012integrated,
  title={An integrated encyclopedia of DNA elements in the human genome},
  author={ENCODE Project Consortium and others},
  journal={Nature},
  volume={489},
  number={7414},
  pages={57},
  year={2012},
  publisher={NIH Public Access}
}

@article{SEI,
  title={A sequence-based global map of regulatory activity for deciphering human genetics},
  author={Chen, Kathleen M and Wong, Aaron K and Troyanskaya, Olga G and Zhou, Jian},
  journal={Nature genetics},
  volume={54},
  number={7},
  pages={940--949},
  year={2022},
  publisher={Nature Publishing Group US New York}
}

@inproceedings{instructCTG,
  title={Controlled text generation with natural language instructions},
  author={Zhou, Wangchunshu and Jiang, Yuchen Eleanor and Wilcox, Ethan and Cotterell, Ryan and Sachan, Mrinmaya},
  booktitle={International Conference on Machine Learning},
  pages={42602--42613},
  year={2023},
  organization={PMLR}
}

@article{diffusionLM,
  title={Diffusion-lm improves controllable text generation},
  author={Li, Xiang and Thickstun, John and Gulrajani, Ishaan and Liang, Percy S and Hashimoto, Tatsunori B},
  journal={Advances in Neural Information Processing Systems},
  volume={35},
  pages={4328--4343},
  year={2022}
}

@article{fantom2014promoter,
  title={A promoter-level mammalian expression atlas},
  journal={Nature},
  volume={507},
  number={7493},
  pages={462--470},
  year={2014},
  publisher={Nature Publishing Group UK London}
}

@article{hon2017atlas,
  title={An atlas of human long non-coding RNAs with accurate 5â€² ends},
  author={Hon, Chung-Chau and Ramilowski, Jordan A and Harshbarger, Jayson and Bertin, Nicolas and Rackham, Owen JL and Gough, Julian and Denisenko, Elena and Schmeier, Sebastian and Poulsen, Thomas M and Severin, Jessica and others},
  journal={Nature},
  volume={543},
  number={7644},
  pages={199--204},
  year={2017},
  publisher={Nature Publishing Group UK London}
}

@article{flybrain,
  title={Decoding gene regulation in the fly brain},
  author={Janssens, Jasper and Aibar, Sara and Taskiran, Ibrahim Ihsan and Ismail, Joy N and Gomez, Alicia Estacio and Aughey, Gabriel and Spanier, Katina I and De Rop, Florian V and Gonzalez-Blas, Carmen Bravo and Dionne, Marc and others},
  journal={Nature},
  volume={601},
  number={7894},
  pages={630--636},
  year={2022},
  publisher={Nature Publishing Group UK London}
}

@article{melanoma,
  title={Interpretation of allele-specific chromatin accessibility using cell state--aware deep learning},
  author={Atak, Zeynep Kalender and Taskiran, Ibrahim Ihsan and Demeulemeester, Jonas and Flerin, Christopher and Mauduit, David and Minnoye, Liesbeth and Hulselmans, Gert and Christiaens, Valerie and Ghanem, Ghanem-Elias and Wouters, Jasper and others},
  journal={Genome research},
  volume={31},
  number={6},
  pages={1082--1096},
  year={2021},
  publisher={Cold Spring Harbor Lab}
}

@article{buenrostro2013transposition,
  title={Transposition of native chromatin for fast and sensitive epigenomic profiling of open chromatin, DNA-binding proteins and nucleosome position},
  author={Buenrostro, Jason D and Giresi, Paul G and Zaba, Lisa C and Chang, Howard Y and Greenleaf, William J},
  journal={Nature methods},
  volume={10},
  number={12},
  pages={1213--1218},
  year={2013},
  publisher={Nature Publishing Group US New York}
}

@article{evo,
  title={Sequence modeling and design from molecular to genome scale with Evo},
  author={Nguyen, Eric and Poli, Michael and Durrant, Matthew G and Thomas, Armin W and Kang, Brian and Sullivan, Jeremy and Ng, Madelena Y and Lewis, Ashley and Patel, Aman and Lou, Aaron and others},
  journal={bioRxiv},
  pages={2024--02},
  year={2024},
  publisher={Cold Spring Harbor Laboratory}
}

@article{taskiran2024cell,
  title={Cell-type-directed design of synthetic enhancers},
  author={Taskiran, Ibrahim I and Spanier, Katina I and Dickm{\"a}nken, Hannah and Kempynck, Niklas and Pan{\v{c}}{\'\i}kov{\'a}, Alexandra and Ek{\c{s}}i, Eren Can and Hulselmans, Gert and Ismail, Joy N and Theunis, Koen and Vandepoel, Roel and others},
  journal={Nature},
  volume={626},
  number={7997},
  pages={212--220},
  year={2024},
  publisher={Nature Publishing Group UK London}
}

@article{esm2,
  title={Language models of protein sequences at the scale of evolution enable accurate structure prediction},
  author={Lin, Zeming and Akin, Halil and Rao, Roshan and Hie, Brian and Zhu, Zhongkai and Lu, Wenting and dos Santos Costa, Allan and Fazel-Zarandi, Maryam and Sercu, Tom and Candido, Sal and others},
  journal={BioRxiv},
  volume={2022},
  pages={500902},
  year={2022},
  publisher={Cold Spring Harbor Laboratory}
}

@article{PDB,
    author = {Berman, Helen M. and Westbrook, John and Feng, Zukang and Gilliland, Gary and Bhat, T. N. and Weissig, Helge and Shindyalov, Ilya N. and Bourne, Philip E.},
    title = "{The Protein Data Bank}",
    journal = {Nucleic Acids Research},
    volume = {28},
    number = {1},
    pages = {235-242},
    year = {2000},
    month = {01},
    abstract = "{The Protein Data Bank (PDB; http://www.rcsb.org/pdb/ ) is the single worldwide archive of structural data of biological macromolecules. This paper describes the goals of the PDB, the systems in place for data deposition and access, how to obtain further information, and near-term plans for the future development of the resource.}",
    issn = {0305-1048},
    doi = {10.1093/nar/28.1.235},
    url = {https://doi.org/10.1093/nar/28.1.235},
    eprint = {https://academic.oup.com/nar/article-pdf/28/1/235/9895144/280235.pdf},
}

@article{d3pm,
  title={Structured denoising diffusion models in discrete state-spaces},
  author={Austin, Jacob and Johnson, Daniel D and Ho, Jonathan and Tarlow, Daniel and Van Den Berg, Rianne},
  journal={Advances in Neural Information Processing Systems},
  volume={34},
  pages={17981--17993},
  year={2021}
}

@article{cage,
  title={Cap analysis gene expression for high-throughput analysis of transcriptional starting point and identification of promoter usage},
  author={Shiraki, Toshiyuki and Kondo, Shinji and Katayama, Shintaro and Waki, Kazunori and Kasukawa, Takeya and Kawaji, Hideya and Kodzius, Rimantas and Watahiki, Akira and Nakamura, Mari and Arakawa, Takahiro and others},
  journal={Proceedings of the National Academy of Sciences},
  volume={100},
  number={26},
  pages={15776--15781},
  year={2003},
  publisher={National Acad Sciences}
}

@article{zrimec2022controlling,
  title={Controlling gene expression with deep generative design of regulatory DNA},
  author={Zrimec, Jan and Fu, Xiaozhi and Muhammad, Azam Sheikh and Skrekas, Christos and Jauniskis, Vykintas and Speicher, Nora K and B{\"o}rlin, Christoph S and Verendel, Vilhelm and Chehreghani, Morteza Haghir and Dubhashi, Devdatt and others},
  journal={Nature communications},
  volume={13},
  number={1},
  pages={5099},
  year={2022},
  publisher={Nature Publishing Group UK London}
}

@article{killoran2017generating,
  title={Generating and designing DNA with deep generative models},
  author={Killoran, Nathan and Lee, Leo J and Delong, Andrew and Duvenaud, David and Frey, Brendan J},
  journal={arXiv preprint arXiv:1712.06148},
  year={2017}
}

@article{vaswani2017attention,
  title={Attention is all you need},
  author={Vaswani, Ashish and Shazeer, Noam and Parmar, Niki and Uszkoreit, Jakob and Jones, Llion and Gomez, Aidan N and Kaiser, {\L}ukasz and Polosukhin, Illia},
  journal={Advances in neural information processing systems},
  volume={30},
  year={2017}
}


@article{rnp_ib,
  title={An information bottleneck approach for controlling conciseness in rationale extraction},
  author={Paranjape, Bhargavi and Joshi, Mandar and Thickstun, John and Hajishirzi, Hannaneh and Zettlemoyer, Luke},
  journal={arXiv preprint arXiv:2005.00652},
  year={2020}
}


@article{epinformer,
  title={EPInformer: a scalable deep learning framework for gene expression prediction by integrating promoter-enhancer sequences with multimodal epigenomic data},
  author={Lin, Jiecong and Luo, Ruibang and Pinello, Luca},
  journal={bioRxiv},
  pages={2024--08},
  year={2024},
  publisher={Cold Spring Harbor Laboratory}
}



@article{wudiscovering,
  title={Discovering invariant rationales for graph neural networks},
  author={Wu, Ying-Xin and Wang, Xiang and Zhang, An and He, Xiangnan and Chua, Tat-Seng},
  journal={arXiv preprint arXiv:2201.12872},
  year={2022}
}

@article{ABC,
  title={Activity-by-contact model of enhancer--promoter regulation from thousands of CRISPR perturbations},
  author={Fulco, Charles P and Nasser, Joseph and Jones, Thouis R and Munson, Glen and Bergman, Drew T and Subramanian, Vidya and Grossman, Sharon R and Anyoha, Rockwell and Doughty, Benjamin R and Patwardhan, Tejal A and others},
  journal={Nature genetics},
  volume={51},
  number={12},
  pages={1664--1669},
  year={2019},
  publisher={Nature Publishing Group US New York}
}


@article{enformer,
  title={Effective gene expression prediction from sequence by integrating long-range interactions},
  author={Avsec, {\v{Z}}iga and Agarwal, Vikram and Visentin, Daniel and Ledsam, Joseph R and Grabska-Barwinska, Agnieszka and Taylor, Kyle R and Assael, Yannis and Jumper, John and Kohli, Pushmeet and Kelley, David R},
  journal={Nature methods},
  volume={18},
  number={10},
  pages={1196--1203},
  year={2021},
  publisher={Nature Publishing Group US New York}
}

@inproceedings{chen2018learning,
  title={Learning to explain: An information-theoretic perspective on model interpretation},
  author={Chen, Jianbo and Song, Le and Wainwright, Martin and Jordan, Michael},
  booktitle={International conference on machine learning},
  pages={883--892},
  year={2018},
  organization={PMLR}
}
@inproceedings{miao2022interpretable,
  title={Interpretable and generalizable graph learning via stochastic attention mechanism},
  author={Miao, Siqi and Liu, Mia and Li, Pan},
  booktitle={International Conference on Machine Learning},
  pages={15524--15543},
  year={2022},
  organization={PMLR}
}

@article{macs,
  title={Model-based analysis of ChIP-Seq (MACS)},
  author={Zhang, Yong and Liu, Tao and Meyer, Clifford A and Eeckhoute, J{\'e}r{\^o}me and Johnson, David S and Bernstein, Bradley E and Nusbaum, Chad and Myers, Richard M and Brown, Myles and Li, Wei and others},
  journal={Genome biology},
  volume={9},
  pages={1--9},
  year={2008},
  publisher={Springer}
}




@article{badia2023gene,
  title={Gene regulatory network inference in the era of single-cell multi-omics},
  author={Badia-i-Mompel, Pau and Wessels, Lorna and M{\"u}ller-Dott, Sophia and Trimbour, R{\'e}mi and Ramirez Flores, Ricardo O and Argelaguet, Ricard and Saez-Rodriguez, Julio},
  journal={Nature Reviews Genetics},
  volume={24},
  number={11},
  pages={739--754},
  year={2023},
  publisher={Nature Publishing Group UK London}
}

@article{mehtalong,
  title={Long range language modeling via gated state spaces},
  author={Mehta, Harsh and Gupta, Ankit and Cutkosky, Ashok and Neyshabur, Behnam},
  journal={arXiv preprint arXiv:2206.13947},
  year={2022}
}



@article{graphreg,
  title={Chromatin interaction--aware gene regulatory modeling with graph attention networks},
  author={Karbalayghareh, Alireza and Sahin, Merve and Leslie, Christina S},
  journal={Genome Research},
  volume={32},
  number={5},
  pages={930--944},
  year={2022},
  publisher={Cold Spring Harbor Lab}
}

@article{Xpresso,
  title={Predicting mRNA abundance directly from genomic sequence using deep convolutional neural networks},
  author={Agarwal, Vikram and Shendure, Jay},
  journal={Cell reports},
  volume={31},
  number={7},
  year={2020},
  publisher={Elsevier}
}

@article{alemi2016deep,
  title={Deep variational information bottleneck},
  author={Alemi, Alexander A and Fischer, Ian and Dillon, Joshua V and Murphy, Kevin},
  journal={arXiv preprint arXiv:1612.00410},
  year={2016}
}

@inproceedings{belinkov2020variational,
  title={Variational information bottleneck for effective low-resource fine-tuning},
  author={Belinkov, Yonatan and Henderson, James and others},
  booktitle={International Conference on Learning Representations},
  year={2020}
}


@book{degroot2013probability,
  title={Probability and Statistics},
  author={DeGroot, M.H. and Schervish, M.J.},
  isbn={9781292025049},
  series={Pearson custom library},
  url={https://books.google.com/books?id=hIPkngEACAAJ},
  year={2013},
  publisher={Pearson Education}
}
@book{gelman2013bayesian,
  title={Bayesian Data Analysis, Third Edition},
  author={Gelman, A. and Carlin, J.B. and Stern, H.S. and Dunson, D.B. and Vehtari, A. and Rubin, D.B.},
  isbn={9781439840955},
  lccn={2013039507},
  series={Chapman \& Hall/CRC Texts in Statistical Science},
  url={https://books.google.com/books?id=ZXL6AQAAQBAJ},
  year={2013},
  publisher={Taylor \& Francis}
}


@article{pearl2000models,
  title={Models, reasoning and inference},
  author={Pearl, Judea and others},
  journal={Cambridge, UK: CambridgeUniversityPress},
  volume={19},
  number={2},
  pages={3},
  year={2000}
}

@article{pearl2009causal,
  title={Causal inference in statistics: An overview},
  author={Pearl, Judea},
  year={2009}
}

@article{gumbel,
  title={Categorical reparameterization with gumbel-softmax},
  author={Jang, Eric and Gu, Shixiang and Poole, Ben},
  journal={arXiv preprint arXiv:1611.01144},
  year={2016}
}

@book{bishop2006pattern,
  title={Pattern Recognition and Machine Learning},
  author={Bishop, C.M.},
  isbn={9780387310732},
  lccn={2006922522},
  series={Information Science and Statistics},
  url={https://books.google.com/books?id=kTNoQgAACAAJ},
  year={2006},
  publisher={Springer}
}

@misc{minka2000estimating,
  title={Estimating a Dirichlet distribution},
  author={Minka, Thomas},
  year={2000},
  publisher={Technical report, MIT}
}

@article{figurnov2018implicit,
  title={Implicit reparameterization gradients},
  author={Figurnov, Mikhail and Mohamed, Shakir and Mnih, Andriy},
  journal={Advances in neural information processing systems},
  volume={31},
  year={2018}
}

@article{aristizabal2020biological,
  title={Biological embedding of experience: a primer on epigenetics},
  author={Aristizabal, Maria J and Anreiter, Ina and Halldorsdottir, Thorhildur and Odgers, Candice L and McDade, Thomas W and Goldenberg, Anna and Mostafavi, Sara and Kobor, Michael S and Binder, Elisabeth B and Sokolowski, Marla B and others},
  journal={Proceedings of the National Academy of Sciences},
  volume={117},
  number={38},
  pages={23261--23269},
  year={2020},
  publisher={National Acad Sciences}
}

@article{sasse2023benchmarking,
  title={Benchmarking of deep neural networks for predicting personal gene expression from DNA sequence highlights shortcomings},
  author={Sasse, Alexander and Ng, Bernard and Spiro, Anna E and Tasaki, Shinya and Bennett, David A and Gaiteri, Christopher and De Jager, Philip L and Chikina, Maria and Mostafavi, Sara},
  journal={Nature Genetics},
  volume={55},
  number={12},
  pages={2060--2064},
  year={2023},
  publisher={Nature Publishing Group US New York}
}

@inproceedings{lei2016rationalizing,
  title={Rationalizing Neural Predictions},
  author={Lei, Tao and Barzilay, Regina and Jaakkola, Tommi},
  booktitle={Proceedings of the 2016 Conference on Empirical Methods in Natural Language Processing},
  pages={107--117},
  year={2016}
}



@inproceedings{bastings2019interpretable,
  title={Interpretable Neural Predictions with Differentiable Binary Variables},
  author={Bastings, Joost and Aziz, Wilker and Titov, Ivan},
  booktitle={57th Annual Meeting of the Association for Computational Linguistics},
  pages={2963--2977},
  year={2019},
  organization={ACL Anthology}
}

@inproceedings{jain2020learning,
  title={Learning to Faithfully Rationalize by Construction},
  author={Jain, Sarthak and Wiegreffe, Sarah and Pinter, Yuval and Wallace, Byron C},
  booktitle={Proceedings of the Association for Computational Linguistics (ACL)},
  year={2020}
}

@article{wu2020graph,
  title={Graph information bottleneck},
  author={Wu, Tailin and Ren, Hongyu and Li, Pan and Leskovec, Jure},
  journal={Advances in Neural Information Processing Systems},
  volume={33},
  pages={20437--20448},
  year={2020}
}

@article{segal2003module,
  title={Module networks: identifying regulatory modules and their condition-specific regulators from gene expression data},
  author={Segal, Eran and Shapira, Michael and Regev, Aviv and Pe'er, Dana and Botstein, David and Koller, Daphne and Friedman, Nir},
  journal={Nature genetics},
  volume={34},
  number={2},
  pages={166--176},
  year={2003},
  publisher={Nature Publishing Group US New York}
}

@article{du2019gene2vec,
  title={Gene2vec: distributed representation of genes based on co-expression},
  author={Du, Jingcheng and Jia, Peilin and Dai, Yulin and Tao, Cui and Zhao, Zhongming and Zhi, Degui},
  journal={BMC genomics},
  volume={20},
  pages={7--15},
  year={2019},
  publisher={Springer}
}

@article{cookson2009mapping,
  title={Mapping complex disease traits with global gene expression},
  author={Cookson, William and Liang, Liming and Abecasis, Gon{\c{c}}alo and Moffatt, Miriam and Lathrop, Mark},
  journal={Nature Reviews Genetics},
  volume={10},
  number={3},
  pages={184--194},
  year={2009},
  publisher={Nature Publishing Group UK London}
}

@article{emilsson2008genetics,
  title={Genetics of gene expression and its effect on disease},
  author={Emilsson, Valur and Thorleifsson, Gudmar and Zhang, Bin and Leonardson, Amy S and Zink, Florian and Zhu, Jun and Carlson, Sonia and Helgason, Agnar and Walters, G Bragi and Gunnarsdottir, Steinunn and others},
  journal={Nature},
  volume={452},
  number={7186},
  pages={423--428},
  year={2008},
  publisher={Nature Publishing Group UK London}
}

@article{pratapa2020benchmarking,
  title={Benchmarking algorithms for gene regulatory network inference from single-cell transcriptomic data},
  author={Pratapa, Aditya and Jalihal, Amogh P and Law, Jeffrey N and Bharadwaj, Aditya and Murali, TM},
  journal={Nature methods},
  volume={17},
  number={2},
  pages={147--154},
  year={2020},
  publisher={Nature Publishing Group US New York}
}

@article{schubert2018perturbation,
  title={Perturbation-response genes reveal signaling footprints in cancer gene expression},
  author={Schubert, Michael and Klinger, Bertram and Kl{\"u}nemann, Martina and Sieber, Anja and Uhlitz, Florian and Sauer, Sascha and Garnett, Mathew J and Bl{\"u}thgen, Nils and Saez-Rodriguez, Julio},
  journal={Nature communications},
  volume={9},
  number={1},
  pages={20},
  year={2018},
  publisher={Nature Publishing Group UK London}
}

@article{yoshida2019cis,
  title={The cis-regulatory atlas of the mouse immune system},
  author={Yoshida, Hideyuki and Lareau, Caleb A and Ramirez, Ricardo N and Rose, Samuel A and Maier, Barbara and Wroblewska, Aleksandra and Desland, Fiona and Chudnovskiy, Aleksey and Mortha, Arthur and Dominguez, Claudia and others},
  journal={Cell},
  volume={176},
  number={4},
  pages={897--912},
  year={2019},
  publisher={Elsevier}
}

@article{fantom5,
  title={An atlas of active enhancers across human cell types and tissues},
  author={Andersson, Robin and Gebhard, Claudia and Miguel-Escalada, Irene and Hoof, Ilka and Bornholdt, Jette and Boyd, Mette and Chen, Yun and Zhao, Xiaobei and Schmidl, Christian and Suzuki, Takahiro and others},
  journal={Nature},
  volume={507},
  number={7493},
  pages={455--461},
  year={2014},
  publisher={Nature Publishing Group UK London}
}

@article{4DN,
  title={The 4D nucleome project},
  author={Dekker, Job and Belmont, Andrew S and Guttman, Mitchell and Leshyk, Victor O and Lis, John T and Lomvardas, Stavros and Mirny, Leonid A and Oâ€™shea, Clodagh C and Park, Peter J and Ren, Bing and others},
  journal={Nature},
  volume={549},
  number={7671},
  pages={219--226},
  year={2017},
  publisher={Nature Publishing Group UK London}
}

@article{bernstein2010nih,
  title={The NIH roadmap epigenomics mapping consortium},
  author={Bernstein, Bradley E and Stamatoyannopoulos, John A and Costello, Joseph F and Ren, Bing and Milosavljevic, Aleksandar and Meissner, Alexander and Kellis, Manolis and Marra, Marco A and Beaudet, Arthur L and Ecker, Joseph R and others},
  journal={Nature biotechnology},
  volume={28},
  number={10},
  pages={1045--1048},
  year={2010},
  publisher={Nature Publishing Group US New York}
}

@article{encode2020expanded,
  title={Expanded encyclopaedias of DNA elements in the human and mouse genomes},
  author={Moore, Jill E and Purcaro, Michael J and Pratt, Henry E and Epstein, Charles B and Shoresh, Noam and Adrian, Jessika and Kawli, Trupti and Davis, Carrie A and Dobin, Alexander and others},
  journal={Nature},
  volume={583},
  number={7818},
  pages={699--710},
  year={2020},
  publisher={Nature Publishing Group UK London}
}

@inproceedings{segal2002promoter,
  title={From promoter sequence to expression: a probabilistic framework},
  author={Segal, Eran and Barash, Yoseph and Simon, Itamar and Friedman, Nir and Koller, Daphne},
  booktitle={Proceedings of the sixth annual international conference on Computational biology},
  pages={263--272},
  year={2002}
}