
@article{kam_thats_2021,
	title = {That's interesting: {An} examination of interest theory and self-determination in organisational cybersecurity training},
	volume = {32},
	url = {https://onlinelibrary.wiley.com/doi/full/10.1111/isj.12374},
	doi = {https://doi.org/10.1111/isj.12374},
	number = {4},
	journal = {Information System Journal},
	author = {Kam, Hwee-Joo and Ormond, Dustion K. and Menard, Philip and Crossler, Robert E.},
	month = dec,
	year = {2021},
	pages = {888--926},
}
