
@book{education_cybersecurity_2018,
	address = {New York, NY, USA},
	title = {Cybersecurity {Curricula} 2017: {Curriculum} {Guidelines} for {Post}-{Secondary} {Degree} {Programs} in {Cybersecurity}},
	isbn = {978-1-4503-8919-8},
	publisher = {Association for Computing Machinery},
	author = {Education, Joint Task Force on Cybersecurity},
	year = {2018},
}
