
@techreport{morgan_cybercrime_2020,
	title = {Cybercrime {To} {Cost} {The} {World} \$10.5 {Trillion} {Annually} {By} 2025},
	url = {https://cybersecurityventures.com/hackerpocalypse-cybercrime-report-2016/},
	urldate = {2022-10-14},
	institution = {Cybercrime Magazine},
	author = {Morgan, Steve},
	month = nov,
	year = {2020},
}
