
@article{gale_general_onefile_trellix_2022,
	title = {Trellix {Research} {Finds} {Workforce} {Shortage} {Impacts} 85\% of {Organizations}' {Cybersecurity} {Posture}},
	issn = {13639919},
	url = {https://link.gale.com/apps/doc/A705635090/ITOF?u=adelaide&sid=bookmark-ITOF&xid=262ad809},
	language = {English},
	urldate = {2022-11-12},
	journal = {Internet Business News},
	author = {Gale General Onefile},
	month = jun,
	year = {2022},
	note = {Section: NA},
	keywords = {Cyberterrorism, Data security, Employee attitudes, Internet security, Labor market, Labour market, Trellix Corp.},
	pages = {NA},
}
