
@article{goodall_developing_2009,
	title = {Developing expertise for network intrusion detection},
	volume = {22},
	issn = {0959-3845, 1758-5813},
	url = {https://www.emerald.com/insight/content/doi/10.1108/09593840910962186/full/html},
	doi = {10.1108/09593840910962186},
	number = {2},
	urldate = {2022-10-21},
	journal = {Information Technology \& People},
	author = {Goodall, John R. and Lutters, Mayne G. and Komlodi, Anita},
	month = jun,
	year = {2009},
}
