
@inproceedings{haney_skills_2017,
	address = {Santa Clara, CA},
	title = {Skills and {Characteristics} of {Successful} {Cybersecurity} {Advocates}},
	url = {https://www.usenix.org/conference/soups2017/workshop-program/wsiw2017/haney},
	booktitle = {Thirteenth {Symposium} on {Usable} {Privacy} and {Security} ({SOUPS} 2017)},
	publisher = {USENIX Association},
	author = {Haney, Julie and Lutters, Wayne},
	month = jul,
	year = {2017},
}
