
@article{ishmael_retention_2022,
	title = {Retention of {Qualified} {Cybersecurity} {Professionals}: {A} {Qualitative} {Study}},
	volume = {0},
	url = {https://doi.org/10.1080/08874417.2022.2049018},
	doi = {10.1080/08874417.2022.2049018},
	abstract = {ABSTRACTThe current endeavors to retain cybersecurity professionals are not enough to sustain the needs of the U.S. workforce. The researchers aim to explore retention strategies for qualified cybersecurity professionals supporting U.S. government contracts at a leading global security company. The researchers interviewed a sample of qualified cybersecurity professionals supporting U.S. government contracts to get essential information on retention in the cybersecurity profession. The researchers proposed four distinct pillars to make up the strategic framework for retaining qualified cybersecurity professionals.},
	number = {0},
	journal = {Journal of Computer Information Systems},
	author = {Ishmael, Andrew and Halawi, Dr Leila},
	year = {2022},
	note = {Publisher: Taylor \& Francis
\_eprint: https://doi.org/10.1080/08874417.2022.2049018},
	pages = {1--12},
}
