
@techreport{isc2_isc2_2022,
	title = {({ISC})2 {CYBERSECURITY} {WORKFORCE} {STUDY}},
	url = {https://www.isc2.org/Research/Workforce-Study},
	institution = {(ISC)2},
	author = {(ISC)2},
	year = {2022},
}
