
@techreport{petersen_workforce_2020,
	title = {Workforce {Framework} for {Cybersecurity}  ({NICE} {Framework})},
	url = {https://doi.org/10.6028/NIST.SP.800-181r1},
	urldate = {2022-10-14},
	institution = {U.S. Department of Commerce},
	author = {Petersen, Rodney and Santos, Danielle and Smith, Matthew C. and Wetzel, Karen A. and Witte, Greg},
	month = nov,
	year = {2020},
}
