
@article{schwartz_cybersecurity_2021,
	title = {Cybersecurity workforce is growing, but staff shortages still put businesses at risk},
	url = {http://proxy.library.adelaide.edu.au/login?url=https://www.proquest.com/trade-journals/cybersecurity-workforce-is-growing-staff/docview/2592753088/se-2},
	language = {English},
	journal = {Cybersecurity Dive},
	author = {Schwartz, Samantha},
	month = oct,
	year = {2021},
	keywords = {Workforce, Baby boomers, Computer security, Computers–Computer Security, Talent management, United States–US, Workforce planning},
	annote = {版权 - Copyright Industry Dive Oct 27, 2021; 最近更新 - 2022-10-16; SubjectsTermNotLitGenreText - United States–US},
}
