@inproceedings{22,
author = {Boucher, Josiah D and Smith, Gillian and Telliel, Yunus Do\u{g}an},
title = {Is Resistance Futile?: Early Career Game Developers, Generative AI, and Ethical Skepticism},
year = {2024},
isbn = {9798400703300},
publisher = {Association for Computing Machinery},
address = {New York, NY, USA},
url = {https://doi.org/10.1145/3613904.3641889},
doi = {10.1145/3613904.3641889},
booktitle = {Proceedings of the 2024 CHI Conference on Human Factors in Computing Systems},
articleno = {173},
numpages = {13},
keywords = {Creativity Support, Future of GAI, Games/Play, Generative AI, Professional Communities, Programming/Development Support, Qualitative Methods},
location = {Honolulu, HI, USA},
series = {CHI '24}
}

@inproceedings{23Jiang,
author = {Jiang, Harry H. and Brown, Lauren and Cheng, Jessica and Khan, Mehtab and Gupta, Abhishek and Workman, Deja and Hanna, Alex and Flowers, Johnathan and Gebru, Timnit},
title = {AI Art and its Impact on Artists},
year = {2023},
isbn = {9798400702310},
publisher = {Association for Computing Machinery},
address = {New York, NY, USA},
url = {https://doi.org/10.1145/3600211.3604681},
doi = {10.1145/3600211.3604681},
booktitle = {Proceedings of the 2023 AAAI/ACM Conference on AI, Ethics, and Society},
pages = {363–374},
numpages = {12},
location = {Montr\'{e}al, QC, Canada},
series = {AIES '23}
}

@article{Al2024, title={Enhancing Work Productivity through Generative Artificial Intelligence: A Comprehensive Literature Review}, volume={16}, rights={https://creativecommons.org/licenses/by/4.0/}, ISSN={2071-1050}, url={https://www.mdpi.com/2071-1050/16/3/1166}, DOI={10.3390/su16031166}, number={3}, journal={Sustainability}, author={Al Naqbi, Humaid and Bahroun, Zied and Ahmed, Vian}, year={2024}, month=jan, pages={1166}, language={en} }

@article{Bendoly2023, title={The role of generative design and additive manufacturing capabilities in developing human–AI symbiosis: Evidence from multiple case studies}, ISSN={0011-7315, 1540-5915}, url={https://onlinelibrary.wiley.com/doi/10.1111/deci.12619}, DOI={10.1111/deci.12619}, journal={Decision Sciences}, author={Bendoly, Elliot and Chandrasekaran, Aravind and Lima, Mateus Do Rego Ferreira and Handfield, Robert and Khajavi, Siavash H. and Roscoe, Samuel}, year={2023}, month=oct, pages={deci.12619}, language={en} }

@article{Berg2010, title={Perceiving and responding to challenges in job crafting at different ranks: When proactivity requires adaptivity}, volume={31}, rights={http://onlinelibrary.wiley.com/termsAndConditions#vor}, ISSN={0894-3796, 1099-1379}, url={https://onlinelibrary.wiley.com/doi/10.1002/job.645}, DOI={10.1002/job.645}, number={2–3}, journal={Journal of Organizational Behavior}, author={Berg, Justin M. and Wrzesniewski, Amy and Dutton, Jane E.}, year={2010}, month=feb, pages={158–186}, language={en} }

@article{Bizzi_2017, title={Network characteristics: When an individual’s job crafting depends on the jobs of others}, volume={70}, ISSN={0018-7267, 1741-282X}, url={http://journals.sagepub.com/doi/10.1177/0018726716658963}, DOI={10.1177/0018726716658963},  number={4}, journal={Human Relations}, author={Bizzi, Lorenzo}, year={2017}, month=apr, pages={436–460}, language={en} }

@article{Blustein2023, title={Understanding Decent Work and Meaningful Work}, volume={10}, rights={http://creativecommons.org/licenses/by/4.0/}, ISSN={2327-0608, 2327-0616}, url={https://www.annualreviews.org/doi/10.1146/annurev-orgpsych-031921-024847}, DOI={10.1146/annurev-orgpsych-031921-024847},number={1}, journal={Annual Review of Organizational Psychology and Organizational Behavior}, author={Blustein, David L. and Lysova, Evgenia I. and Duffy, Ryan D.}, year={2023}, month=jan, pages={289–314}, language={en} }

@article{Bruning2019, title={Exploring job crafting: Diagnosing and responding to the ways employees adjust their jobs}, volume={62}, ISSN={00076813}, url={https://linkinghub.elsevier.com/retrieve/pii/S0007681319300734}, DOI={10.1016/j.bushor.2019.05.003}, number={5}, journal={Business Horizons}, author={Bruning, Patrick F. and Campion, Michael A.}, year={2019}, month=sep, pages={625–635}, language={en} }

@article{Brynjolfsson2023, address={Cambridge, MA}, title={Generative AI at Work}, url={http://www.nber.org/papers/w31161.pdf}, DOI={10.3386/w31161}, number={w31161}, institution={National Bureau of Economic Research}, author={Brynjolfsson, Erik and Li, Danielle and Raymond, Lindsey}, year={2023}, month=apr, pages={w31161}, language={en} }

@article{Chan_Hu_2023, title={Students’ voices on generative AI: perceptions, benefits, and challenges in higher education}, volume={20}, ISSN={2365-9440}, url={https://educationaltechnologyjournal.springeropen.com/articles/10.1186/s41239-023-00411-8}, DOI={10.1186/s41239-023-00411-8},  number={1}, journal={International Journal of Educational Technology in Higher Education}, author={Chan, Cecilia Ka Yuk and Hu, Wenjie}, year={2023}, month=jul, pages={43}, language={en} }

@article{Dell2023, title={Navigating the Jagged Technological Frontier: Field Experimental Evidence of the Effects of AI on Knowledge Worker Productivity and Quality}, ISSN={1556-5068}, url={https://www.ssrn.com/abstract=4573321}, DOI={10.2139/ssrn.4573321}, journal={SSRN Electronic Journal}, author={Dell’Acqua, Fabrizio and McFowland, Edward and Mollick, Ethan R. and Lifshitz-Assaf, Hila and Kellogg, Katherine and Rajendran, Saran and Krayer, Lisa and Candelon, François and Lakhani, Karim R.}, year={2023}, language={en} }

@article{Eloundou_2023, title={GPTs are GPTs: An Early Look at the Labor Market Impact Potential of Large Language Models}, rights={Creative Commons Attribution Share Alike 4.0 International}, url={https://arxiv.org/abs/2303.10130}, DOI={10.48550/ARXIV.2303.10130},  author={Eloundou, Tyna and Manning, Sam and Mishkin, Pamela and Rock, Daniel}, year={2023} }

@article{Epstein_2022, title={When happy accidents spark creativity: Bringing collaborative speculation to life with generative AI}, rights={Creative Commons Attribution 4.0 International}, url={https://arxiv.org/abs/2206.00533}, DOI={10.48550/ARXIV.2206.00533},  author={Epstein, Ziv and Schroeder, Hope and Newman, Dava}, year={2022} }

@article{Felten2023, title={Occupational Heterogeneity in Exposure to Generative AI}, ISSN={1556-5068}, url={https://www.ssrn.com/abstract=4414065}, DOI={10.2139/ssrn.4414065}, journal={SSRN Electronic Journal}, author={Felten, Edward W. and Raj, Manav and Seamans, Robert}, year={2023}, language={en} }

@article{Fuller2017, title={Job Crafting and Identity in Low-Grade Work: How Hospital Porters Redefine the Value of their Work and Expertise}, volume={10}, ISSN={1874-785X, 1874-7868}, url={http://link.springer.com/10.1007/s12186-017-9173-z}, DOI={10.1007/s12186-017-9173-z}, number={3}, journal={Vocations and Learning}, author={Fuller, Alison and Unwin, Lorna}, year={2017}, month=oct, pages={307–324}, language={en} }

@article{Gascoigne2018, title={The transition to part-time: How professionals negotiate ‘reduced time and workload’ i-deals and craft their jobs}, volume={71}, ISSN={0018-7267, 1741-282X}, url={http://journals.sagepub.com/doi/10.1177/0018726717722394}, DOI={10.1177/0018726717722394}, number={1}, journal={Human Relations}, author={Gascoigne, Charlotte and Kelliher, Clare}, year={2018}, month=jan, pages={103–125}, language={en} }

@article{Gordon2018, title={Individual job redesign: Job crafting interventions in healthcare}, volume={104}, ISSN={00018791}, url={https://linkinghub.elsevier.com/retrieve/pii/S000187911730060X}, DOI={10.1016/j.jvb.2017.07.002}, journal={Journal of Vocational Behavior}, author={Gordon, Heather J. and Demerouti, Evangelia and Le Blanc, Pascale M. and Bakker, Arnold B. and Bipp, Tanja and Verhagen, Marc A.M.T.}, year={2018}, month=feb, pages={98–114}, language={en} }

@article{Gravador2018, title={Work-life balance crafting behaviors: an empirical study}, volume={47}, rights={https://www.emerald.com/insight/site-policies}, ISSN={0048-3486}, url={https://www.emerald.com/insight/content/doi/10.1108/PR-05-2016-0112/full/html}, DOI={10.1108/PR-05-2016-0112}, number={4}, journal={Personnel Review}, author={Gravador, Luz Nario and Teng-Calleja, Mendiola}, year={2018}, month=may, pages={786–804}, language={en} }

@article{Hsu_Tan_Stantic_2024, title={A fine-tuned tourism-specific generative AI concept}, volume={104}, ISSN={01607383}, url={https://linkinghub.elsevier.com/retrieve/pii/S0160738323001962}, DOI={10.1016/j.annals.2023.103723}, journal={Annals of Tourism Research}, author={Hsu, Cathy H.C. and Tan, Guoxiong and Stantic, Bela}, year={2024}, month=jan, pages={103723}, language={en} }

@article{Kenny2020, title={Navigating the gender structure in information technology: How does this affect the experiences and behaviours of women?}, volume={73}, ISSN={0018-7267, 1741-282X}, url={https://journals.sagepub.com/doi/10.1177/0018726719828449}, DOI={10.1177/0018726719828449}, number={3}, journal={Human Relations}, author={Kenny, Etlyn J and Donnelly, Rory}, year={2020}, month=mar, pages={326–350}, language={en} }

@article{Kossek2016, title={Filling the Holes: Work Schedulers As Job Crafters of Employment Practice in Long-Term Health Care}, volume={69}, ISSN={0019-7939, 2162-271X}, url={http://journals.sagepub.com/doi/10.1177/0019793916642761}, DOI={10.1177/0019793916642761}, number={4}, journal={ILR Review}, author={Kossek, Ellen Ernst and Piszczek, Matthew M. and McAlpine, Kristie L. and Hammer, Leslie B. and Burke, Lisa}, year={2016}, month=aug, pages={961–990}, language={en} }

@article{Lazazzara_2020, title={The process of reinventing a job: A meta–synthesis of qualitative job crafting research}, volume={116}, ISSN={00018791}, url={https://linkinghub.elsevier.com/retrieve/pii/S0001879119300016}, DOI={10.1016/j.jvb.2019.01.001}, journal={Journal of Vocational Behavior}, author={Lazazzara, Alessandra and Tims, Maria and De Gennaro, Davide}, year={2020}, month=feb, pages={103267}, language={en} }

@article{Miyazaki2024, title={Public perception of generative AI on Twitter: an empirical study based on occupation and usage}, volume={13}, ISSN={2193-1127}, url={https://epjdatascience.springeropen.com/articles/10.1140/epjds/s13688-023-00445-y}, DOI={10.1140/epjds/s13688-023-00445-y}, number={1}, journal={EPJ Data Science}, author={Miyazaki, Kunihiro and Murayama, Taichi and Uchiba, Takayuki and An, Jisun and Kwak, Haewoon}, year={2024}, month=jan, pages={2}, language={en} }

@article{Panteli2022, title={Job crafting for female contractors in a male‐dominated profession}, volume={37}, ISSN={0268-1072, 1468-005X}, url={https://onlinelibrary.wiley.com/doi/10.1111/ntwe.12210}, DOI={10.1111/ntwe.12210}, author={Panteli, Niki and Urquhart, Cathy}, year={2022}, month=mar, pages={102–123}, language={en} }

@article{Petrou2012, title={Crafting a job on a daily basis: Contextual correlates and the link to work engagement}, volume={33}, rights={http://onlinelibrary.wiley.com/termsAndConditions#vor}, ISSN={0894-3796, 1099-1379}, url={https://onlinelibrary.wiley.com/doi/10.1002/job.1783}, DOI={10.1002/job.1783}, number={8}, journal={Journal of Organizational Behavior}, author={Petrou, Paraskevas and Demerouti, Evangelia and Peeters, Maria C. W. and Schaufeli, Wilmar B. and Hetland, Jørn}, year={2012}, month=nov, pages={1120–1141}, language={en} }

@article{Small2024, title={Large Language Model–Based Responses to Patients’ In-Basket Messages}, volume={7}, ISSN={2574-3805}, url={https://jamanetwork.com/journals/jamanetworkopen/fullarticle/2821167}, DOI={10.1001/jamanetworkopen.2024.22399},  number={7}, journal={JAMA Network Open}, author={Small, William R. and Wiesenfeld, Batia and Brandfield-Harvey, Beatrix and Jonassen, Zoe and Mandal, Soumik and Stevens, Elizabeth R. and Major, Vincent J. and Lostraglio, Erin and Szerencsy, Adam and Jones, Simon and Aphinyanaphongs, Yindalon and Johnson, Stephen B. and Nov, Oded and Mann, Devin}, year={2024}, month=jul, pages={e2422399}, language={en} }

@article{Tims_2012, title={Development and validation of the job crafting scale}, volume={80}, rights={https://www.elsevier.com/tdm/userlicense/1.0/}, ISSN={00018791}, url={https://linkinghub.elsevier.com/retrieve/pii/S0001879111000789}, DOI={10.1016/j.jvb.2011.05.009}, number={1}, journal={Journal of Vocational Behavior}, author={Tims, Maria and Bakker, Arnold B. and Derks, Daantje}, year={2012}, month=feb, pages={173–186}, language={en} }

@article{Walczak_2023, title={Challenges for higher education in the era of widespread access to generative AI}, volume={9}, rights={https://creativecommons.org/licenses/by/4.0}, ISSN={2450-0097, 2392-1641}, url={https://journals.ue.poznan.pl/ebr/article/view/743}, DOI={10.18559/ebr.2023.2.743}, number={2}, journal={Economics and Business Review}, author={Walczak, Krzysztof and Cellary, Wojciech}, year={2023}, month=jul }

@article{Wong_Fieseler_2021, title={From crafting what you do to building resilience for career commitment in the gig economy}, volume={31}, ISSN={0954-5395, 1748-8583}, url={https://onlinelibrary.wiley.com/doi/10.1111/1748-8583.12342}, DOI={10.1111/1748-8583.12342}, number={4}, journal={Human Resource Management Journal}, author={Wong, Sut I and Kost, Dominique and Fieseler, Christian}, year={2021}, month=nov, pages={918–935}, language={en} }

@article{Wrzesniewski_2001, title={Crafting a Job: Revisioning Employees as Active Crafters of Their Work}, volume={26}, ISSN={03637425}, url={http://www.jstor.org/stable/259118?origin=crossref}, DOI={10.2307/259118}, number={2}, journal={The Academy of Management Review}, author={Wrzesniewski, Amy and Dutton, Jane E.}, year={2001}, month=apr, pages={179} }

@article{autor2015there,
  title={Why are there still so many jobs? The history and future of workplace automation},
  author={Autor, David H},
  journal={Journal of economic perspectives},
  volume={29},
  number={3},
  pages={3--30},
  year={2015},
  publisher={American Economic Association 2014 Broadway, Suite 305, Nashville, TN 37203-2418}
}

@article{boulus2024genai,
  title={GenAI and me: the hidden work of building and maintaining an augmentative partnership},
  author={Boulus-R{\o}dje, Nina and Cranefield, Jocelyn and Doyle, Cathal and Fleron, Benedicte},
  journal={Personal and Ubiquitous Computing},
  pages={1--14},
  year={2024},
  publisher={Springer}
}

@article{fox2023patchwork,
  title={Patchwork: the hidden, human labor of AI integration within essential work},
  author={Fox, Sarah E and Shorey, Samantha and Kang, Esther Y and Montiel Valle, Dominique and Rodriguez, Estefania},
  journal={Proceedings of the ACM on Human-Computer Interaction},
  volume={7},
  number={CSCW1},
  pages={1--20},
  year={2023},
  publisher={ACM New York, NY, USA}
}

@article{frank2019toward,
  title={Toward understanding the impact of artificial intelligence on labor},
  author={Frank, Morgan R and Autor, David and Bessen, James E and Brynjolfsson, Erik and Cebrian, Manuel and Deming, David J and Feldman, Maryann and Groh, Matthew and Lobo, Jos{\'e} and Moro, Esteban and others},
  journal={Proceedings of the National Academy of Sciences},
  volume={116},
  number={14},
  pages={6531--6539},
  year={2019},
  publisher={National Acad Sciences}
}

@inproceedings{kalving2024ai,
  title={Where AI and Design Meet-Designers’ Perceptions of AI Tools},
  author={Kalving, Matilda and Colley, Ashley and H{\"a}kkil{\"a}, Jonna},
  booktitle={Nordic Conference on Human-Computer Interaction},
  year={2024},
  organization={ACM}
}

@inbook{levy2023,
 ISBN = {9780691175300},
 URL = {http://www.jstor.org/stable/j.ctv2ngx56j.9},
 author = {Karen Levy},
 booktitle = {Data Driven: Truckers, Technology, and the New Workplace Surveillance},
 pages = {119--151},
 publisher = {Princeton University Press},
 title = {RoboTruckers: THE DOUBLE THREAT OF AI FOR LOW-WAGE WORK},
 urldate = {2024-10-25},
 year = {2023}
}

@inproceedings{li2024user,
  title={User experience design professionals’ perceptions of generative artificial intelligence},
  author={Li, Jie and Cao, Hancheng and Lin, Laura and Hou, Youyang and Zhu, Ruihao and El Ali, Abdallah},
  booktitle={Proceedings of the CHI Conference on Human Factors in Computing Systems},
  pages={1--18},
  year={2024}
}

@article{park2022data,
  title={A data-driven exploration of the race between human labor and machines in the 21st century},
  author={Park, Jiyong and Kim, Jongho},
  journal={Communications of the ACM},
  volume={65},
  number={5},
  pages={79--87},
  year={2022},
  publisher={ACM New York, NY, USA}
}

@inproceedings{takaffoli2024generative,
  title={Generative AI in User Experience Design and Research: How Do UX Practitioners, Teams, and Companies Use GenAI in Industry?},
  author={Takaffoli, Macy and Li, Sijia and M{\"a}kel{\"a}, Ville},
  booktitle={Proceedings of the 2024 ACM Designing Interactive Systems Conference},
  pages={1579--1593},
  year={2024}
}

@article{wang2019human,
  title={Human-AI collaboration in data science: Exploring data scientists' perceptions of automated AI},
  author={Wang, Dakuo and Weisz, Justin D and Muller, Michael and Ram, Parikshit and Geyer, Werner and Dugan, Casey and Tausczik, Yla and Samulowitz, Horst and Gray, Alexander},
  journal={Proceedings of the ACM on human-computer interaction},
  volume={3},
  number={CSCW},
  pages={1--24},
  year={2019},
  publisher={ACM New York, NY, USA}
}

@article{zhang_2019, title={Reorienting job crafting research: A hierarchical structure of job crafting concepts and integrative review}, volume={40}, ISSN={0894-3796, 1099-1379}, url={https://onlinelibrary.wiley.com/doi/10.1002/job.2332}, DOI={10.1002/job.2332}, number={2}, journal={Journal of Organizational Behavior}, author={Zhang, Fangfang and Parker, Sharon K.}, year={2019}, month=feb, pages={126–146}, language={en} }

