% top-down papers
@article{hui2023short,
  title={The short-term effects of generative artificial intelligence on employment: Evidence from an online labor market},
  author={Hui, Xiang and Reshef, Oren and Zhou, Luofeng},
  journal={Available at SSRN 4527336},
  year={2023}
}
@article{yu2024impact,
  title={The Impact of Generative AI on Employment and Labor Productivity.},
  author={Yu, Jason and Qi, Cheryl},
  journal={Review of Business},
  volume={44},
  number={1},
  year={2024}
}
@article{autor2015there,
  title={Why are there still so many jobs? The history and future of workplace automation},
  author={Autor, David H},
  journal={Journal of economic perspectives},
  volume={29},
  number={3},
  pages={3--30},
  year={2015},
  publisher={American Economic Association 2014 Broadway, Suite 305, Nashville, TN 37203-2418}
}
@article{park2022data,
  title={A data-driven exploration of the race between human labor and machines in the 21st century},
  author={Park, Jiyong and Kim, Jongho},
  journal={Communications of the ACM},
  volume={65},
  number={5},
  pages={79--87},
  year={2022},
  publisher={ACM New York, NY, USA}
}

@article{frank2019toward,
  title={Toward understanding the impact of artificial intelligence on labor},
  author={Frank, Morgan R and Autor, David and Bessen, James E and Brynjolfsson, Erik and Cebrian, Manuel and Deming, David J and Feldman, Maryann and Groh, Matthew and Lobo, Jos{\'e} and Moro, Esteban and others},
  journal={Proceedings of the National Academy of Sciences},
  volume={116},
  number={14},
  pages={6531--6539},
  year={2019},
  publisher={National Acad Sciences}
}

@article{petriglieri2011under,
  title={Under threat: Responses to and the consequences of threats to individuals' identities},
  author={Petriglieri, Jennifer Louise},
  journal={Academy of management review},
  volume={36},
  number={4},
  pages={641--662},
  year={2011},
  publisher={Academy of Management Briarcliff Manor, NY}
}

@article{zikic2016happens,
  title={What happens when you can’t be who you are: Professional identity at the institutional periphery},
  author={Zikic, Jelena and Richardson, Julia},
  journal={Human relations},
  volume={69},
  number={1},
  pages={139--168},
  year={2016},
  publisher={Sage Publications Sage UK: London, England}
}

@article{Perez2022, title={The Autonomy Tussle: AI Technology and Employee Job Crafting Responses}, volume={77}, ISSN={0034-379X, 1703-8138}, url={http://id.erudit.org/iderudit/1094209ar}, DOI={10.7202/1094209ar}, number={3}, journal={Relations industrielles}, author={Perez, Fabienne and Conway, Neil and Roques, Olivier}, year={2022}, pages={1094209ar}, language={fr} }
@article{ohm2024focusing,
  title={Focusing on Fine-Tuning: Understanding the Four Pathways for Shaping Generative AI},
  author={Ohm, Paul},
  journal={Columbia Science and Technology Law Review, Forthcoming},
  year={2024}
}
@inproceedings{he2024ai,
  title={AI and the Future of Collaborative Work: Group Ideation with an LLM in a Virtual Canvas},
  author={He, Jessica and Houde, Stephanie and Gonzalez, Gabriel E and Silva Moran, Dar{\'\i}o Andr{\'e}s and Ross, Steven I and Muller, Michael and Weisz, Justin D},
  booktitle={Proceedings of the 3rd Annual Meeting of the Symposium on Human-Computer Interaction for Work},
  pages={1--14},
  year={2024}
}
@inproceedings{petridis2023anglekindling,
  title={Anglekindling: Supporting journalistic angle ideation with large language models},
  author={Petridis, Savvas and Diakopoulos, Nicholas and Crowston, Kevin and Hansen, Mark and Henderson, Keren and Jastrzebski, Stan and Nickerson, Jeffrey V and Chilton, Lydia B},
  booktitle={Proceedings of the 2023 CHI conference on human factors in computing systems},
  pages={1--16},
  year={2023}
}
@inproceedings{das2024teacher,
  title={Teacher, Trainer, Counsel, Spy: How Generative AI can Bridge or Widen the Gaps in Worker-Centric Digital Phenotyping of Wellbeing},
  author={Das Swain, Vedant and Saha, Koustuv},
  booktitle={Proceedings of the 3rd Annual Meeting of the Symposium on Human-Computer Interaction for Work},
  pages={1--13},
  year={2024}
}


@inproceedings{varanasi22,
author = {Varanasi, Rama Adithya and Siddarth, Divya and Seshadri, Vivek and Bali, Kalika and Vashistha, Aditya},
title = {Feeling Proud, Feeling Embarrassed: Experiences of Low-income Women with Crowd Work},
year = {2022},
isbn = {9781450391573},
publisher = {Association for Computing Machinery},
address = {New York, NY, USA},
url = {https://doi.org/10.1145/3491102.3501834},
doi = {10.1145/3491102.3501834},
booktitle = {Proceedings of the 2022 CHI Conference on Human Factors in Computing Systems},
articleno = {298},
numpages = {18},
keywords = {HCI4D, Women, crowd work, crowdsourcing app, crowdsourcing work, mobile crowdsourcing},
location = {New Orleans, LA, USA},
series = {CHI '22}
}


 @article{Kalleberg_2009, title={Precarious Work, Insecure Workers: Employment Relations in Transition}, volume={74}, rights={https://journals.sagepub.com/page/policies/text-and-data-mining-license}, ISSN={0003-1224, 1939-8271}, url={https://journals.sagepub.com/doi/10.1177/000312240907400101}, DOI={10.1177/000312240907400101}, number={1}, journal={American Sociological Review}, author={Kalleberg, Arne L.}, year={2009}, month=feb, pages={1–22}, language={en} }

@book{Ford_2015, address={London}, series={A Oneworld book}, title={The rise of the robots: technology and the threat of mass unemployment}, ISBN={9781780747491}, publisher={Oneworld}, author={Ford, Martin}, year={2015}, collection={A Oneworld book}, language={eng} }

@article{Anteby_2016, title={Three Lenses on Occupations and Professions in Organizations: Becoming, Doing, and Relating}, volume={10}, ISSN={1941-6520, 1941-6067}, url={http://journals.aom.org/doi/10.5465/19416520.2016.1120962}, DOI={10.5465/19416520.2016.1120962}, number={1}, journal={Academy of Management Annals}, author={Anteby, Michel and Chan, Curtis K. and DiBenigno, Julia}, year={2016}, month=jan, pages={183–244}, language={en} }


@article{Jiang2023, title={Perceiving Fixed or Flexible Meaning: Toward a Model of Meaning Fixedness and Navigating Occupational Destabilization}, volume={68}, ISSN={0001-8392, 1930-3815}, url={http://journals.sagepub.com/doi/10.1177/00018392231196062}, DOI={10.1177/00018392231196062}, number={4}, journal={Administrative Science Quarterly}, author={Jiang, Winnie Yun and Wrzesniewski, Amy}, year={2023}, month=dec, pages={1008–1055}, language={en} }
@book{Autor2023, address={Cambridge, Massachusetts}, title={The work of the future: building better jobs in an age of intelligent machines}, ISBN={9780262547307}, publisher={MIT Press}, author={Autor, David H. and Mindell, David A. and Reynolds, Elisabeth B. and Solow, Robert M.}, year={2023}, language={eng} }


@article{autor2003skill,
  title={The skill content of recent technological change: An empirical exploration},
  author={Autor, David H and Levy, Frank and Murnane, Richard J},
  journal={The Quarterly journal of economics},
  volume={118},
  number={4},
  pages={1279--1333},
  year={2003},
  publisher={MIT Press}
}
@article{price2013changing,
  title={The changing task composition of the US labor market: An update of Autor, Levy, and Murnane (2003)},
  author={Price, Brendan and Price, B},
  journal={unpublished manuscript,},
  year={2013}
}
@article{Carr_Hayes_2015, title={Social Media: Defining, Developing, and Divining}, volume={23}, ISSN={1545-6870, 1545-6889}, url={http://www.tandfonline.com/doi/abs/10.1080/15456870.2015.972282}, DOI={10.1080/15456870.2015.972282}, number={1}, journal={Atlantic Journal of Communication}, author={Carr, Caleb T. and Hayes, Rebecca A.}, year={2015}, month=jan, pages={46–65}, language={en} }
@inproceedings{martin14,
author = {Martin, David and Hanrahan, Benjamin V. and O'Neill, Jacki and Gupta, Neha},
title = {Being a turker},
year = {2014},
isbn = {9781450325400},
publisher = {Association for Computing Machinery},
address = {New York, NY, USA},
url = {https://doi.org/10.1145/2531602.2531663},
doi = {10.1145/2531602.2531663},
booktitle = {Proceedings of the 17th ACM Conference on Computer Supported Cooperative Work \& Social Computing},
pages = {224–235},
numpages = {12},
keywords = {amazon mechanical turk, content analysis, crowdsourcing, ethnomethodology, microtasking, turker nation},
location = {Baltimore, Maryland, USA},
series = {CSCW '14}
}

@article{farmer2003employee,
  title={Employee creativity in Taiwan: An application of role identity theory},
  author={Farmer, Steven M and Tierney, Pamela and Kung-McIntyre, Kate},
  journal={Academy of management Journal},
  volume={46},
  number={5},
  pages={618--630},
  year={2003},
  publisher={Academy of Management Briarcliff Manor, NY 10510}
}


%piecework
@inproceedings{alkhatib2017examining,
  title={Examining crowd work and gig work through the historical lens of piecework},
  author={Alkhatib, Ali and Bernstein, Michael S and Levi, Margaret},
  booktitle={Proceedings of the 2017 CHI conference on human factors in computing systems},
  pages={4599--4616},
  year={2017}
}
@article{hagan1973piece,
  title={Piece Work and Some of Its Consequences in the Printing and Coal Mining Industries in Australia, 1850-1930},
  author={Hagan, Jim and Fisher, Chris},
  journal={Labour History: A Journal of Labour and Social History},
  number={25},
  pages={19--39},
  year={1973},
  publisher={Liverpool University Press}
}
@article{irani2015cultural,
  title={The cultural work of microwork},
  author={Irani, Lilly},
  journal={New media \& society},
  volume={17},
  number={5},
  pages={720--739},
  year={2015},
  publisher={Sage Publications Sage UK: London, England}
}
@inproceedings{bernstein2010soylent,
  title={Soylent: a word processor with a crowd inside},
  author={Bernstein, Michael S and Little, Greg and Miller, Robert C and Hartmann, Bj{\"o}rn and Ackerman, Mark S and Karger, David R and Crowell, David and Panovich, Katrina},
  booktitle={Proceedings of the 23nd annual ACM symposium on User interface software and technology},
  pages={313--322},
  year={2010}
}
@article{dubal2020time,
  title={The time politics of home-based digital piecework},
  author={Dubal, Veena B},
  journal={Centre for Ethics Journal},
  volume={2020},
  pages={50},
  year={2020}
}
@incollection{irani2019justice,
  title={Justice for data janitors},
  author={Irani, Lilly},
  booktitle={Think in Public: A Public Books Reader},
  pages={23--40},
  year={2019},
  publisher={Columbia University Press}
}
@inproceedings{irani2013turkopticon,
  title={Turkopticon: Interrupting worker invisibility in amazon mechanical turk},
  author={Irani, Lilly C and Silberman, M Six},
  booktitle={Proceedings of the SIGCHI conference on human factors in computing systems},
  pages={611--620},
  year={2013}
}


% gen ai and hci work
@article{boulus2024genai,
  title={GenAI and me: the hidden work of building and maintaining an augmentative partnership},
  author={Boulus-R{\o}dje, Nina and Cranefield, Jocelyn and Doyle, Cathal and Fleron, Benedicte},
  journal={Personal and Ubiquitous Computing},
  pages={1--14},
  year={2024},
  publisher={Springer}
}
@inproceedings{ma2024human,
  title={Human-AI Collaboration Among Engineering and Design Professionals: Three Strategies of Generative AI Use},
  author={Ma, Kevin and Moore, George and Shyam, Vikram and Villarrubia, James and Goucher-Lambert, Kosa and Brubaker, Eric Reynolds},
  booktitle={ASME International Design Engineering Technical Conferences (IDETC-CIE)},
  number={DETC2024-143560},
  year={2024}
}
@inproceedings{li2024user,
  title={User experience design professionals’ perceptions of generative artificial intelligence},
  author={Li, Jie and Cao, Hancheng and Lin, Laura and Hou, Youyang and Zhu, Ruihao and El Ali, Abdallah},
  booktitle={Proceedings of the CHI Conference on Human Factors in Computing Systems},
  pages={1--18},
  year={2024}
}
@inproceedings{takaffoli2024generative,
  title={Generative AI in User Experience Design and Research: How Do UX Practitioners, Teams, and Companies Use GenAI in Industry?},
  author={Takaffoli, Macy and Li, Sijia and M{\"a}kel{\"a}, Ville},
  booktitle={Proceedings of the 2024 ACM Designing Interactive Systems Conference},
  pages={1579--1593},
  year={2024}
}

@inproceedings{kalving2024ai,
  title={Where AI and Design Meet-Designers’ Perceptions of AI Tools},
  author={Kalving, Matilda and Colley, Ashley and H{\"a}kkil{\"a}, Jonna},
  booktitle={Nordic Conference on Human-Computer Interaction},
  year={2024},
  organization={ACM}
}


@article{wang2019human,
  title={Human-AI collaboration in data science: Exploring data scientists' perceptions of automated AI},
  author={Wang, Dakuo and Weisz, Justin D and Muller, Michael and Ram, Parikshit and Geyer, Werner and Dugan, Casey and Tausczik, Yla and Samulowitz, Horst and Gray, Alexander},
  journal={Proceedings of the ACM on human-computer interaction},
  volume={3},
  number={CSCW},
  pages={1--24},
  year={2019},
  publisher={ACM New York, NY, USA}
}

%gen ai recent work
@article{kochan2024bringing,
  title={Bringing Worker Voice into Generative AI},
  author={Kochan, Thomas A and Armstrong, Ben and Shah, Julie and Castilla, Emilio J and Likis, Ben and Mangelsdorf, Martha E},
  year={2024},
  publisher={MIT}
}
@article{noy2023experimental,
  title={Experimental evidence on the productivity effects of generative artificial intelligence},
  author={Noy, Shakked and Zhang, Whitney},
  journal={Science},
  volume={381},
  number={6654},
  pages={187--192},
  year={2023},
  publisher={American Association for the Advancement of Science}
}
@techreport{brynjolfsson2023generative,
  title={Generative AI at work},
  author={Brynjolfsson, Erik and Li, Danielle and Raymond, Lindsey R},
  year={2023},
  institution={National Bureau of Economic Research}
}
@article{eloundou2023gpts,
  title={Gpts are gpts: An early look at the labor market impact potential of large language models},
  author={Eloundou, Tyna and Manning, Sam and Mishkin, Pamela and Rock, Daniel},
  journal={arXiv preprint arXiv:2303.10130},
  year={2023}
}

%bottom-up papers
@inproceedings{nedzhvetskaya2024no,
  title={No Simple Fix: How AI Harms Reflect Power and Jurisdiction in the Workplace},
  author={Nedzhvetskaya, Nataliya and Tan, JS},
  booktitle={The 2024 ACM Conference on Fairness, Accountability, and Transparency},
  pages={422--432},
  year={2024}
}
@article{fox2023patchwork,
  title={Patchwork: the hidden, human labor of AI integration within essential work},
  author={Fox, Sarah E and Shorey, Samantha and Kang, Esther Y and Montiel Valle, Dominique and Rodriguez, Estefania},
  journal={Proceedings of the ACM on Human-Computer Interaction},
  volume={7},
  number={CSCW1},
  pages={1--20},
  year={2023},
  publisher={ACM New York, NY, USA}
}


% crafting
@article{bruning2018role,
  title={A role--resource approach--avoidance model of job crafting: A multimethod integration and extension of job crafting theory},
  author={Bruning, Patrick F and Campion, Michael A},
  journal={Academy of Management Journal},
  volume={61},
  number={2},
  pages={499--522},
  year={2018},
  publisher={Academy of Management Briarcliff Manor, NY}
}

% skilling
@article{centellegher2024long,
  title={The long-term and disparate impact of job loss on individual mobility behaviour},
  author={Centellegher, Simone and De Nadai, Marco and Tonin, Marco and Lepri, Bruno and Lucchini, Lorenzo},
  journal={arXiv preprint arXiv:2403.10276},
  year={2024}
}

@article{Dixon_2006, title={How can systematic reviews incorporate qualitative research? A critical perspective}, volume={6}, ISSN={1468-7941, 1741-3109}, url={http://journals.sagepub.com/doi/10.1177/1468794106058867}, DOI={10.1177/1468794106058867}, number={1}, journal={Qualitative Research}, author={Dixon-Woods, Mary and Bonas, Sheila and Booth, Andrew and Jones, David R. and Miller, Tina and Sutton, Alex J. and Shaw, Rachel L. and Smith, Jonathan A. and Young, Bridget}, year={2006}, month=feb, pages={27–44}, language={en} }

 @article{Xiao_Watson_2019, title={Guidance on Conducting a Systematic Literature Review}, volume={39}, ISSN={0739-456X, 1552-6577}, url={http://journals.sagepub.com/doi/10.1177/0739456X17723971}, DOI={10.1177/0739456X17723971}, number={1}, journal={Journal of Planning Education and Research}, author={Xiao, Yu and Watson, Maria}, year={2019}, month=mar, pages={93–112}, language={en} }

@article{creswell,
  title = {Determining {{Validity}} in {{Qualitative Inquiry}}},
  author = {Creswell, John W. and Miller, Dana L.},
  year = {2000},
  month = aug,
  journal = {Theory Into Practice},
  volume = {39},
  number = {3},
  pages = {124--130},
  issn = {0040-5841, 1543-0421},
  doi = {10.1207/s15430421tip3903_2},
  langid = {english}
}

@inbook{levy2023,
 ISBN = {9780691175300},
 URL = {http://www.jstor.org/stable/j.ctv2ngx56j.9},
 author = {Karen Levy},
 booktitle = {Data Driven: Truckers, Technology, and the New Workplace Surveillance},
 pages = {119--151},
 publisher = {Princeton University Press},
 title = {RoboTruckers: THE DOUBLE THREAT OF AI FOR LOW-WAGE WORK},
 urldate = {2024-10-25},
 year = {2023}
}

 @article{Athukorala_2013, title={Information‐seeking behaviors of computer scientists: Challenges for electronic literature search tools}, volume={50}, ISSN={0044-7870, 1550-8390}, url={https://asistdl.onlinelibrary.wiley.com/doi/10.1002/meet.14505001041}, DOI={10.1002/meet.14505001041}, number={1}, journal={Proceedings of the American Society for Information Science and Technology}, author={Athukorala, Kumaripaba and Hoggan, Eve and Lehtiö, Anu and Ruotsalo, Tuukka and Jacucci, Giulio}, year={2013}, month=jan, pages={1–11}, language={en} }

 @article{Athukorala2013, title={Information‐seeking behaviors of computer scientists: Challenges for electronic literature search tools}, volume={50}, ISSN={0044-7870, 1550-8390}, url={https://asistdl.onlinelibrary.wiley.com/doi/10.1002/meet.14505001041}, DOI={10.1002/meet.14505001041}, number={1}, journal={Proceedings of the American Society for Information Science and Technology}, author={Athukorala, Kumaripaba and Hoggan, Eve and Lehtiö, Anu and Ruotsalo, Tuukka and Jacucci, Giulio}, year={2013}, month=jan, pages={1–11}, language={en} }

@article{Okoli_Schabram_2010, title={A Guide to Conducting a Systematic Literature Review of Information Systems Research}, ISSN={1556-5068}, url={http://www.ssrn.com/abstract=1954824}, DOI={10.2139/ssrn.1954824}, journal={SSRN Electronic Journal}, author={Okoli, Chitu and Schabram, Kira}, year={2010}, language={en} }

@article{Greenhalgh_2005, title={Effectiveness and efficiency of search methods in systematic reviews of complex evidence: audit of primary sources}, volume={331}, ISSN={0959-8138, 1468-5833}, url={https://www.bmj.com/lookup/doi/10.1136/bmj.38636.593461.68}, DOI={10.1136/bmj.38636.593461.68}, number={7524}, journal={BMJ}, author={Greenhalgh, Trisha and Peacock, Richard}, year={2005}, month=nov, pages={1064–1065}, language={en} }

@online{Compass,
  author = {Hafeni Mthoko},
  title = {Compass Academy},
  year = 2023,
  url = {https://compass.acm.org/calls/shadow-pc-reviewing/},
  urldate = {2023-05-01}
}
@article{Small2024, title={Large Language Model–Based Responses to Patients’ In-Basket Messages}, volume={7}, ISSN={2574-3805}, url={https://jamanetwork.com/journals/jamanetworkopen/fullarticle/2821167}, DOI={10.1001/jamanetworkopen.2024.22399},  number={7}, journal={JAMA Network Open}, author={Small, William R. and Wiesenfeld, Batia and Brandfield-Harvey, Beatrix and Jonassen, Zoe and Mandal, Soumik and Stevens, Elizabeth R. and Major, Vincent J. and Lostraglio, Erin and Szerencsy, Adam and Jones, Simon and Aphinyanaphongs, Yindalon and Johnson, Stephen B. and Nov, Oded and Mann, Devin}, year={2024}, month=jul, pages={e2422399}, language={en} }

@inproceedings{23Jiang,
author = {Jiang, Harry H. and Brown, Lauren and Cheng, Jessica and Khan, Mehtab and Gupta, Abhishek and Workman, Deja and Hanna, Alex and Flowers, Johnathan and Gebru, Timnit},
title = {AI Art and its Impact on Artists},
year = {2023},
isbn = {9798400702310},
publisher = {Association for Computing Machinery},
address = {New York, NY, USA},
url = {https://doi.org/10.1145/3600211.3604681},
doi = {10.1145/3600211.3604681},
booktitle = {Proceedings of the 2023 AAAI/ACM Conference on AI, Ethics, and Society},
pages = {363–374},
numpages = {12},
location = {Montr\'{e}al, QC, Canada},
series = {AIES '23}
}

 @article{Bendoly2023, title={The role of generative design and additive manufacturing capabilities in developing human–AI symbiosis: Evidence from multiple case studies}, ISSN={0011-7315, 1540-5915}, url={https://onlinelibrary.wiley.com/doi/10.1111/deci.12619}, DOI={10.1111/deci.12619}, journal={Decision Sciences}, author={Bendoly, Elliot and Chandrasekaran, Aravind and Lima, Mateus Do Rego Ferreira and Handfield, Robert and Khajavi, Siavash H. and Roscoe, Samuel}, year={2023}, month=oct, pages={deci.12619}, language={en} }

@article{Chan_Hu_2023, title={Students’ voices on generative AI: perceptions, benefits, and challenges in higher education}, volume={20}, ISSN={2365-9440}, url={https://educationaltechnologyjournal.springeropen.com/articles/10.1186/s41239-023-00411-8}, DOI={10.1186/s41239-023-00411-8},  number={1}, journal={International Journal of Educational Technology in Higher Education}, author={Chan, Cecilia Ka Yuk and Hu, Wenjie}, year={2023}, month=jul, pages={43}, language={en} }

@article{Hsu_Tan_Stantic_2024, title={A fine-tuned tourism-specific generative AI concept}, volume={104}, ISSN={01607383}, url={https://linkinghub.elsevier.com/retrieve/pii/S0160738323001962}, DOI={10.1016/j.annals.2023.103723}, journal={Annals of Tourism Research}, author={Hsu, Cathy H.C. and Tan, Guoxiong and Stantic, Bela}, year={2024}, month=jan, pages={103723}, language={en} }

@article{Creswell_Miller_2000, title={Determining Validity in Qualitative Inquiry}, volume={39}, ISSN={0040-5841, 1543-0421}, url={http://www.tandfonline.com/doi/abs/10.1207/s15430421tip3903_2}, DOI={10.1207/s15430421tip3903_2}, number={3}, journal={Theory Into Practice}, author={Creswell, John W. and Miller, Dana L.}, year={2000}, month=aug, pages={124–130}, language={en} }

@article{Wong_Fieseler_2021, title={From crafting what you do to building resilience for career commitment in the gig economy}, volume={31}, ISSN={0954-5395, 1748-8583}, url={https://onlinelibrary.wiley.com/doi/10.1111/1748-8583.12342}, DOI={10.1111/1748-8583.12342}, number={4}, journal={Human Resource Management Journal}, author={Wong, Sut I and Kost, Dominique and Fieseler, Christian}, year={2021}, month=nov, pages={918–935}, language={en} }

@article{Petrou2012, title={Crafting a job on a daily basis: Contextual correlates and the link to work engagement}, volume={33}, rights={http://onlinelibrary.wiley.com/termsAndConditions#vor}, ISSN={0894-3796, 1099-1379}, url={https://onlinelibrary.wiley.com/doi/10.1002/job.1783}, DOI={10.1002/job.1783}, number={8}, journal={Journal of Organizational Behavior}, author={Petrou, Paraskevas and Demerouti, Evangelia and Peeters, Maria C. W. and Schaufeli, Wilmar B. and Hetland, Jørn}, year={2012}, month=nov, pages={1120–1141}, language={en} }

@article{Gordon2018, title={Individual job redesign: Job crafting interventions in healthcare}, volume={104}, ISSN={00018791}, url={https://linkinghub.elsevier.com/retrieve/pii/S000187911730060X}, DOI={10.1016/j.jvb.2017.07.002}, journal={Journal of Vocational Behavior}, author={Gordon, Heather J. and Demerouti, Evangelia and Le Blanc, Pascale M. and Bakker, Arnold B. and Bipp, Tanja and Verhagen, Marc A.M.T.}, year={2018}, month=feb, pages={98–114}, language={en} }

@article{Berg2010, title={Perceiving and responding to challenges in job crafting at different ranks: When proactivity requires adaptivity}, volume={31}, rights={http://onlinelibrary.wiley.com/termsAndConditions#vor}, ISSN={0894-3796, 1099-1379}, url={https://onlinelibrary.wiley.com/doi/10.1002/job.645}, DOI={10.1002/job.645}, number={2–3}, journal={Journal of Organizational Behavior}, author={Berg, Justin M. and Wrzesniewski, Amy and Dutton, Jane E.}, year={2010}, month=feb, pages={158–186}, language={en} }

 @article{Anthony2023, title={“Collaborating” with ai: taking a system view to explore the future of work}, volume={34}, ISSN={1047-7039, 1526-5455}, url={https://pubsonline.informs.org/doi/10.1287/orsc.2022.1651}, DOI={10.1287/orsc.2022.1651}, number={5}, journal={Organization Science}, author={Anthony, Callen and Bechky, Beth A. and Fayard, Anne-Laure}, year={2023}, month=sep, pages={1672–1694}, language={en} }

@article{Kenny2020, title={Navigating the gender structure in information technology: How does this affect the experiences and behaviours of women?}, volume={73}, ISSN={0018-7267, 1741-282X}, url={https://journals.sagepub.com/doi/10.1177/0018726719828449}, DOI={10.1177/0018726719828449}, number={3}, journal={Human Relations}, author={Kenny, Etlyn J and Donnelly, Rory}, year={2020}, month=mar, pages={326–350}, language={en} }



 @article{Thomas2008, title={Methods for the thematic synthesis of qualitative research in systematic reviews}, volume={8}, rights={http://creativecommons.org/licenses/by/2.0}, ISSN={1471-2288}, url={https://bmcmedresmethodol.biomedcentral.com/articles/10.1186/1471-2288-8-45}, DOI={10.1186/1471-2288-8-45}, number={1}, journal={BMC Medical Research Methodology}, author={Thomas, James and Harden, Angela}, year={2008}, month=dec, pages={45}, language={en} }

@article{Thorne2004, title={Qualitative Metasynthesis: Reflections on Methodological Orientation and Ideological Agenda}, volume={14}, rights={https://journals.sagepub.com/page/policies/text-and-data-mining-license}, ISSN={1049-7323, 1552-7557}, url={https://journals.sagepub.com/doi/10.1177/1049732304269888}, DOI={10.1177/1049732304269888}, number={10}, journal={Qualitative Health Research}, author={Thorne, Sally and Jensen, Louise and Kearney, Margaret H. and Noblit, George and Sandelowski, Margarete}, year={2004}, month=dec, pages={1342–1365}, language={en} }

@article{Barnett2009, title={Methods for the synthesis of qualitative research: a critical review}, volume={9}, rights={http://creativecommons.org/licenses/by/2.0}, ISSN={1471-2288}, url={https://bmcmedresmethodol.biomedcentral.com/articles/10.1186/1471-2288-9-59}, DOI={10.1186/1471-2288-9-59}, number={1}, journal={BMC Medical Research Methodology}, author={Barnett-Page, Elaine and Thomas, James}, year={2009}, month=dec, pages={59}, language={en} }


@article{Timmermans_2012, title={Theory Construction in Qualitative Research: From Grounded Theory to Abductive Analysis}, volume={30}, ISSN={0735-2751, 1467-9558}, url={http://journals.sagepub.com/doi/10.1177/0735275112457914}, DOI={10.1177/0735275112457914},author={Timmermans, Stefan and Tavory, Iddo}, year={2012}, month=sep, pages={167–186}, language={en} }

@book{Hennink_2019, address={Thousand Oaks}, edition={2nd}, title={Qualitative research methods}, ISBN={9781473903913}, publisher={SAGE Publications Ltd}, author={Hennink, Monique and Hutter, Inge and Bailey, Ajay}, year={2019} }



@article{Wrzesniewski_2001, title={Crafting a Job: Revisioning Employees as Active Crafters of Their Work}, volume={26}, ISSN={03637425}, url={http://www.jstor.org/stable/259118?origin=crossref}, DOI={10.2307/259118}, number={2}, journal={The Academy of Management Review}, author={Wrzesniewski, Amy and Dutton, Jane E.}, year={2001}, month=apr, pages={179} }









@inproceedings{Suh2024, address={Newcastle upon Tyne United Kingdom}, title={Opportunities and Challenges for AI-Based Support for Speech-Language Pathologists}, ISBN={9798400710179}, url={https://dl.acm.org/doi/10.1145/3663384.3663387}, DOI={10.1145/3663384.3663387}, booktitle={Proceedings of the 3rd Annual Meeting of the Symposium on Human-Computer Interaction for Work}, publisher={ACM}, author={Suh, Hyewon and Dangol, Aayushi and Meadan, Hedda and Miller, Carol A. and Kientz, Julie A.}, year={2024}, month=jun, pages={1–14}, language={en} }







@article{Dergaa2023, title={From human writing to artificial intelligence generated text: examining the prospects and potential threats of ChatGPT in academic writing}, volume={40}, ISSN={0860-021X}, url={https://www.termedia.pl/doi/10.5114/biolsport.2023.125623}, DOI={10.5114/biolsport.2023.125623}, number={2}, journal={Biology of Sport}, author={Dergaa, Ismail and Chamari, Karim and Zmijewski, Piotr and Ben Saad, Helmi}, year={2023}, pages={615–622}}

 @article{Miyazaki2024, title={Public perception of generative AI on Twitter: an empirical study based on occupation and usage}, volume={13}, ISSN={2193-1127}, url={https://epjdatascience.springeropen.com/articles/10.1140/epjds/s13688-023-00445-y}, DOI={10.1140/epjds/s13688-023-00445-y}, number={1}, journal={EPJ Data Science}, author={Miyazaki, Kunihiro and Murayama, Taichi and Uchiba, Takayuki and An, Jisun and Kwak, Haewoon}, year={2024}, month=jan, pages={2}, language={en} }


@article{Eloundou_2023, title={GPTs are GPTs: An Early Look at the Labor Market Impact Potential of Large Language Models}, rights={Creative Commons Attribution Share Alike 4.0 International}, url={https://arxiv.org/abs/2303.10130}, DOI={10.48550/ARXIV.2303.10130},  author={Eloundou, Tyna and Manning, Sam and Mishkin, Pamela and Rock, Daniel}, year={2023} }

@article{Brynjolfsson2023, address={Cambridge, MA}, title={Generative AI at Work}, url={http://www.nber.org/papers/w31161.pdf}, DOI={10.3386/w31161}, number={w31161}, institution={National Bureau of Economic Research}, author={Brynjolfsson, Erik and Li, Danielle and Raymond, Lindsey}, year={2023}, month=apr, pages={w31161}, language={en} }



@book{Charmaz_2006, address={London}, series={Introducing Qualitative Methods Series}, title={Constructing grounded theory: a practical guide through qualitative analysis}, ISBN={9781446200407}, abstractNote={The author introduces the reader to the craft of using grounded theory in social research, and provides a clear, step-by-step guide for those new to the field.}, publisher={Sage Publications}, author={Charmaz, Kathy}, year={2006}, collection={Introducing Qualitative Methods Series}, language={eng} }

@article{Dell2023, title={Navigating the Jagged Technological Frontier: Field Experimental Evidence of the Effects of AI on Knowledge Worker Productivity and Quality}, ISSN={1556-5068}, url={https://www.ssrn.com/abstract=4573321}, DOI={10.2139/ssrn.4573321}, journal={SSRN Electronic Journal}, author={Dell’Acqua, Fabrizio and McFowland, Edward and Mollick, Ethan R. and Lifshitz-Assaf, Hila and Kellogg, Katherine and Rajendran, Saran and Krayer, Lisa and Candelon, François and Lakhani, Karim R.}, year={2023}, language={en} }

@online{Compass,
  author = {Hafeni Mthoko},
  title = {Compass Academy},
  year = 2023,
  url = {https://compass.acm.org/calls/shadow-pc-reviewing/},
  urldate = {2023-05-01}
}

@article{Lazazzara_2020, title={The process of reinventing a job: A meta–synthesis of qualitative job crafting research}, volume={116}, ISSN={00018791}, url={https://linkinghub.elsevier.com/retrieve/pii/S0001879119300016}, DOI={10.1016/j.jvb.2019.01.001}, journal={Journal of Vocational Behavior}, author={Lazazzara, Alessandra and Tims, Maria and De Gennaro, Davide}, year={2020}, month=feb, pages={103267}, language={en} }

@article{Creswell_Miller_2000, title={Determining Validity in Qualitative Inquiry}, volume={39}, ISSN={0040-5841, 1543-0421}, url={http://www.tandfonline.com/doi/abs/10.1207/s15430421tip3903_2}, DOI={10.1207/s15430421tip3903_2}, number={3}, journal={Theory Into Practice}, author={Creswell, John W. and Miller, Dana L.}, year={2000}, month=aug, pages={124–130}, language={en} }




@article{Dominguez2016, title={Why Individuals Participate in Micro-task Crowdsourcing Work Environment: Revealing Crowdworkers’ Perceptions}, volume={17}, ISSN={15369323}, url={http://aisel.aisnet.org/jais/vol17/iss10/3/}, DOI={10.17705/1jais.00441}, number={10}, journal={Journal of the Association for Information Systems}, author={California State University, Dominguez Hills and Deng, Xuefei and Joshi, K.D. and Washington State University}, year={2016}, month=nov, pages={648–673} }


@article{tims2010job,  title={Job crafting: Towards a new model of individual job redesign}, author={Tims, Maria and Bakker, Arnold B}, journal={SA Journal of Industrial Psychology}, volume={36}, number={2}, pages={1--9}, year={2010}, publisher={AOSIS}, DOI={10.4102/sajip.v36i2.841}}

 @article{Anthony2023, title={“Collaborating” with ai: taking a system view to explore the future of work}, volume={34}, ISSN={1047-7039, 1526-5455}, url={https://pubsonline.informs.org/doi/10.1287/orsc.2022.1651}, DOI={10.1287/orsc.2022.1651}, number={5}, journal={Organization Science}, author={Anthony, Callen and Bechky, Beth A. and Fayard, Anne-Laure}, year={2023}, month=sep, pages={1672–1694}, language={en} }

@inproceedings{Kobiella2024, address={New York, NY, USA}, series={CHI ’24}, title={“If the Machine Is As Good As Me, Then What Use Am I?” – How the Use of ChatGPT Changes Young Professionals’ Perception of Productivity and Accomplishment}, ISBN={9798400703300}, url={https://doi.org/10.1145/3613904.3641964}, DOI={10.1145/3613904.3641964}, booktitle={Proceedings of the CHI Conference on Human Factors in Computing Systems}, publisher={Association for Computing Machinery}, author={Kobiella, Charlotte and Flores López, Yarhy Said and Waltenberger, Franz and Draxler, Fiona and Schmidt, Albrecht}, year={2024}, month=may, pages={1–16}, collection={CHI ’24} }
@inproceedings{Palani24,
author = {Palani, Srishti and Ramos, Gonzalo},
title = {Evolving Roles and Workflows of Creative Practitioners in the Age of Generative AI},
year = {2024},
isbn = {9798400704857},
publisher = {Association for Computing Machinery},
address = {New York, NY, USA},
url = {https://doi.org/10.1145/3635636.3656190},
doi = {10.1145/3635636.3656190},
booktitle = {Proceedings of the 16th Conference on Creativity \& Cognition},
pages = {170–184},
numpages = {15},
keywords = {Creative Practitioners, Creativity, Generative AI},
location = {Chicago, IL, USA},
series = {C\&C '24}
}

@inproceedings{mim2024,
author = {Mim, Nusrat Jahan and Nandi, Dipannita and Khan, Sadaf Sumyia and Dey, Arundhuti and Ahmed, Syed Ishtiaque},
title = {In-Between Visuals and Visible: The Impacts of Text-to-Image Generative AI Tools on Digital Image-making Practices in the Global South},
year = {2024},
isbn = {9798400703300},
publisher = {Association for Computing Machinery},
address = {New York, NY, USA},
url = {https://doi.org/10.1145/3613904.3641951},
doi = {10.1145/3613904.3641951},
booktitle = {Proceedings of the CHI Conference on Human Factors in Computing Systems},
articleno = {474},
numpages = {18},
keywords = {Architecture, Art, Artificial Intelligence, Generative AI, Image, Urban Design},
location = {Honolulu, HI, USA},
series = {CHI '24}
}
@inproceedings{boucher2024,
author = {Boucher, Josiah D and Smith, Gillian and Telliel, Yunus Do\u{g}an},
title = {Is Resistance Futile?: Early Career Game Developers, Generative AI, and Ethical Skepticism},
year = {2024},
isbn = {9798400703300},
publisher = {Association for Computing Machinery},
address = {New York, NY, USA},
url = {https://doi.org/10.1145/3613904.3641889},
doi = {10.1145/3613904.3641889},
booktitle = {Proceedings of the CHI Conference on Human Factors in Computing Systems},
articleno = {173},
numpages = {13},
keywords = {Creativity Support, Future of GAI, Games/Play, Generative AI, Professional Communities, Programming/Development Support, Qualitative Methods},
location = {Honolulu, HI, USA},
series = {CHI '24}
}

@article{Noy_Zhang_2023, title={Experimental evidence on the productivity effects of generative artificial intelligence}, volume={381}, ISSN={0036-8075, 1095-9203}, url={https://www.science.org/doi/10.1126/science.adh2586}, DOI={10.1126/science.adh2586}, number={6654}, journal={Science}, author={Noy, Shakked and Zhang, Whitney}, year={2023}, month=jul, pages={187–192}, language={en} }

@article{Samuelson_2023, title={Generative AI meets copyright}, volume={381}, ISSN={0036-8075, 1095-9203}, url={https://www.science.org/doi/10.1126/science.adi0656}, DOI={10.1126/science.adi0656}, number={6654}, journal={Science}, author={Samuelson, Pamela}, year={2023}, month=jul, pages={158–161}, language={en} }

@article{Wach2023, title={The dark side of generative artificial intelligence: A critical analysis of controversies and risks of ChatGPT}, volume={11}, ISSN={23538821}, url={https://eber.uek.krakow.pl/index.php/eber/article/view/2113}, DOI={10.15678/EBER.2023.110201}, number={2}, journal={Entrepreneurial Business and Economics Review}, author={Wach, Krzysztof and Duong, Cong Doanh and Ejdys, Joanna and Kazlauskaitė, Rūta and Korzynski, Pawel and Mazurek, Grzegorz and Paliszkiewicz, Joanna and Ziemba, Ewa}, year={2023}, pages={7–30} }

@article{Epstein2023, title={Art and the science of generative AI}, volume={380}, ISSN={0036-8075, 1095-9203}, url={https://www.science.org/doi/10.1126/science.adh4451}, DOI={10.1126/science.adh4451}, number={6650}, journal={Science}, author={Epstein, Ziv and Hertzmann, Aaron and the Investigators of Human Creativity and Akten, Memo and Farid, Hany and Fjeld, Jessica and Frank, Morgan R. and Groh, Matthew and Herman, Laura and Leach, Neil and Mahari, Robert and Pentland, Alex ``Sandy''' and Russakovsky, Olga and Schroeder, Hope and Smith, Amy}, year={2023}, month=jun, pages={1110–1111}, language={en} }

@article{Walczak_2023, title={Challenges for higher education in the era of widespread access to generative AI}, volume={9}, rights={https://creativecommons.org/licenses/by/4.0}, ISSN={2450-0097, 2392-1641}, url={https://journals.ue.poznan.pl/ebr/article/view/743}, DOI={10.18559/ebr.2023.2.743}, number={2}, journal={Economics and Business Review}, author={Walczak, Krzysztof and Cellary, Wojciech}, year={2023}, month=jul }

@inproceedings{arakawa23,
author = {Arakawa, Riku and Yakura, Hiromu and Goto, Masataka},
title = {CatAlyst: Domain-Extensible Intervention for Preventing Task Procrastination Using Large Generative Models},
year = {2023},
isbn = {9781450394215},
publisher = {Association for Computing Machinery},
address = {New York, NY, USA},
url = {https://doi.org/10.1145/3544548.3581133},
doi = {10.1145/3544548.3581133},
booktitle = {Proceedings of the 2023 CHI Conference on Human Factors in Computing Systems},
articleno = {157},
numpages = {19},
keywords = {behavior change, large generative models, procrastination, task engagement},
location = {Hamburg, Germany},
series = {CHI '23}
}

@article{Kidd_Birhane_2023, title={How AI can distort human beliefs}, volume={380}, ISSN={0036-8075, 1095-9203}, url={https://www.science.org/doi/10.1126/science.adi0248}, DOI={10.1126/science.adi0248},  number={6651}, journal={Science}, author={Kidd, Celeste and Birhane, Abeba}, year={2023}, month=jun, pages={1222–1223}, language={en} }
 @article{Epstein_2022, title={When happy accidents spark creativity: Bringing collaborative speculation to life with generative AI}, rights={Creative Commons Attribution 4.0 International}, url={https://arxiv.org/abs/2206.00533}, DOI={10.48550/ARXIV.2206.00533},  author={Epstein, Ziv and Schroeder, Hope and Newman, Dava}, year={2022} }

@article{Al2024, title={Enhancing Work Productivity through Generative Artificial Intelligence: A Comprehensive Literature Review}, volume={16}, rights={https://creativecommons.org/licenses/by/4.0/}, ISSN={2071-1050}, url={https://www.mdpi.com/2071-1050/16/3/1166}, DOI={10.3390/su16031166}, number={3}, journal={Sustainability}, author={Al Naqbi, Humaid and Bahroun, Zied and Ahmed, Vian}, year={2024}, month=jan, pages={1166}, language={en} }

@article{Timmermans_2012, title={Theory Construction in Qualitative Research: From Grounded Theory to Abductive Analysis}, volume={30}, ISSN={0735-2751, 1467-9558}, url={http://journals.sagepub.com/doi/10.1177/0735275112457914}, DOI={10.1177/0735275112457914},author={Timmermans, Stefan and Tavory, Iddo}, year={2012}, month=sep, pages={167–186}, language={en} }

@book{Hennink_2019, address={Thousand Oaks}, edition={2nd}, title={Qualitative research methods}, ISBN={9781473903913}, publisher={SAGE Publications Ltd}, author={Hennink, Monique and Hutter, Inge and Bailey, Ajay}, year={2019} }

@article{Bruning_Campion_2018, title={A Role–resource Approach–avoidance Model of Job Crafting: A Multimethod Integration and Extension of Job Crafting Theory}, volume={61}, ISSN={0001-4273, 1948-0989}, url={http://journals.aom.org/doi/10.5465/amj.2015.0604}, DOI={10.5465/amj.2015.0604}, number={2}, journal={Academy of Management Journal}, author={Bruning, Patrick F. and Campion, Michael A.}, year={2018}, month=apr, pages={499–522}, language={en} }



@article{Tims_2012, title={Development and validation of the job crafting scale}, volume={80}, rights={https://www.elsevier.com/tdm/userlicense/1.0/}, ISSN={00018791}, url={https://linkinghub.elsevier.com/retrieve/pii/S0001879111000789}, DOI={10.1016/j.jvb.2011.05.009}, number={1}, journal={Journal of Vocational Behavior}, author={Tims, Maria and Bakker, Arnold B. and Derks, Daantje}, year={2012}, month=feb, pages={173–186}, language={en} }

@article{zhang_2019, title={Reorienting job crafting research: A hierarchical structure of job crafting concepts and integrative review}, volume={40}, ISSN={0894-3796, 1099-1379}, url={https://onlinelibrary.wiley.com/doi/10.1002/job.2332}, DOI={10.1002/job.2332}, number={2}, journal={Journal of Organizational Behavior}, author={Zhang, Fangfang and Parker, Sharon K.}, year={2019}, month=feb, pages={126–146}, language={en} }

@article{Kossek2016, title={Filling the Holes: Work Schedulers As Job Crafters of Employment Practice in Long-Term Health Care}, volume={69}, ISSN={0019-7939, 2162-271X}, url={http://journals.sagepub.com/doi/10.1177/0019793916642761}, DOI={10.1177/0019793916642761}, number={4}, journal={ILR Review}, author={Kossek, Ellen Ernst and Piszczek, Matthew M. and McAlpine, Kristie L. and Hammer, Leslie B. and Burke, Lisa}, year={2016}, month=aug, pages={961–990}, language={en} }

@article{Gascoigne2018, title={The transition to part-time: How professionals negotiate ‘reduced time and workload’ i-deals and craft their jobs}, volume={71}, ISSN={0018-7267, 1741-282X}, url={http://journals.sagepub.com/doi/10.1177/0018726717722394}, DOI={10.1177/0018726717722394}, number={1}, journal={Human Relations}, author={Gascoigne, Charlotte and Kelliher, Clare}, year={2018}, month=jan, pages={103–125}, language={en} }

@inproceedings{Suh2024, address={Newcastle upon Tyne United Kingdom}, title={Opportunities and Challenges for AI-Based Support for Speech-Language Pathologists}, ISBN={9798400710179}, url={https://dl.acm.org/doi/10.1145/3663384.3663387}, DOI={10.1145/3663384.3663387}, booktitle={Proceedings of the 3rd Annual Meeting of the Symposium on Human-Computer Interaction for Work}, publisher={ACM}, author={Suh, Hyewon and Dangol, Aayushi and Meadan, Hedda and Miller, Carol A. and Kientz, Julie A.}, year={2024}, month=jun, pages={1–14}, language={en} }


@article{Bizzi_2017, title={Network characteristics: When an individual’s job crafting depends on the jobs of others}, volume={70}, ISSN={0018-7267, 1741-282X}, url={http://journals.sagepub.com/doi/10.1177/0018726716658963}, DOI={10.1177/0018726716658963},  number={4}, journal={Human Relations}, author={Bizzi, Lorenzo}, year={2017}, month=apr, pages={436–460}, language={en} }
@article{Gravador2018, title={Work-life balance crafting behaviors: an empirical study}, volume={47}, rights={https://www.emerald.com/insight/site-policies}, ISSN={0048-3486}, url={https://www.emerald.com/insight/content/doi/10.1108/PR-05-2016-0112/full/html}, DOI={10.1108/PR-05-2016-0112}, number={4}, journal={Personnel Review}, author={Gravador, Luz Nario and Teng-Calleja, Mendiola}, year={2018}, month=may, pages={786–804}, language={en} }

@article{Bruning2019, title={Exploring job crafting: Diagnosing and responding to the ways employees adjust their jobs}, volume={62}, ISSN={00076813}, url={https://linkinghub.elsevier.com/retrieve/pii/S0007681319300734}, DOI={10.1016/j.bushor.2019.05.003}, number={5}, journal={Business Horizons}, author={Bruning, Patrick F. and Campion, Michael A.}, year={2019}, month=sep, pages={625–635}, language={en} }

@article{Fuller2017, title={Job Crafting and Identity in Low-Grade Work: How Hospital Porters Redefine the Value of their Work and Expertise}, volume={10}, ISSN={1874-785X, 1874-7868}, url={http://link.springer.com/10.1007/s12186-017-9173-z}, DOI={10.1007/s12186-017-9173-z}, number={3}, journal={Vocations and Learning}, author={Fuller, Alison and Unwin, Lorna}, year={2017}, month=oct, pages={307–324}, language={en} }


@article{Blustein2023, title={Understanding Decent Work and Meaningful Work}, volume={10}, rights={http://creativecommons.org/licenses/by/4.0/}, ISSN={2327-0608, 2327-0616}, url={https://www.annualreviews.org/doi/10.1146/annurev-orgpsych-031921-024847}, DOI={10.1146/annurev-orgpsych-031921-024847},number={1}, journal={Annual Review of Organizational Psychology and Organizational Behavior}, author={Blustein, David L. and Lysova, Evgenia I. and Duffy, Ryan D.}, year={2023}, month=jan, pages={289–314}, language={en} }


@book{Miles2020, address={Los Angeles London New Delhi Singapore Washington DC Melbourne}, edition={Fourth edition}, title={Qualitative data analysis: a methods sourcebook}, ISBN={9781506353067}, publisher={SAGE}, author={Miles, Matthew B. and Huberman, A. Michael and Saldaña, Johnny}, year={2020}, language={eng} }

@article{Dergaa2023, title={From human writing to artificial intelligence generated text: examining the prospects and potential threats of ChatGPT in academic writing}, volume={40}, ISSN={0860-021X}, url={https://www.termedia.pl/doi/10.5114/biolsport.2023.125623}, DOI={10.5114/biolsport.2023.125623}, number={2}, journal={Biology of Sport}, author={Dergaa, Ismail and Chamari, Karim and Zmijewski, Piotr and Ben Saad, Helmi}, year={2023}, pages={615–622}}

@inproceedings{Hoque2024,
author = {Hoque, Md Naimul and Mashiat, Tasfia and Ghai, Bhavya and Shelton, Cecilia D. and Chevalier, Fanny and Kraus, Kari and Elmqvist, Niklas},
title = {The HaLLMark Effect: Supporting Provenance and Transparent Use of Large Language Models in Writing with Interactive Visualization},
year = {2024},
isbn = {9798400703300},
publisher = {Association for Computing Machinery},
address = {New York, NY, USA},
url = {https://doi.org/10.1145/3613904.3641895},
doi = {10.1145/3613904.3641895},
booktitle = {Proceedings of the CHI Conference on Human Factors in Computing Systems},
articleno = {1045},
numpages = {15},
keywords = {Creative writing, LLMs, agency, co-writing, visualization.},
location = {Honolulu, HI, USA},
series = {CHI '24}
}
@inproceedings{Reza2024,
author = {Reza, Mohi and Laundry, Nathan M and Musabirov, Ilya and Dushniku, Peter and Yu, Zhi Yuan “Michael” and Mittal, Kashish and Grossman, Tovi and Liut, Michael and Kuzminykh, Anastasia and Williams, Joseph Jay},
title = {ABScribe: Rapid Exploration \& Organization of Multiple Writing Variations in Human-AI Co-Writing Tasks using Large Language Models},
year = {2024},
isbn = {9798400703300},
publisher = {Association for Computing Machinery},
address = {New York, NY, USA},
url = {https://doi-org.proxy.library.cornell.edu/10.1145/3613904.3641899},
doi = {10.1145/3613904.3641899},
booktitle = {Proceedings of the CHI Conference on Human Factors in Computing Systems},
articleno = {1042},
numpages = {18},
keywords = {datasets, gaze detection, neural networks, text tagging},
location = {Honolulu, HI, USA},
series = {CHI '24}
}

@inproceedings{Benharrak2024,
author = {Benharrak, Karim and Zindulka, Tim and Lehmann, Florian and Heuer, Hendrik and Buschek, Daniel},
title = {Writer-Defined AI Personas for On-Demand Feedback Generation},
year = {2024},
isbn = {9798400703300},
publisher = {Association for Computing Machinery},
address = {New York, NY, USA},
url = {https://doi.org/10.1145/3613904.3642406},
doi = {10.1145/3613904.3642406},
booktitle = {Proceedings of the CHI Conference on Human Factors in Computing Systems},
articleno = {1049},
numpages = {18},
keywords = {Human-AI interaction, Large language models, Personas, Text feedback, Writing assistance},
location = {Honolulu, HI, USA},
series = {CHI '24}
}

@article{Panteli2022, title={Job crafting for female contractors in a male‐dominated profession}, volume={37}, ISSN={0268-1072, 1468-005X}, url={https://onlinelibrary.wiley.com/doi/10.1111/ntwe.12210}, DOI={10.1111/ntwe.12210}, author={Panteli, Niki and Urquhart, Cathy}, year={2022}, month=mar, pages={102–123}, language={en} }





@article{Felten2023, title={Occupational Heterogeneity in Exposure to Generative AI}, ISSN={1556-5068}, url={https://www.ssrn.com/abstract=4414065}, DOI={10.2139/ssrn.4414065}, journal={SSRN Electronic Journal}, author={Felten, Edward W. and Raj, Manav and Seamans, Robert}, year={2023}, language={en} }

@book{Charmaz_2006, address={London}, series={Introducing Qualitative Methods Series}, title={Constructing grounded theory: a practical guide through qualitative analysis}, ISBN={9781446200407}, abstractNote={The author introduces the reader to the craft of using grounded theory in social research, and provides a clear, step-by-step guide for those new to the field.}, publisher={Sage Publications}, author={Charmaz, Kathy}, year={2006}, collection={Introducing Qualitative Methods Series}, language={eng} }



@inproceedings{wang24,
author = {Wang, Sitong and Menon, Samia and Long, Tao and Henderson, Keren and Li, Dingzeyu and Crowston, Kevin and Hansen, Mark and Nickerson, Jeffrey V and Chilton, Lydia B},
title = {ReelFramer: Human-AI Co-Creation for News-to-Video Translation},
year = {2024},
isbn = {9798400703300},
publisher = {Association for Computing Machinery},
address = {New York, NY, USA},
url = {https://doi.org/10.1145/3613904.3642868},
doi = {10.1145/3613904.3642868},
booktitle = {Proceedings of the CHI Conference on Human Factors in Computing Systems},
articleno = {169},
numpages = {20},
keywords = {creativity support tools, generative AI, narratives, scriptwriting, short videos, storyboarding},
location = {Honolulu, HI, USA},
series = {CHI '24}
}

@inproceedings{kim2024,
author = {Kim, Taewook and Han, Hyomin and Adar, Eytan and Kay, Matthew and Chung, John Joon Young},
title = {Authors' Values and Attitudes Towards AI-bridged Scalable Personalization of Creative Language Arts},
year = {2024},
isbn = {9798400703300},
publisher = {Association for Computing Machinery},
address = {New York, NY, USA},
url = {https://doi.org/10.1145/3613904.3642529},
doi = {10.1145/3613904.3642529},
booktitle = {Proceedings of the CHI Conference on Human Factors in Computing Systems},
articleno = {31},
numpages = {16},
keywords = {Authorial control, Creative language arts, Creative writing, Generative AI, Large language models, Scalable personalization},
location = {Honolulu, HI, USA},
series = {CHI '24}
}

@inproceedings{dourish2004,
author = {Dourish, Paul and Finlay, Janet and Sengers, Phoebe and Wright, Peter},
title = {Reflective HCI: towards a critical technical practice},
year = {2004},
isbn = {1581137036},
publisher = {Association for Computing Machinery},
address = {New York, NY, USA},
url = {https://doi.org/10.1145/985921.986203},
doi = {10.1145/985921.986203},
booktitle = {CHI '04 Extended Abstracts on Human Factors in Computing Systems},
pages = {1727–1728},
numpages = {2},
keywords = {humanities, cultural studies, critical technical practice, arts},
location = {Vienna, Austria},
series = {CHI EA '04}
}
@inproceedings{kadoma2024,
author = {Kadoma, Kowe and Aubin Le Quere, Marianne and Fu, Xiyu Jenny and Munsch, Christin and Metaxa, Dana\"{e} and Naaman, Mor},
title = {The Role of Inclusion, Control, and Ownership in Workplace AI-Mediated Communication},
year = {2024},
isbn = {9798400703300},
publisher = {Association for Computing Machinery},
address = {New York, NY, USA},
url = {https://doi.org/10.1145/3613904.3642650},
doi = {10.1145/3613904.3642650},
booktitle = {Proceedings of the CHI Conference on Human Factors in Computing Systems},
articleno = {1016},
numpages = {10},
keywords = {Co-writing, autocomplete, large language models},
location = {Honolulu, HI, USA},
series = {CHI '24}
}
@inproceedings{mirowski2023,
author = {Mirowski, Piotr and Mathewson, Kory W. and Pittman, Jaylen and Evans, Richard},
title = {Co-Writing Screenplays and Theatre Scripts with Language Models: Evaluation by Industry Professionals},
year = {2023},
isbn = {9781450394215},
publisher = {Association for Computing Machinery},
address = {New York, NY, USA},
url = {https://doi.org/10.1145/3544548.3581225},
doi = {10.1145/3544548.3581225},
booktitle = {Proceedings of the 2023 CHI Conference on Human Factors in Computing Systems},
articleno = {355},
numpages = {34},
keywords = {co-creativity, computational creativity, human-computer interaction, improvisation, natural language evaluation, natural language generation, theatre},
location = {Hamburg, Germany},
series = {CHI '23}
}

@inproceedings{Li2024, address={Honolulu HI USA}, title={The Value, Benefits, and Concerns of Generative AI-Powered Assistance in Writing}, ISBN={9798400703300}, url={https://dl.acm.org/doi/10.1145/3613904.3642625}, DOI={10.1145/3613904.3642625}, booktitle={Proceedings of the CHI Conference on Human Factors in Computing Systems}, publisher={ACM}, author={Li, Zhuoyan and Liang, Chen and Peng, Jing and Yin, Ming}, year={2024}, month=may, pages={1–25}, language={en} }

@inproceedings{chung22,
author = {Chung, John Joon Young and Kim, Wooseok and Yoo, Kang Min and Lee, Hwaran and Adar, Eytan and Chang, Minsuk},
title = {TaleBrush: Sketching Stories with Generative Pretrained Language Models},
year = {2022},
isbn = {9781450391573},
publisher = {Association for Computing Machinery},
address = {New York, NY, USA},
url = {https://doi.org/10.1145/3491102.3501819},
doi = {10.1145/3491102.3501819},
booktitle = {Proceedings of the 2022 CHI Conference on Human Factors in Computing Systems},
articleno = {209},
numpages = {19},
keywords = {story writing, story generation, sketching, creativity support tool, controlled generation},
location = {New Orleans, LA, USA},
series = {CHI '22}
}

@inproceedings{1,
author = {Wolfe, Robert and Mitra, Tanushree},
title = {The Impact and Opportunities of Generative AI in Fact-Checking},
year = {2024},
isbn = {9798400704505},
publisher = {Association for Computing Machinery},
address = {New York, NY, USA},
url = {https://doi.org/10.1145/3630106.3658987},
doi = {10.1145/3630106.3658987},
booktitle = {Proceedings of the 2024 ACM Conference on Fairness, Accountability, and Transparency},
pages = {1531–1543},
numpages = {13},
keywords = {Design, Fact-Checking, Generative AI, Sociotechnical Infrastructure, Transparency},
location = {Rio de Janeiro, Brazil},
series = {FAccT '24}
}

@inproceedings{2,
author = {Li, Jie and Cao, Hancheng and Lin, Laura and Hou, Youyang and Zhu, Ruihao and El Ali, Abdallah},
title = {User Experience Design Professionals’ Perceptions of Generative Artificial Intelligence},
year = {2024},
isbn = {9798400703300},
publisher = {Association for Computing Machinery},
address = {New York, NY, USA},
url = {https://doi.org/10.1145/3613904.3642114},
doi = {10.1145/3613904.3642114},
booktitle = {Proceedings of the CHI Conference on Human Factors in Computing Systems},
articleno = {381},
numpages = {18},
keywords = {Generative AI, Human-AI Collaboration, Responsible AI, UX Designers, User Experience},
location = {Honolulu, HI, USA},
series = {CHI '24}
}

@inproceedings{3,
author = {Kobiella, Charlotte and Flores L\'{o}pez, Yarhy Said and Waltenberger, Franz and Draxler, Fiona and Schmidt, Albrecht},
title = {"If the Machine Is As Good As Me, Then What Use Am I?" – How the Use of ChatGPT Changes Young Professionals' Perception of Productivity and Accomplishment},
year = {2024},
isbn = {9798400703300},
publisher = {Association for Computing Machinery},
address = {New York, NY, USA},
url = {https://doi.org/10.1145/3613904.3641964},
doi = {10.1145/3613904.3641964},
booktitle = {Proceedings of the 2024 CHI Conference on Human Factors in Computing Systems},
articleno = {1018},
numpages = {16},
keywords = {Generative AI, knowledge work, productivity, self-efficacy, sense of accomplishment},
location = {Honolulu, HI, USA},
series = {CHI '24}
}

@inproceedings{4,
author = {Davila, Nicole and Wiese, Igor and Steinmacher, Igor and Lucio da Silva, Lucas and Kawamoto, Andre and Favaro, Gilson Jose Peres and Nunes, Ingrid},
title = {An Industry Case Study on Adoption of AI-based Programming Assistants},
year = {2024},
isbn = {9798400705014},
publisher = {Association for Computing Machinery},
address = {New York, NY, USA},
url = {https://doi.org/10.1145/3639477.3643648},
doi = {10.1145/3639477.3643648},
booktitle = {Proceedings of the 46th International Conference on Software Engineering: Software Engineering in Practice},
pages = {92–102},
numpages = {11},
keywords = {artificial intelligence, generative AI, ChatGPT, industry case study, software development},
location = {Lisbon, Portugal},
series = {ICSE-SEIP '24}
}

@inproceedings{5,
  title={Understanding the benefits and challenges of deploying conversational AI leveraging large language models for public health intervention},
  author={Jo, Eunkyung and Epstein, Daniel A and Jung, Hyunhoon and Kim, Young-Ho},
  booktitle={Proceedings of the 2023 CHI Conference on Human Factors in Computing Systems},
  pages={1--16},
  year={2023}
}

@inproceedings{6,
author = {Palani, Srishti and Ramos, Gonzalo},
title = {Evolving Roles and Workflows of Creative Practitioners in the Age of Generative AI},
year = {2024},
isbn = {9798400704857},
publisher = {Association for Computing Machinery},
address = {New York, NY, USA},
url = {https://doi.org/10.1145/3635636.3656190},
doi = {10.1145/3635636.3656190},
booktitle = {Proceedings of the 16th Conference on Creativity \& Cognition},
pages = {170–184},
numpages = {15},
keywords = {Creative Practitioners, Creativity, Generative AI},
location = {Chicago, IL, USA},
series = {C\&C '24}
}

@inproceedings{7,
author = {Suh, Hyewon and Dangol, Aayushi and Meadan, Hedda and Miller, Carol A. and Kientz, Julie A.},
title = {Opportunities and Challenges for AI-Based Support for Speech-Language Pathologists},
year = {2024},
isbn = {9798400710179},
publisher = {Association for Computing Machinery},
address = {New York, NY, USA},
url = {https://doi.org/10.1145/3663384.3663387},
doi = {10.1145/3663384.3663387},
booktitle = {Proceedings of the 3rd Annual Meeting of the Symposium on Human-Computer Interaction for Work},
articleno = {14},
numpages = {14},
keywords = {AI prototyping, Human-centered design, Natural language processing, Speech and language difficulties},
location = {Newcastle upon Tyne, United Kingdom},
series = {CHIWORK '24}
}

@inproceedings{8,
author = {Coutinho, Mariana and Marques, Lorena and Santos, Anderson and Dahia, Marcio and Fran\c{c}a, Cesar and de Souza Santos, Ronnie},
title = {The Role of Generative AI in Software Development Productivity: A Pilot Case Study},
year = {2024},
isbn = {9798400706851},
publisher = {Association for Computing Machinery},
address = {New York, NY, USA},
url = {https://doi.org/10.1145/3664646.3664773},
doi = {10.1145/3664646.3664773},
booktitle = {Proceedings of the 1st ACM International Conference on AI-Powered Software},
pages = {131–138},
numpages = {8},
keywords = {LLMs, generative AI, productivity, software engineering},
location = {Porto de Galinhas, Brazil},
series = {AIware 2024}
}

@article{9,
author = {Vimpari, Veera and Kultima, Annakaisa and H\"{a}m\"{a}l\"{a}inen, Perttu and Guckelsberger, Christian},
title = {“An Adapt-or-Die Type of Situation”: Perception, Adoption, and Use of Text-to-Image-Generation AI by Game Industry Professionals},
year = {2023},
issue_date = {November 2023},
publisher = {Association for Computing Machinery},
address = {New York, NY, USA},
volume = {7},
number = {CHI PLAY},
url = {https://doi.org/10.1145/3611025},
doi = {10.1145/3611025},
journal = {Proc. ACM Hum.-Comput. Interact.},
month = {oct},
articleno = {379},
numpages = {34},
keywords = {Adoption of Technology, Artificial Intelligence, Attitudes toward Technology, Field Study, Generative Model, Interview Study, Professional Creatives, Sustainability, Text-To-Image Generation, Thematic Analysis, Use of Technology, Videogame Industry}
}

@inproceedings{10,
author = {Takaffoli, Macy and Li, Sijia and M\"{a}kel\"{a}, Ville},
title = {Generative AI in User Experience Design and Research: How Do UX Practitioners, Teams, and Companies Use GenAI in Industry?},
year = {2024},
isbn = {9798400705830},
publisher = {Association for Computing Machinery},
address = {New York, NY, USA},
url = {https://doi.org/10.1145/3643834.3660720},
doi = {10.1145/3643834.3660720},
booktitle = {Proceedings of the 2024 ACM Designing Interactive Systems Conference},
pages = {1579–1593},
numpages = {15},
keywords = {Company Policies, GenAI, Generative Artificial Intelligence, Human-AI Collaboration, Industry Practices, Interaction Design, User Experience Design, User Experience Research},
location = {Copenhagen, Denmark},
series = {DIS '24}
}

@inproceedings{11,
  title={Chatting with AI: Deciphering Developer Conversations with ChatGPT},
  author={Mohamed, Suad and Parvin, Abdullah and Parra, Esteban},
  booktitle={2024 IEEE/ACM 21st International Conference on Mining Software Repositories (MSR)},
  pages={187--191},
  year={2024},
  organization={IEEE}
}
@inproceedings{12,
author = {Tanzil, Minaoar Hossain and Khan, Junaed Younus and Uddin, Gias},
title = {ChatGPT Incorrectness Detection in Software Reviews},
year = {2024},
isbn = {9798400702174},
publisher = {Association for Computing Machinery},
address = {New York, NY, USA},
url = {https://doi.org/10.1145/3597503.3639194},
doi = {10.1145/3597503.3639194},
booktitle = {Proceedings of the IEEE/ACM 46th International Conference on Software Engineering},
articleno = {180},
numpages = {12},
keywords = {large language model, chatGPT, hallucination, testing},
location = {Lisbon, Portugal},
series = {ICSE '24}
}
@inproceedings{13,
author = {Shakib Kotamjani, Sedigheh and Shirinova, Sojida and Fahimirad, Mehrnaz},
title = {Lecturers perceptions of using Artificial Intelligence in Tertiary Education in Uzbekistan},
year = {2024},
isbn = {9798400709036},
publisher = {Association for Computing Machinery},
address = {New York, NY, USA},
url = {https://doi.org/10.1145/3644713.3644797},
doi = {10.1145/3644713.3644797},
booktitle = {Proceedings of the 7th International Conference on Future Networks and Distributed Systems},
pages = {570–578},
numpages = {9},
location = {Dubai, United Arab Emirates},
series = {ICFNDS '23}
}
@inproceedings{14,
author = {Mim, Nusrat Jahan and Nandi, Dipannita and Khan, Sadaf Sumyia and Dey, Arundhuti and Ahmed, Syed Ishtiaque},
title = {In-Between Visuals and Visible: The Impacts of Text-to-Image Generative AI Tools on Digital Image-making Practices in the Global South},
year = {2024},
isbn = {9798400703300},
publisher = {Association for Computing Machinery},
address = {New York, NY, USA},
url = {https://doi.org/10.1145/3613904.3641951},
doi = {10.1145/3613904.3641951},
booktitle = {Proceedings of the 2024 CHI Conference on Human Factors in Computing Systems},
articleno = {474},
numpages = {18},
keywords = {Architecture, Art, Artificial Intelligence, Generative AI, Image, Urban Design},
location = {Honolulu, HI, USA},
series = {CHI '24}
}

@inproceedings{15,
author = {Dolata, Mateusz and Lange, Norbert and Schwabe, Gerhard},
title = {Development in times of hype: How freelancers explore Generative AI?},
year = {2024},
isbn = {9798400702174},
publisher = {Association for Computing Machinery},
address = {New York, NY, USA},
url = {https://doi.org/10.1145/3597503.3639111},
doi = {10.1145/3597503.3639111},
booktitle = {Proceedings of the IEEE/ACM 46th International Conference on Software Engineering},
articleno = {183},
numpages = {13},
keywords = {generative AI, AI-based systems, challenges, freelancers, hype, SE for generative AI, SE4GenAI, hype-induced SE, hype-SE, fashion, product, paradigm, novelty, qualitative research},
location = {Lisbon, Portugal},
series = {ICSE '24}
}

  
@inproceedings{16,
author = {Mendes, Wendy and Souza, Samara and De Souza, Cleidson},
title = {"You're on a bicycle with a little motor": Benefits and Challenges of Using AI Code Assistants},
year = {2024},
isbn = {9798400705335},
publisher = {Association for Computing Machinery},
address = {New York, NY, USA},
url = {https://doi.org/10.1145/3641822.3641882},
doi = {10.1145/3641822.3641882},
booktitle = {Proceedings of the 2024 IEEE/ACM 17th International Conference on Cooperative and Human Aspects of Software Engineering},
pages = {144–152},
numpages = {9},
keywords = {AI code assistants, developer experiences, code generation},
location = {Lisbon, Portugal},
series = {CHASE '24}
}

  

@article{17,
author = {Xiao, Tao and Hata, Hideaki and Treude, Christoph and Matsumoto, Kenichi},
title = {Generative AI for Pull Request Descriptions: Adoption, Impact, and Developer Interventions},
year = {2024},
issue_date = {July 2024},
publisher = {Association for Computing Machinery},
address = {New York, NY, USA},
volume = {1},
number = {FSE},
url = {https://doi.org/10.1145/3643773},
doi = {10.1145/3643773},
journal = {Proc. ACM Softw. Eng.},
month = {jul},
articleno = {47},
numpages = {23},
keywords = {Copilot, Generative AI, GitHub, Pull Requests}
}

  @inproceedings{18,
author = {Uusitalo, Severi and Salovaara, Antti and Jokela, Tero and Salmimaa, Marja},
title = {”Clay to Play With”: Generative AI Tools in UX and Industrial Design Practice},
year = {2024},
isbn = {9798400705830},
publisher = {Association for Computing Machinery},
address = {New York, NY, USA},
url = {https://doi.org/10.1145/3643834.3661624},
doi = {10.1145/3643834.3661624},
booktitle = {Proceedings of the 2024 ACM Designing Interactive Systems Conference},
pages = {1566–1578},
numpages = {13},
keywords = {UX design, coping model of user adaptation, design, generative AI, industrial design, metacognition},
location = {Copenhagen, Denmark},
series = {DIS '24}
}

  
@inproceedings{19,
author = {Chavan, Omkar Sandip and Hinge, Divya Dilip and Deo, Soham Sanjay and Wang, Yaxuan (Olivia) and Mkaouer, Mohamed Wiem},
title = {Analyzing Developer-ChatGPT Conversations for Software Refactoring: An Exploratory Study},
year = {2024},
isbn = {9798400705878},
publisher = {Association for Computing Machinery},
address = {New York, NY, USA},
url = {https://doi.org/10.1145/3643991.3645082},
doi = {10.1145/3643991.3645082},
booktitle = {Proceedings of the 21st International Conference on Mining Software Repositories},
pages = {207–211},
numpages = {5},
keywords = {refactoring documentation, ChatGPT, mining software repositories},
location = {Lisbon, Portugal},
series = {MSR '24}
}

@inproceedings{20,
author = {Sanchez, T\'{e}o},
title = {Examining the Text-to-Image Community of Practice: Why and How do People Prompt Generative AIs?},
year = {2023},
isbn = {9798400701801},
publisher = {Association for Computing Machinery},
address = {New York, NY, USA},
url = {https://doi.org/10.1145/3591196.3593051},
doi = {10.1145/3591196.3593051},
booktitle = {Proceedings of the 15th Conference on Creativity and Cognition},
pages = {43–61},
numpages = {19},
keywords = {community of practice, text-to-image generation},
location = {Virtual Event, USA},
series = {C\&C '23}
}


@inproceedings{21,
author = {Asadi, Amir Reza},
title = {LLMs in Design Thinking: Autoethnographic Insights and Design Implications},
year = {2023},
isbn = {9798400708053},
publisher = {Association for Computing Machinery},
address = {New York, NY, USA},
url = {https://doi.org/10.1145/3631991.3631999},
doi = {10.1145/3631991.3631999},
booktitle = {Proceedings of the 2023 5th World Symposium on Software Engineering},
pages = {55–60},
numpages = {6},
keywords = {Autoethnography, Design Thinking, LLMs, User Experience Research},
location = {Tokyo, Japan},
series = {WSSE '23}
}

@inproceedings{22,
author = {Boucher, Josiah D and Smith, Gillian and Telliel, Yunus Do\u{g}an},
title = {Is Resistance Futile?: Early Career Game Developers, Generative AI, and Ethical Skepticism},
year = {2024},
isbn = {9798400703300},
publisher = {Association for Computing Machinery},
address = {New York, NY, USA},
url = {https://doi.org/10.1145/3613904.3641889},
doi = {10.1145/3613904.3641889},
booktitle = {Proceedings of the 2024 CHI Conference on Human Factors in Computing Systems},
articleno = {173},
numpages = {13},
keywords = {Creativity Support, Future of GAI, Games/Play, Generative AI, Professional Communities, Programming/Development Support, Qualitative Methods},
location = {Honolulu, HI, USA},
series = {CHI '24}
}

@inproceedings{23,
author = {Siddiq, Mohammed Latif and Roney, Lindsay and Zhang, Jiahao and Santos, Joanna Cecilia Da Silva},
title = {Quality Assessment of ChatGPT Generated Code and their Use by Developers},
year = {2024},
isbn = {9798400705878},
publisher = {Association for Computing Machinery},
address = {New York, NY, USA},
url = {https://doi.org/10.1145/3643991.3645071},
doi = {10.1145/3643991.3645071},
booktitle = {Proceedings of the 21st International Conference on Mining Software Repositories},
pages = {152–156},
numpages = {5},
keywords = {datasets, ChatGPT, security, quality, pull-request, open-coding},
location = {Lisbon, Portugal},
series = {MSR '24}
}

  


  


  


  


  





