@article{bengio2003neural,
    title   = {A neural probabilistic language model},
    author  = {Bengio, Yoshua and Ducharme, R{\'e}jean and Vincent, Pascal and Jauvin, Christian},
    journal = {Journal of Machine Learning Research},
    volume  = {3},
    pages   = {1137--1155},
    year    = {2003}
}

@article{dawid1982well,
    title   = {The Well-Calibrated Bayesian},
    author  = {Dawid, A. Philip},
    journal = {Journal of the American Statistical Association},
    volume  = {77},
    number  = {379},
    pages   = {605--610},
    year    = {1982}
}

@article{feldman2020does,
    title   = {Does Learning Require Memorization? A Short Tale about a Long Tail},
    author  = {Feldman, Vitaly},
    journal = {arXiv preprint arXiv:1906.05271},
    year    = {2020}
}

@article{gekhman2024does,
    title   = {Does Fine-Tuning LLMs on New Knowledge Encourage Hallucinations?},
    author  = {Gekhman, Zorik and Yona, Gal and Aharoni, Roee and Eyal, Matan and Feder, Amir and Reichart, Roi and Herzig, Jonathan},
    journal = {arXiv preprint arXiv:2402.04333},
    year    = {2024}
}

@inproceedings{guo2017calibration,
    title     = {On Calibration of Modern Neural Networks},
    author    = {Guo, Chuan and Pleiss, Geoff and Sun, Yu and Weinberger, Kilian Q.},
    booktitle = {Proceedings of the 34th International Conference on Machine Learning (ICML)},
    year      = {2017}
}

@misc{imdb2024datasets,
    title  = {{IMDb} Non-Commercial Datasets},
    author = {{IMDb}},
    year   = {2024},
    note   = {Accessed: 2024}
}

@article{ji2023survey,
    title   = {A Survey of Hallucination in Natural Language Generation},
    author  = {
      Ji, Ziwei and
      Hudson, Drew A. and
      Gao, Qiaozi and
      Pathak, Eshaan and
      Lin, Gray G. and
      Lu, Pan and 
      Karthik, Sriramkalyan and
      Wu, Tongshuang and
      Liu, Lijuan and
      Wu, Dekun and
      Yang, Diyi and
      Bansal, Mohit
    },
    journal = {arXiv preprint arXiv:2202.03629},
    year    = {2023}
}

@book{jurafsky2000speech,
    title     = {Speech and Language Processing: An Introduction to Natural Language Processing, Computational Linguistics, and Speech Recognition},
    author    = {Jurafsky, Daniel and Martin, James H},
    year      = {2000},
    publisher = {Prentice Hall},
    address   = {Upper Saddle River, NJ}
}


@inproceedings{kalai2024calibrated,
  title     = {Calibrated Language Models Must Hallucinate},
  author    = {Kalai, Adam Tauman and Vempala, Santosh S.},
  booktitle = {Proceedings of the 56th Annual {ACM} Symposium on Theory of Computing (STOC)},
  year      = {2024}
}


@article{kang2023unfamiliar,
    title   = {Unfamiliar Finetuning Examples Control How Language Models Hallucinate},
    author  = {Kang, Katie and Wallace, Eric and Tomlin, Claire and Kumar, Aviral and Levine, Sergey},
    journal = {arXiv preprint arXiv:2310.01848},
    year    = {2023}
}

@article{lee2021deduplicating,
  title   = {Deduplicating Training Data Makes Language Models Better},
  author  = {Lee, Katherine and Ippolito, Daphne and Nystrom, Andrew and Zhang, Chiyuan and Eck, Douglas and Callison-Burch, Chris and Carlini, Nicholas},
  journal = {arXiv preprint arXiv:2107.06499},
  year    = {2021}
}

@article{mccoy2024dangerous,
    title   = {Dangerous Hallucinations: On the Reliability of Language Models for Medical Question-Answering},
    author  = {McCoy, Tom and Teoh, Ellie and Chan, Karina and Shah, Neel},
    journal = {arXiv preprint arXiv:2402.01203},
    year    = {2024}
}

@article{shannon1948mathematical,
    title   = {A Mathematical Theory of Communication},
    author  = {Shannon, Claude E.},
    journal = {Bell System Technical Journal},
    volume  = {27},
    number  = {3},
    pages   = {379--423},
    year    = {1948}
}

@article{shin2023humiliated,
  title   = {Humiliated lawyers fined \$5,000 for submitting ChatGPT hallucinations in court},
  author  = {Shin, Rachel},
  journal = {Fortune},
  year    = {2023},
  month   = {June}
}

@article{team2024gemini,
  title   = {Gemini 1.5: Unlocking multimodal understanding across millions of tokens of context},
  author  = {Team, Gemini and Georgiev, Petko and Lei, Ving Ian and Burnell, Ryan and others},
  journal = {arXiv preprint arXiv:2403.05530},
  year    = {2024}
}

@inproceedings{valle2019deep,
    title     = {Deep Learning Generalizes Because the Parameter-Function Map is Biased Towards Simple Functions},
    author    = {Valle-P{\'e}rez, Guillermo and Camargo, Chico Q. and Louis, Ard A.},
    booktitle = {7th International Conference on Learning Representations (ICLR)},
    year      = {2019}
}

@book{zipf1949human,
    title     = {Human Behavior and the Principle of Least Effort},
    author    = {Zipf, George Kingsley},
    year      = {1949},
    publisher = {Addison-Wesley},
    address   = {Reading, MA}
}
