@article{10Dosovitskiy2020,
  title={An image is worth 16x16 words: Transformers for image recognition at scale},
  author={Dosovitskiy, Alexey and Beyer, Lucas and Kolesnikov, Alexander and Weissenborn, Dirk and Zhai, Xiaohua and Unterthiner, Thomas and Dehghani, Mostafa and Minderer, Matthias and Heigold, Georg and Gelly, Sylvain and others},
  journal={arXiv preprint arXiv:2010.11929},
  year={2020}
}

@inproceedings{12Wang2018,
  title={Non-local neural networks},
  author={Wang, Xiaolong and Girshick, Ross and Gupta, Abhinav and He, Kaiming},
  booktitle={Proceedings of the IEEE conference on computer vision and pattern recognition},
  pages={7794--7803},
  year={2018}
}

@article{16Kermany2018,
  title={Identifying medical diagnoses and treatable diseases by image-based deep learning},
  author={Kermany, Daniel S and Goldbaum, Michael and Cai, Wenjia and Valentim, Carolina CS and Liang, Huiying and Baxter, Sally L and McKeown, Alex and Yang, Ge and Wu, Xiaokang and Yan, Fangbing and others},
  journal={cell},
  volume={172},
  number={5},
  pages={1122--1131},
  year={2018},
  publisher={Elsevier}
}

@article{27Raghu2019,
  title={Transfusion: Understanding transfer learning for medical imaging},
  author={Raghu, Maithra and Zhang, Chiyuan and Kleinberg, Jon and Bengio, Samy},
  journal={Advances in neural information processing systems},
  volume={32},
  year={2019}
}

@inproceedings{28He2019,
  title={Rethinking imagenet pre-training},
  author={He, Kaiming and Girshick, Ross and Doll{\'a}r, Piotr},
  booktitle={Proceedings of the IEEE/CVF international conference on computer vision},
  pages={4918--4927},
  year={2019}
}

@article{29Litjens2017,
  title={A survey on deep learning in medical image analysis},
  author={Litjens, Geert and others},
  journal={Medical Image Analysis},
  volume={42},
  pages={60--88},
  year={2017}
}

@article{30Esteva2017,
  title={Dermatologist-level classification of skin cancer with deep neural networks},
  author={Esteva, Andre and others},
  journal={Nature},
  volume={542},
  number={7639},
  pages={115--118},
  year={2017}
}

@article{31Frid-Adar2018,
  title={GAN-based synthetic medical image augmentation for increased CNN performance in liver lesion classification},
  author={Frid-Adar, Maayan and others},
  journal={Neurocomputing},
  volume={321},
  pages={321--331},
  year={2018}
}

@inproceedings{32Touvron2021,
  title={Training data-efficient image transformers \& distillation through attention},
  author={Touvron, Hugo and others},
  booktitle={International Conference on Machine Learning (ICML)},
  pages={10347--10357},
  year={2021}
}

@article{33Zhou2022,
  title={nnFormer: Interleaved Transformer for Volumetric Segmentation of Medical Images},
  author={Zhou, Tianwei and others},
  journal={Nature Machine Intelligence},
  volume={4},
  pages={67--76},
  year={2022}
}

@inproceedings{34Deng2009,
  title={ImageNet: A large-scale hierarchical image database},
  author={Deng, Jia and others},
  booktitle={Proceedings of the IEEE Conference on Computer Vision and Pattern Recognition (CVPR)},
  pages={248--255},
  year={2009}
}

@article{35Nassif2004,
  title={In vivo high-resolution video-rate spectral-domain optical coherence tomography of the human retina and optic nerve},
  author={Nassif, N. A. and Cense, B. and Park, B. H. and others},
  journal={Optics express},
  volume={12},
  number={3},
  pages={367--376},
  year={2004}
}

@article{37Ran2021,
  title={Deep learning-based optical coherence tomography and optical coherence tomography angiography image analysis: an updated summary},
  author={Ran, A. and Cheung, C. Y.},
  journal={Asia-Pacific Journal of Ophthalmology},
  volume={10},
  number={3},
  pages={253--260},
  year={2021}
}

@article{38Abramoff2010,
  title={Retinal imaging and image analysis},
  author={Abr√†moff, Michael D. and Garvin, Mary K. and Sonka, Milan},
  journal={IEEE reviews in biomedical engineering},
  volume={3},
  pages={169--208},
  year={2010}
}

@article{39Takahashi2024,
  title={Comparison of vision transformers and convolutional neural networks in medical image analysis: a systematic review},
  author={Takahashi, S. and Sakaguchi, Y. and Kouno, N. and Takasawa, K. and Ishizu, K. and Akagi, Y. and Hamamoto, R.},
  journal={Journal of Medical Systems},
  volume={48},
  number={1},
  pages={84},
  year={2024}
}

@inproceedings{40Azizi2021,
  title={Big self-supervised models advance medical image classification},
  author={Azizi, Shervin and Mustafa, Basil and Ryan, F. and others},
  booktitle={Proceedings of the IEEE/CVF International Conference on Computer Vision},
  pages={3478--3488},
  year={2021}
}

@article{41Ran2021,
  title={Deep learning-based optical coherence tomography and optical coherence tomography angiography image analysis: an updated summary},
  author={Ran, A. and Cheung, C. Y.},
  journal={Asia-Pacific Journal of Ophthalmology},
  volume={10},
  number={3},
  pages={253--260},
  year={2021}
}

