@article{1Bao2003,
  title={Noise reduction for magnetic resonance images via adaptive multiscale products thresholding},
  author={Bao, Paul and Zhang, Lei},
  journal={IEEE transactions on medical imaging},
  volume={22},
  number={9},
  pages={1089--1099},
  year={2003},
  publisher={IEEE}
}

@inproceedings{2Ledig2017,
  title={Photo-realistic single image super-resolution using a generative adversarial network},
  author={Ledig, Christian and Theis, Lucas and Husz{\'a}r, Ferenc and Caballero, Jose and Cunningham, Andrew and Acosta, Alejandro and Aitken, Andrew and Tejani, Alykhan and Totz, Johannes and Wang, Zehan and others},
  booktitle={Proceedings of the IEEE conference on computer vision and pattern recognition},
  pages={4681--4690},
  year={2017}
}

@incollection{3Lubin1995,
  title={A visual discrimination model for imaging system design and evaluation},
  author={Lubin, Jeffrey},
  booktitle={Vision Models for Target Detection and Recognition: In Memory of Arthur Menendez},
  pages={245--283},
  year={1995},
  publisher={World Scientific}
}

@article{4Ma2018,
  title={Speckle noise reduction in optical coherence tomography images based on edge-sensitive cGAN},
  author={Ma, Yuhui and Chen, Xinjian and Zhu, Weifang and Cheng, Xuena and Xiang, Dehui and Shi, Fei},
  journal={Biomedical optics express},
  volume={9},
  number={11},
  pages={5129--5146},
  year={2018},
  publisher={Optica Publishing Group}
}

@inproceedings{5Wang2018ESRGAN,
  title={Esrgan: Enhanced super-resolution generative adversarial networks},
  author={Wang, Xintao and Yu, Ke and Wu, Shixiang and Gu, Jinjin and Liu, Yihao and Dong, Chao and Qiao, Yu and Change Loy, Chen},
  booktitle={Proceedings of the European conference on computer vision (ECCV) workshops},
  pages={0--0},
  year={2018}
}

@article{6Wang2021RealESRGAN,
  title={Realesrgan: Training real-world blind super-resolution with pure synthetic data supplementary material},
  author={Wang, Xintao and Xie, Liangbin and Dong, Chao and Shan, Ying},
  journal={Computer Vision Foundation open access},
  volume={1},
  number={2},
  pages={2},
  year={2022}
}


@article{7Wang2004,
  title={Image quality assessment: from error visibility to structural similarity},
  author={Wang, Zhou and Bovik, Alan C and Sheikh, Hamid R and Simoncelli, Eero P},
  journal={IEEE transactions on image processing},
  volume={13},
  number={4},
  pages={600--612},
  year={2004},
  publisher={IEEE}
}


@article{8Vaswani2017,
  title={Attention is all you need},
  author={Vaswani, Ashish and Shazeer, Noam and Parmar, Niki and Uszkoreit, Jakob and Jones, Llion and Gomez, Aidan N and Kaiser, {\L}ukasz and Polosukhin, Illia},
  journal={Advances in neural information processing systems},
  volume={30},
  year={2017}
}

@misc{9Tangermann2024,
  author    = {Victor Tangermann},
  title     = {Sam Altman admits that OpenAI doesn't actually understand how its AI works: "We certainly have not solved interpretability."},
  year      = {2024},
  month     = {June},
  howpublished = {\url{https://futurism.com/sam-altman-admits-openai-understand-ai}}
}

@article{10Dosovitskiy2020,
  title={An image is worth 16x16 words: Transformers for image recognition at scale},
  author={Dosovitskiy, Alexey and Beyer, Lucas and Kolesnikov, Alexander and Weissenborn, Dirk and Zhai, Xiaohua and Unterthiner, Thomas and Dehghani, Mostafa and Minderer, Matthias and Heigold, Georg and Gelly, Sylvain and others},
  journal={arXiv preprint arXiv:2010.11929},
  year={2020}
}


@inproceedings{12Wang2018,
  title={Non-local neural networks},
  author={Wang, Xiaolong and Girshick, Ross and Gupta, Abhinav and He, Kaiming},
  booktitle={Proceedings of the IEEE conference on computer vision and pattern recognition},
  pages={7794--7803},
  year={2018}
}

@inproceedings{13Carion2020,
  title={End-to-end object detection with transformers},
  author={Carion, Nicolas and Massa, Francisco and Synnaeve, Gabriel and Usunier, Nicolas and Kirillov, Alexander and Zagoruyko, Sergey},
  booktitle={European conference on computer vision},
  pages={213--229},
  year={2020},
  organization={Springer}
}

@inproceedings{14Parmar2018,
  title={Image transformer},
  author={Parmar, Niki and Vaswani, Ashish and Uszkoreit, Jakob and Kaiser, Lukasz and Shazeer, Noam and Ku, Alexander and Tran, Dustin},
  booktitle={International conference on machine learning},
  pages={4055--4064},
  year={2018},
  organization={PMLR}
}

@inproceedings{15Bello2019,
  title={Attention augmented convolutional networks},
  author={Bello, Irwan and Zoph, Barret and Vaswani, Ashish and Shlens, Jonathon and Le, Quoc V},
  booktitle={Proceedings of the IEEE/CVF international conference on computer vision},
  pages={3286--3295},
  year={2019}
}

@article{16Kermany2018,
  title={Identifying medical diagnoses and treatable diseases by image-based deep learning},
  author={Kermany, Daniel S and Goldbaum, Michael and Cai, Wenjia and Valentim, Carolina CS and Liang, Huiying and Baxter, Sally L and McKeown, Alex and Yang, Ge and Wu, Xiaokang and Yan, Fangbing and others},
  journal={cell},
  volume={172},
  number={5},
  pages={1122--1131},
  year={2018},
  publisher={Elsevier}
}

@article{17goodfellow2020generative,
  title={Generative adversarial networks},
  author={Goodfellow, Ian and Pouget-Abadie, Jean and Mirza, Mehdi and Xu, Bing and Warde-Farley, David and Ozair, Sherjil and Courville, Aaron and Bengio, Yoshua},
  journal={Communications of the ACM},
  volume={63},
  number={11},
  pages={139--144},
  year={2020},
  publisher={ACM New York, NY, USA}
}

@article{18huynh2008scope,
  title={Scope of validity of PSNR in image/video quality assessment},
  author={Huynh-Thu, Quan and Ghanbari, Mohammed},
  journal={Electronics letters},
  volume={44},
  number={13},
  pages={800--801},
  year={2008},
  publisher={IET}
}

@article{19Callis2024,
  author    = {Skylar Jean Callis},
  title     = {Position Embeddings for Vision Transformers, Explained},
  journal   = {Towards Data Science},
  year      = {2024},
  month     = {Feb},
  day       = {27},
  url       = {https://towardsdatascience.com/position-embeddings-for-vision-transformers-explained-a6f9add341d5},
}

@article{20fawcett2006introduction,
  title={An introduction to ROC analysis},
  author={Fawcett, Tom},
  journal={Pattern recognition letters},
  volume={27},
  number={8},
  pages={861--874},
  year={2006},
  publisher={Elsevier}
}

@article{21sokolova2009systematic,
  title={A systematic analysis of performance measures for classification tasks},
  author={Sokolova, Marina and Lapalme, Guy},
  journal={Information processing \& management},
  volume={45},
  number={4},
  pages={427--437},
  year={2009},
  publisher={Elsevier}
}

@article{22powers2020evaluation,
  title={Evaluation: from precision, recall and F-measure to ROC, informedness, markedness and correlation},
  author={Powers, David MW},
  journal={arXiv preprint arXiv:2010.16061},
  year={2020}
}

@article{23krawczyk2016learning,
  title={Learning from imbalanced data: open challenges and future directions},
  author={Krawczyk, Bartosz},
  journal={Progress in artificial intelligence},
  volume={5},
  number={4},
  pages={221--232},
  year={2016},
  publisher={Springer}
}

@article{24he2009learning,
  title={Learning from imbalanced data},
  author={He, Haibo and Garcia, Edwardo A},
  journal={IEEE Transactions on knowledge and data engineering},
  volume={21},
  number={9},
  pages={1263--1284},
  year={2009},
  publisher={Ieee}
}

@article{25srivastava2014dropout,
  title={Dropout: a simple way to prevent neural networks from overfitting},
  author={Srivastava, Nitish and Hinton, Geoffrey and Krizhevsky, Alex and Sutskever, Ilya and Salakhutdinov, Ruslan},
  journal={The journal of machine learning research},
  volume={15},
  number={1},
  pages={1929--1958},
  year={2014},
  publisher={JMLR. org}
}

@inproceedings{26wan2013regularization,
  title={Regularization of neural networks using dropconnect},
  author={Wan, Li and Zeiler, Matthew and Zhang, Sixin and Le Cun, Yann and Fergus, Rob},
  booktitle={International conference on machine learning},
  pages={1058--1066},
  year={2013},
  organization={PMLR}
}

@article{27Raghu2019,
  title={Transfusion: Understanding transfer learning for medical imaging},
  author={Raghu, Maithra and Zhang, Chiyuan and Kleinberg, Jon and Bengio, Samy},
  journal={Advances in neural information processing systems},
  volume={32},
  year={2019}
}

@inproceedings{28He2019,
  title={Rethinking imagenet pre-training},
  author={He, Kaiming and Girshick, Ross and Doll{\'a}r, Piotr},
  booktitle={Proceedings of the IEEE/CVF international conference on computer vision},
  pages={4918--4927},
  year={2019}
}

@article{29Litjens2017,
  title={A survey on deep learning in medical image analysis},
  author={Litjens, Geert and others},
  journal={Medical Image Analysis},
  volume={42},
  pages={60--88},
  year={2017}
}

@article{30Esteva2017,
  title={Dermatologist-level classification of skin cancer with deep neural networks},
  author={Esteva, Andre and others},
  journal={Nature},
  volume={542},
  number={7639},
  pages={115--118},
  year={2017}
}

@article{31Frid-Adar2018,
  title={GAN-based synthetic medical image augmentation for increased CNN performance in liver lesion classification},
  author={Frid-Adar, Maayan and others},
  journal={Neurocomputing},
  volume={321},
  pages={321--331},
  year={2018}
}

@inproceedings{32Touvron2021,
  title={Training data-efficient image transformers \& distillation through attention},
  author={Touvron, Hugo and others},
  booktitle={International Conference on Machine Learning (ICML)},
  pages={10347--10357},
  year={2021}
}

@article{33Zhou2022,
  title={nnFormer: Interleaved Transformer for Volumetric Segmentation of Medical Images},
  author={Zhou, Tianwei and others},
  journal={Nature Machine Intelligence},
  volume={4},
  pages={67--76},
  year={2022}
}

@inproceedings{34Deng2009,
  title={ImageNet: A large-scale hierarchical image database},
  author={Deng, Jia and others},
  booktitle={Proceedings of the IEEE Conference on Computer Vision and Pattern Recognition (CVPR)},
  pages={248--255},
  year={2009}
}

@article{35Nassif2004,
  title={In vivo high-resolution video-rate spectral-domain optical coherence tomography of the human retina and optic nerve},
  author={Nassif, N. A. and Cense, B. and Park, B. H. and others},
  journal={Optics express},
  volume={12},
  number={3},
  pages={367--376},
  year={2004}
}

@article{36Pircher2017,
  title={Review of adaptive optics OCT (AO-OCT): principles and applications for retinal imaging},
  author={Pircher, Michael and Zawadzki, Robert J.},
  journal={Biomedical optics express},
  volume={8},
  number={5},
  pages={2536--2562},
  year={2017}
}

@article{37Ran2021,
  title={Deep learning-based optical coherence tomography and optical coherence tomography angiography image analysis: an updated summary},
  author={Ran, A. and Cheung, C. Y.},
  journal={Asia-Pacific Journal of Ophthalmology},
  volume={10},
  number={3},
  pages={253--260},
  year={2021}
}

@article{38Abramoff2010,
  title={Retinal imaging and image analysis},
  author={Abràmoff, Michael D. and Garvin, Mary K. and Sonka, Milan},
  journal={IEEE reviews in biomedical engineering},
  volume={3},
  pages={169--208},
  year={2010}
}

@article{39Takahashi2024,
  title={Comparison of vision transformers and convolutional neural networks in medical image analysis: a systematic review},
  author={Takahashi, S. and Sakaguchi, Y. and Kouno, N. and Takasawa, K. and Ishizu, K. and Akagi, Y. and Hamamoto, R.},
  journal={Journal of Medical Systems},
  volume={48},
  number={1},
  pages={84},
  year={2024}
}

@inproceedings{40Azizi2021,
  title={Big self-supervised models advance medical image classification},
  author={Azizi, Shervin and Mustafa, Basil and Ryan, F. and others},
  booktitle={Proceedings of the IEEE/CVF International Conference on Computer Vision},
  pages={3478--3488},
  year={2021}
}

@article{41Ran2021,
  title={Deep learning-based optical coherence tomography and optical coherence tomography angiography image analysis: an updated summary},
  author={Ran, A. and Cheung, C. Y.},
  journal={Asia-Pacific Journal of Ophthalmology},
  volume={10},
  number={3},
  pages={253--260},
  year={2021}
}

