@inproceedings{duposition,
  title={Position: Compositional Generative Modeling: A Single Model is Not All You Need},
  author={Du, Yilun and Kaelbling, Leslie Pack},
  booktitle={Forty-first International Conference on Machine Learning},
  year={2024}
}

@article{yadav2024survey,
  title={A survey on model moerging: Recycling and routing among specialized experts for collaborative learning},
  author={Yadav, Prateek and Raffel, Colin and Muqeeth, Mohammed and Caccia, Lucas and Liu, Haokun and Chen, Tianlong and Bansal, Mohit and Choshen, Leshem and Sordoni, Alessandro},
  journal={arXiv preprint arXiv:2408.07057},
  year={2024}
}

