@inproceedings{abeille2021instance,
  title={Instance-wise minimax-optimal algorithms for logistic bandits},
  author={Abeille, Marc and Faury, Louis and Calauz{\`e}nes, Cl{\'e}ment},
  booktitle={International Conference on Artificial Intelligence and Statistics},
  pages={3691--3699},
  year={2021},
  organization={PMLR}
}

@inproceedings{agrawal2017thompson,
  title={Thompson sampling for the mnl-bandit},
  author={Agrawal, Shipra and Avadhanula, Vashist and Goyal, Vineet and Zeevi, Assaf},
  booktitle={Conference on learning theory},
  pages={76--78},
  year={2017},
  organization={PMLR}
}

@article{agrawal2019mnl,
  title={Mnl-bandit: A dynamic learning approach to assortment selection},
  author={Agrawal, Shipra and Avadhanula, Vashist and Goyal, Vineet and Zeevi, Assaf},
  journal={Operations Research},
  volume={67},
  number={5},
  pages={1453--1485},
  year={2019},
  publisher={INFORMS}
}

@article{agrawal2023tractable,
  title={A tractable online learning algorithm for the multinomial logit contextual bandit},
  author={Agrawal, Priyank and Tulabandhula, Theja and Avadhanula, Vashist},
  journal={European Journal of Operational Research},
  volume={310},
  number={2},
  pages={737--750},
  year={2023},
  publisher={Elsevier}
}

@article{chen2020dynamic,
  title={Dynamic assortment optimization with changing contextual information},
  author={Chen, Xi and Wang, Yining and Zhou, Yuan},
  journal={The Journal of Machine Learning Research},
  volume={21},
  number={1},
  pages={8918--8961},
  year={2020},
  publisher={JMLRORG}
}

@inproceedings{dong2019performance,
  title={On the performance of thompson sampling on logistic bandits},
  author={Dong, Shi and Ma, Tengyu and Van Roy, Benjamin},
  booktitle={Conference on Learning Theory},
  pages={1158--1160},
  year={2019},
  organization={PMLR}
}

@inproceedings{faury2020improved,
  title={Improved optimistic algorithms for logistic bandits},
  author={Faury, Louis and Abeille, Marc and Calauz{\`e}nes, Cl{\'e}ment and Fercoq, Olivier},
  booktitle={International Conference on Machine Learning},
  pages={3052--3060},
  year={2020},
  organization={PMLR}
}

@inproceedings{faury2022jointly,
  title={Jointly efficient and optimal algorithms for logistic bandits},
  author={Faury, Louis and Abeille, Marc and Jun, Kwang-Sung and Calauz{\`e}nes, Cl{\'e}ment},
  booktitle={International Conference on Artificial Intelligence and Statistics},
  pages={546--580},
  year={2022},
  organization={PMLR}
}

@inproceedings{lee2024improved,
  title={Improved Regret Bounds of (Multinomial) Logistic Bandits via Regret-to-Confidence-Set Conversion},
  author={Lee, Junghyun and Yun, Se-Young and Jun, Kwang-Sung},
  booktitle={International Conference on Artificial Intelligence and Statistics},
  pages={4474--4482},
  year={2024},
  organization={PMLR}
}

@article{lee2024unified,
  title={A Unified Confidence Sequence for Generalized Linear Models, with Applications to Bandits},
  author={Lee, Junghyun and Yun, Se-Young and Jun, Kwang-Sung},
  journal={arXiv preprint arXiv:2407.13977},
  year={2024}
}

@article{oh2019thompson,
  title={Thompson sampling for multinomial logit contextual bandits},
  author={Oh, Min-hwan and Iyengar, Garud},
  journal={Advances in Neural Information Processing Systems},
  volume={32},
  year={2019}
}

@inproceedings{oh2021multinomial,
  title={Multinomial logit contextual bandits: Provable optimality and practicality},
  author={Oh, Min-hwan and Iyengar, Garud},
  booktitle={Proceedings of the AAAI Conference on Artificial Intelligence},
  volume={35},
  number={10},
  pages={9205--9213},
  year={2021}
}

@inproceedings{ou2018multinomial,
  title     = {Multinomial Logit Bandit with Linear Utility Functions},
  author    = {Mingdong Ou and Nan Li and Shenghuo Zhu and Rong Jin},
  booktitle = {Proceedings of the Twenty-Seventh International Joint Conference on
               Artificial Intelligence, {IJCAI-18}},
  year={2018},
  publisher = {International Joint Conferences on Artificial Intelligence Organization},
  pages     = {2602--2608},
}

@article{perivier2022dynamic,
  title={Dynamic pricing and assortment under a contextual MNL demand},
  author={Perivier, Noemie and Goyal, Vineet},
  journal={Advances in Neural Information Processing Systems},
  volume={35},
  pages={3461--3474},
  year={2022}
}

