@inproceedings{arnab2021vivit,
  title={Vi{V}i{T}: A video vision transformer},
  author={Arnab, Anurag and Dehghani, Mostafa and Heigold, Georg and Sun, Chen and Lu{\v{c}}i{\'c}, Mario and Schmid, Cordelia},
  booktitle={Proceedings of the IEEE/CVF International Conference on Computer Vision},
  pages={6836--6846},
  year={2021}
}

@inproceedings{baevski2020vqwav2vec,
  title={vq-wav2vec: Self-supervised Learning of Discrete Speech Representations},
  author={Baevski, Alexei and Schneider, Steffen and Auli, Michael},
  booktitle={International Conference on Learning Representations (ICLR)},
  year={2020}
}

@inproceedings{baevski2020wav2vec,
  title={wav2vec 2.0: A framework for self-supervised learning of speech representations},
  author={Baevski, Alexei and Zhou, Yuhao and Mohamed, Abdelrahman and Auli, Michael},
  booktitle={Advances in Neural Information Processing Systems},
  volume={33},
  pages={12449--12460},
  year={2020}
}

@inproceedings{bao2021beit,
  title={B{E}i{T}: {BERT} Pre-Training of Image Transformers},
  author={Bao, Hangbo and Dong, Li and Piao, Songhao and Wei, Furu},
  booktitle={International Conference on Learning Representations},
year={2022}
}

@inproceedings{bertasius2021space,
  title={Is space-time attention all you need for video understanding?},
  author={Bertasius, Gedas and Wang, Heng and Torresani, Lorenzo},
  booktitle={Proceedings of the 38th International Conference on Machine Learning},
  organization={PMLR},
  volume={139},
  pages={813-824},
  year={2021}
}

@article{borsos2023audiolm,
  title={Audio{LM}: a language modeling approach to audio generation},
  author={Borsos, Zal{\'a}n and Marinier, Rapha{\"e}l and Vincent, Damien and Kharitonov, Eugene and Pietquin, Olivier and Sharifi, Matt and Roblek, Dominik and Teboul, Olivier and Grangier, David and Tagliasacchi, Marco and Zeghidour, Neil},
  journal={IEEE/ACM Transactions on Audio, Speech, and Language Processing},
  volume={31},
  pages={2523--2533},
  year={2023},
  publisher={IEEE}
}

@inproceedings{carreira2017quo,
  title={Quo vadis, action recognition? a new model and the kinetics dataset},
  author={Carreira, Joao and Zisserman, Andrew},
  booktitle={Proceedings of the IEEE Conference on Computer Vision and Pattern Recognition},
  pages={6299--6308},
  year={2017}
}

@inproceedings{chen2020simple,
  title={A simple framework for contrastive learning of visual representations},
  author={Chen, Ting and Kornblith, Simon and Norouzi, Mohammad and Hinton, Geoffrey},
  booktitle={Proceedings of the 37th International Conference on Machine Learning},
  pages={1597--1607},
  volume={119},
  year={2020},
  organization={PMLR}
}

@article{dhariwal2020jukebox,
  title={Jukebox: A generative model for music},
  author={Dhariwal, Prafulla and Jun, Heewoo and Payne, Christine and Kim, Jong Wook and Radford, Alec and Sutskever, Ilya},
  journal={arXiv preprint arXiv:2005.00341},
  year={2020}
}

@article{dubey2024llama,
  title={The llama 3 herd of models},
  author={Dubey, Abhimanyu and Jauhri, Abhinav and Pandey, Abhinav and Kadian, Abhishek and Al-Dahle, Ahmad and Letman, Aiesha and Mathur, Akhil and Schelten, Alan and Yang, Amy and Fan, Angela and others},
  journal={arXiv preprint arXiv:2407.21783},
  year={2024}
}

@inproceedings{he2022masked,
  title={Masked autoencoders are scalable vision learners},
  author={He, Kaiming and Chen, Xinlei and Xie, Saining and Li, Yanghao and Doll{\'a}r, Piotr and Girshick, Ross},
  booktitle={Proceedings of the IEEE/CVF Conference on Computer Vision and Pattern Recognition},
  pages={16000--16009},
  year={2022}
}

@inproceedings{huang2022masked,
  title={Masked autoencoders that listen},
  author={Huang, Po-Yao and Xu, Hu and Li, Juncheng and Baevski, Alexei and Auli, Michael and Galuba, Wojciech and Metze, Florian and Feichtenhofer, Christoph},
  booktitle={Advances in Neural Information Processing Systems},
  volume={35},
  pages={28708--28720},
  year={2022}
}

@inproceedings{kreuk2023audiogen,
  title={Audio{G}en: Textually Guided Audio Generation},
  author={Kreuk, Felix and Synnaeve, Gabriel and Polyak, Adam and Singer, Uriel and D{\'e}fossez, Alexandre and Copet, Jade and Parikh, Devi and Taigman, Yaniv and Adi, Yossi},
  booktitle={The Eleventh International Conference on Learning Representations},
year={2023}
}

@inproceedings{lee2017unsupervised,
  title={Unsupervised representation learning by sorting sequences},
  author={Lee, Hsin-Ying and Huang, Jia-Bin and Singh, Maneesh and Yang, Ming-Hsuan},
  booktitle={Proceedings of the IEEE International Conference on Computer Vision},
  pages={667--676},
  year={2017}
}

@inproceedings{lee2022autoregressive,
  title={Autoregressive image generation using residual quantization},
  author={Lee, Doyup and Kim, Chiheon and Kim, Saehoon and Cho, Minsu and Han, Wook-Shin},
  booktitle={Proceedings of the IEEE/CVF Conference on Computer Vision and Pattern Recognition},
  pages={11523--11532},
  year={2022}
}

@article{liu2021tera,
  title={{Tera}: Self-supervised learning of transformer encoder representation for speech},
  author={Liu, Andy T and Li, Shang-Wen and Lee, Hung-yi},
  journal={IEEE/ACM Transactions on Audio, Speech, and Language Processing},
  volume={29},
  pages={2351--2366},
  year={2021},
  publisher={IEEE}
}

@inproceedings{misra2016shuffle,
  title={Shuffle and learn: unsupervised learning using temporal order verification},
  author={Misra, Ishan and Zitnick, C Lawrence and Hebert, Martial},
  booktitle={Computer Vision--ECCV 2016: 14th European Conference, Amsterdam, The Netherlands, October 11--14, 2016, Proceedings, Part I 14},
  pages={527--544},
  year={2016},
  organization={Springer}
}

@inproceedings{oord2017neural,
  title={Neural discrete representation learning},
  author={van den Oord, Aaron and Vinyals, Oriol and Kavukcuoglu, Koray},
  booktitle={Advances in Neural Information Processing Systems},
  volume={30},
  year={2017}
}

@article{oord2018representation,
  title={Representation learning with contrastive predictive coding},
  author={van den Oord, Aaron and Li, Yazhe and Vinyals, Oriol},
  journal={arXiv preprint arXiv:1807.03748},
  year={2018}
}

@article{peng2022beit,
  title={{BEiT} v2: Masked image modeling with vector-quantized visual tokenizers},
  author={Peng, Zhiliang and Dong, Li and Bao, Hangbo and Ye, Qixiang and Wei, Furu},
  journal={arXiv preprint arXiv:2208.06366},
  year={2022}
}

@inproceedings{qian2021spatiotemporal,
  title={Spatiotemporal contrastive video representation learning},
  author={Qian, Rui and Meng, Tianjian and Gong, Boqing and Yang, Ming-Hsuan and Wang, Huisheng and Belongie, Serge and Cui, Yin},
  booktitle={Proceedings of the IEEE/CVF Conference on Computer Vision and Pattern Recognition},
  pages={6964--6974},
  year={2021}
}

@inproceedings{saeed2021contrastive,
  title={Contrastive learning of general-purpose audio representations},
  author={Saeed, Aaqib and Grangier, David and Zeghidour, Neil},
  booktitle={ICASSP 2021-2021 IEEE International Conference on Acoustics, Speech and Signal Processing (ICASSP)},
  pages={3875--3879},
  year={2021},
  organization={IEEE}
}

@inproceedings{simonyan2014two,
  title={Two-stream convolutional networks for action recognition in videos},
  author={Simonyan, Karen and Zisserman, Andrew},
  booktitle={Advances in Neural Information Processing Systems},
  volume={27},
  year={2014}
}

@inproceedings{tong2022videomae,
  title={Video{MAE}: Masked autoencoders are data-efficient learners for self-supervised video pre-training},
  author={Tong, Zhan and Song, Yibing and Wang, Jue and Wang, Limin},
  booktitle={Advances in Neural Information Processing Systems},
  volume={35},
  pages={10078--10093},
  year={2022}
}

@inproceedings{tran2015learning,
  title={Learning spatiotemporal features with {3D} convolutional networks},
  author={Tran, Du and Bourdev, Lubomir and Fergus, Rob and Torresani, Lorenzo and Paluri, Manohar},
  booktitle={Proceedings of the IEEE International Conference on Computer Vision},
  pages={4489--4497},
  year={2015}
}

@inproceedings{wang2023image,
  title={Image as a foreign language: {BEIT} pretraining for vision and vision-language tasks},
  author={Wang, Wenhui and Bao, Hangbo and Dong, Li and Bjorck, Johan and Peng, Zhiliang and Liu, Qiang and Aggarwal, Kriti and Mohammed, Owais Khan and Singhal, Saksham and Som, Subhojit and Wei, Furu},
  booktitle={Proceedings of the IEEE/CVF Conference on Computer Vision and Pattern Recognition},
  pages={19175--19186},
  year={2023}
}

@article{zeghidour2021soundstream,
  title={Sound{S}tream: An end-to-end neural audio codec},
  author={Zeghidour, Neil and Luebs, Alejandro and Omran, Ahmed and Skoglund, Jan and Tagliasacchi, Marco},
  journal={IEEE/ACM Transactions on Audio, Speech, and Language Processing},
  volume={30},
  pages={495--507},
  year={2021},
  publisher={IEEE}
}

