@inproceedings{chen2023beats,
  title={{BEATs}: audio pre-training with acoustic tokenizers},
  author={Chen, Sanyuan and Wu, Yu and Wang, Chengyi and Liu, Shujie and Tompkins, Daniel and Chen, Zhuo and Che, Wanxiang and Yu, Xiangzhan and Wei, Furu},
  booktitle={Proceedings of the 40th International Conference on Machine Learning},
  organization={PMLR},
  pages={5178--5193},
  volume={202},
  year={2023}
}

@article{dhariwal2020jukebox,
  title={Jukebox: A generative model for music},
  author={Dhariwal, Prafulla and Jun, Heewoo and Payne, Christine and Kim, Jong Wook and Radford, Alec and Sutskever, Ilya},
  journal={arXiv preprint arXiv:2005.00341},
  year={2020}
}


@inproceedings{razavi2019generating,
  title={Generating diverse high-fidelity images with {VQ-VAE-2}},
  author={Razavi, Ali and van den Oord, Aaron and Vinyals, Oriol},
  booktitle={Advances in Neural Information Processing Systems},
  volume={32},
  year={2019}
}

@inproceedings{oord2017neural,
  title={Neural discrete representation learning},
  author={van den Oord, Aaron and Vinyals, Oriol and Kavukcuoglu, Koray},
  booktitle={Advances in Neural Information Processing Systems},
  volume={30},
  year={2017}
}

@inproceedings{baevski2020vqwav2vec,
  title={vq-wav2vec: Self-supervised Learning of Discrete Speech Representations},
  author={Baevski, Alexei and Schneider, Steffen and Auli, Michael},
  booktitle={International Conference on Learning Representations (ICLR)},
  year={2020}
}

@article{liu2021tera,
  title={{Tera}: Self-supervised learning of transformer encoder representation for speech},
  author={Liu, Andy T and Li, Shang-Wen and Lee, Hung-yi},
  journal={IEEE/ACM Transactions on Audio, Speech, and Language Processing},
  volume={29},
  pages={2351--2366},
  year={2021},
  publisher={IEEE}
}

@inproceedings{grill2020bootstrap,
  title={Bootstrap your own latent-a new approach to self-supervised learning},
  author={Grill, Jean-Bastien and Strub, Florian and Altch{\'e}, Florent and Tallec, Corentin and Richemond, Pierre and Buchatskaya, Elena and Doersch, Carl and Avila Pires, Bernardo and Guo, Zhaohan Daniel and Gheshlaghi Azar, Mohammad and Piot, Bilal and Kavukcuoglu, Koray and Munos, R\'{e}mi and Valko, Michal},
  booktitle={Advances in Neural Information Processing Systems},
  volume={33},
  pages={21271--21284},
  year={2020}
}

@inproceedings{hjelm2019learning,
  title={Learning deep representations by mutual information estimation and maximization},
  author={Hjelm, R Devon and Fedorov, Alex and Lavoie-Marchildon, Samuel and Grewal, Karan and Bachman, Phil and Trischler, Adam and Bengio, Yoshua},
  booktitle={International Conference on Learning Representations},
  year={2019}
}

@inproceedings{caron2018deep,
  title={Deep clustering for unsupervised learning of visual features},
  author={Caron, Mathilde and Bojanowski, Piotr and Joulin, Armand and Douze, Matthijs},
  booktitle={Proceedings of the European Conference on Computer Vision (ECCV)},
  pages={132--149},
  year={2018}
}

@inproceedings{caron2020unsupervised,
  title={Unsupervised learning of visual features by contrasting cluster assignments},
  author={Caron, Mathilde and Misra, Ishan and Mairal, Julien and Goyal, Priya and Bojanowski, Piotr and Joulin, Armand},
  booktitle={Advances in Neural Information Processing Systems},
  volume={33},
  pages={9912--9924},
  year={2020}
}

@article{oord2018representation,
  title={Representation learning with contrastive predictive coding},
  author={van den Oord, Aaron and Li, Yazhe and Vinyals, Oriol},
  journal={arXiv preprint arXiv:1807.03748},
  year={2018}
}

@article{liu2022audio,
  title={Audio self-supervised learning: A survey},
  author={Liu, Shuo and Mallol-Ragolta, Adria and Parada-Cabaleiro, Emilia and Qian, Kun and Jing, Xin and Kathan, Alexander and Hu, Bin and Schuller, Bjoern W},
  journal={Patterns},
  volume={3},
  number={12},
  year={2022},
  publisher={Elsevier}
}

@inproceedings{bukchin2021fine,
  title={Fine-grained angular contrastive learning with coarse labels},
  author={Bukchin, Guy and Schwartz, Eli and Saenko, Kate and Shahar, Ori and Feris, Rogerio and Giryes, Raja and Karlinsky, Leonid},
  booktitle={Proceedings of the IEEE/CVF Conference on Computer Vision and Pattern Recognition},
  pages={8730--8740},
  year={2021}
}

@inproceedings{gemmeke2017audio,
  title={Audio set: An ontology and human-labeled dataset for audio events},
  author={Gemmeke, Jort F and Ellis, Daniel PW and Freedman, Dylan and Jansen, Aren and Lawrence, Wade and Moore, R Channing and Plakal, Manoj and Ritter, Marvin},
  booktitle={2017 IEEE International Conference on Acoustics, Speech and Signal Processing (ICASSP)},
  pages={776--780},
  year={2017},
  organization={IEEE}
}

@inproceedings{piczak2015esc,
  title={{ESC}: Dataset for environmental sound classification},
  author={Piczak, Karol J},
  booktitle={Proceedings of the 23rd ACM International Conference on Multimedia},
  pages={1015--1018},
  year={2015}
}

@inproceedings{chen2020simple,
  title={A simple framework for contrastive learning of visual representations},
  author={Chen, Ting and Kornblith, Simon and Norouzi, Mohammad and Hinton, Geoffrey},
  booktitle={Proceedings of the 37th International Conference on Machine Learning},
  pages={1597--1607},
  volume={119},
  year={2020},
  organization={PMLR}
}

@inproceedings{saeed2021contrastive,
  title={Contrastive learning of general-purpose audio representations},
  author={Saeed, Aaqib and Grangier, David and Zeghidour, Neil},
  booktitle={ICASSP 2021-2021 IEEE International Conference on Acoustics, Speech and Signal Processing (ICASSP)},
  pages={3875--3879},
  year={2021},
  organization={IEEE}
}

@inproceedings{baevski2020wav2vec,
  title={wav2vec 2.0: A framework for self-supervised learning of speech representations},
  author={Baevski, Alexei and Zhou, Yuhao and Mohamed, Abdelrahman and Auli, Michael},
  booktitle={Advances in Neural Information Processing Systems},
  volume={33},
  pages={12449--12460},
  year={2020}
}

@inproceedings{huang2022masked,
  title={Masked autoencoders that listen},
  author={Huang, Po-Yao and Xu, Hu and Li, Juncheng and Baevski, Alexei and Auli, Michael and Galuba, Wojciech and Metze, Florian and Feichtenhofer, Christoph},
  booktitle={Advances in Neural Information Processing Systems},
  volume={35},
  pages={28708--28720},
  year={2022}
}

@article{hsu2021hubert,
  title={Hu{BERT}: Self-supervised speech representation learning by masked prediction of hidden units},
  author={Hsu, Wei-Ning and Bolte, Benjamin and Tsai, Yao-Hung Hubert and Lakhotia, Kushal and Salakhutdinov, Ruslan and Mohamed, Abdelrahman},
  journal={IEEE/ACM Transactions on Audio, Speech, and Language Processing},
  volume={29},
  pages={3451--3460},
  year={2021},
  publisher={IEEE}
}

@article{shannon1948mathematical,
  title={A mathematical theory of communication},
  author={Shannon, Claude Elwood},
  journal={The Bell System Technical Journal},
  volume={27},
  number={3},
  pages={379--423},
  year={1948},
  publisher={Nokia Bell Labs}
}

@article{gini1912variability,
  title={Variability and mutability, contribution to the study of statistical distributions and relations},
  author={Gini, Corrado W},
  journal={Studi Economico-Giuridici della R. Universita de Cagliari},
  year={1912}
}

@article{kullback1951information,
  title={On information and sufficiency},
  author={Kullback, Solomon and Leibler, Richard A},
  journal={The Annals of Mathematical Statistics},
  volume={22},
  number={1},
  pages={79--86},
  year={1951},
  publisher={JSTOR}
}

@book{thomas2006elements,
  title={Elements of Information Theory},
  author={Thomas, MTCAJ and Joy, A Thomas},
  year={2006},
  publisher={Wiley-Interscience}
}

@article{defossez2022high,
  title={High fidelity neural audio compression},
  author={D{\'e}fossez, Alexandre and Copet, Jade and Synnaeve, Gabriel and Adi, Yossi},
  journal={Transactions on Machine Learning Research},
  volume={09},
  pages={1-20},
  year={2023}
}

@inproceedings{kumar2024high,
  title={High-fidelity audio compression with improved {RVQGAN}},
  author={Kumar, Rithesh and Seetharaman, Prem and Luebs, Alejandro and Kumar, Ishaan and Kumar, Kundan},
  booktitle={Advances in Neural Information Processing Systems},
  volume={36},
  year={2024}
}

@article{touvron2022resmlp,
  title={Res{MLP}: Feedforward networks for image classification with data-efficient training},
  author={Touvron, Hugo and Bojanowski, Piotr and Caron, Mathilde and Cord, Matthieu and El-Nouby, Alaaeldin and Grave, Edouard and Izacard, Gautier and Joulin, Armand and Synnaeve, Gabriel and Verbeek, Jakob and J\'{e}gou, Herv\'{e}},
  journal={IEEE Transactions on Pattern Analysis and Machine Intelligence},
  volume={45},
  number={4},
  pages={5314--5321},
  year={2022},
  publisher={IEEE}
}

@article{gray1998quantization,
  title={Quantization},
  author={Gray, Robert M. and Neuhoff, David L.},
  journal={IEEE Transactions on Information Theory},
  volume={44},
  number={6},
  pages={2325--2383},
  year={1998},
  publisher={IEEE}
}

@book{gersho2012vector,
  title={Vector Quantization and Signal Compression},
  author={Gersho, Allen and Gray, Robert M},
  volume={159},
  year={2012},
  publisher={Springer Science \& Business Media}
}

@article{jegou2010product,
  title={Product quantization for nearest neighbor search},
  author={Jegou, Herve and Douze, Matthijs and Schmid, Cordelia},
  journal={IEEE Transactions on Pattern Analysis and Machine Intelligence},
  volume={33},
  number={1},
  pages={117--128},
  year={2010},
  publisher={IEEE}
}

@inproceedings{ge2013optimized,
  title={Optimized product quantization for approximate nearest neighbor search},
  author={Ge, Tiezheng and He, Kaiming and Ke, Qifa and Sun, Jian},
  booktitle={Proceedings of the IEEE Conference on Computer Vision and Pattern Recognition},
  pages={2946--2953},
  year={2013}
}

@article{zeghidour2021soundstream,
  title={Sound{S}tream: An end-to-end neural audio codec},
  author={Zeghidour, Neil and Luebs, Alejandro and Omran, Ahmed and Skoglund, Jan and Tagliasacchi, Marco},
  journal={IEEE/ACM Transactions on Audio, Speech, and Language Processing},
  volume={30},
  pages={495--507},
  year={2021},
  publisher={IEEE}
}

@inproceedings{chiu2022self,
  title={Self-supervised learning with random-projection quantizer for speech recognition},
  author={Chiu, Chung-Cheng and Qin, James and Zhang, Yu and Yu, Jiahui and Wu, Yonghui},
  booktitle={Proceedings of the 39th International Conference on Machine Learning},
  pages={3915--3924},
  year={2022},
  volume={162},
  organization={PMLR}
}

@inproceedings{lee2022autoregressive,
  title={Autoregressive image generation using residual quantization},
  author={Lee, Doyup and Kim, Chiheon and Kim, Saehoon and Cho, Minsu and Han, Wook-Shin},
  booktitle={Proceedings of the IEEE/CVF Conference on Computer Vision and Pattern Recognition},
  pages={11523--11532},
  year={2022}
}

@inproceedings{lancucki2020robust,
  title={Robust training of vector quantized bottleneck models},
  author={{\L}a{\'n}cucki, Adrian and Chorowski, Jan and Sanchez, Guillaume and Marxer, Ricard and Chen, Nanxin and Dolfing, Hans JGA and Khurana, Sameer and Alum{\"a}e, Tanel and Laurent, Antoine},
  booktitle={2020 International Joint Conference on Neural Networks (IJCNN)},
  pages={1--7},
  year={2020},
  organization={IEEE}
}

@inproceedings{devlin2019bert,
    title = "{BERT}: Pre-training of Deep Bidirectional Transformers for Language Understanding",
    author = "Devlin, Jacob  and
      Chang, Ming-Wei  and
      Lee, Kenton  and
      Toutanova, Kristina",
    editor = "Burstein, Jill  and
      Doran, Christy  and
      Solorio, Thamar",
    booktitle = "Proceedings of the 2019 Conference of the North {A}merican Chapter of the Association for Computational Linguistics: Human Language Technologies, Volume 1 (Long and Short Papers)",
    month = jun,
    year = {2019},
    address = "Minneapolis, Minnesota",
    publisher = "Association for Computational Linguistics",
    pages = "4171--4186",
}

@article{russakovsky2015imagenet,
  title={Image{N}et large scale visual recognition challenge},
  author={Russakovsky, Olga and Deng, Jia and Su, Hao and Krause, Jonathan and Satheesh, Sanjeev and Ma, Sean and Huang, Zhiheng and Karpathy, Andrej and Khosla, Aditya and Bernstein, Michael and Berg, Alexander C. and Fei-Fei, Li},
  journal={International Journal of Computer Vision},
  volume={115},
  pages={211--252},
  year={2015},
  publisher={Springer}
}

@inproceedings{krizhevsky2012imagenet,
  title={Image{N}et classification with deep convolutional neural networks},
  author={Krizhevsky, Alex and Sutskever, Ilya and Hinton, Geoffrey E},
  booktitle={Advances in Neural Information Processing Systems},
  volume={25},
  year={2012}
}

@inproceedings{simonyan2014very,
  title={Very deep convolutional networks for large-scale image recognition},
  author={Simonyan, Karen and Zisserman, Andrew},
  booktitle={International Conference on Learning Representations},
  year={2015}
}

@inproceedings{he2016deep,
  title={Deep residual learning for image recognition},
  author={He, Kaiming and Zhang, Xiangyu and Ren, Shaoqing and Sun, Jian},
  booktitle={Proceedings of the IEEE Conference on Computer Vision and Pattern Recognition},
  pages={770--778},
  year={2016}
}

@inproceedings{he2020momentum,
  title={Momentum contrast for unsupervised visual representation learning},
  author={He, Kaiming and Fan, Haoqi and Wu, Yuxin and Xie, Saining and Girshick, Ross},
  booktitle={Proceedings of the IEEE/CVF Conference on Computer Vision and Pattern Recognition},
  pages={9729--9738},
  year={2020}
}

@inproceedings{he2022masked,
  title={Masked autoencoders are scalable vision learners},
  author={He, Kaiming and Chen, Xinlei and Xie, Saining and Li, Yanghao and Doll{\'a}r, Piotr and Girshick, Ross},
  booktitle={Proceedings of the IEEE/CVF Conference on Computer Vision and Pattern Recognition},
  pages={16000--16009},
  year={2022}
}

@article{kay2017kinetics,
  title={The kinetics human action video dataset},
  author={Kay, Will and Carreira, Joao and Simonyan, Karen and Zhang, Brian and Hillier, Chloe and Vijayanarasimhan, Sudheendra and Viola, Fabio and Green, Tim and Back, Trevor and Natsev, Paul and Suleyman, Mustafa and Zisserman, Andrew},
  journal={arXiv preprint arXiv:1705.06950},
  year={2017}
}

@inproceedings{sun2019videobert,
  title={Video{BERT}: A joint model for video and language representation learning},
  author={Sun, Chen and Myers, Austin and Vondrick, Carl and Murphy, Kevin and Schmid, Cordelia},
  booktitle={Proceedings of the IEEE/CVF International Conference on Computer Vision},
  pages={7464--7473},
  year={2019}
}

@inproceedings{qian2021spatiotemporal,
  title={Spatiotemporal contrastive video representation learning},
  author={Qian, Rui and Meng, Tianjian and Gong, Boqing and Yang, Ming-Hsuan and Wang, Huisheng and Belongie, Serge and Cui, Yin},
  booktitle={Proceedings of the IEEE/CVF Conference on Computer Vision and Pattern Recognition},
  pages={6964--6974},
  year={2021}
}

@inproceedings{tran2015learning,
  title={Learning spatiotemporal features with {3D} convolutional networks},
  author={Tran, Du and Bourdev, Lubomir and Fergus, Rob and Torresani, Lorenzo and Paluri, Manohar},
  booktitle={Proceedings of the IEEE International Conference on Computer Vision},
  pages={4489--4497},
  year={2015}
}

@inproceedings{simonyan2014two,
  title={Two-stream convolutional networks for action recognition in videos},
  author={Simonyan, Karen and Zisserman, Andrew},
  booktitle={Advances in Neural Information Processing Systems},
  volume={27},
  year={2014}
}

@inproceedings{carreira2017quo,
  title={Quo vadis, action recognition? a new model and the kinetics dataset},
  author={Carreira, Joao and Zisserman, Andrew},
  booktitle={Proceedings of the IEEE Conference on Computer Vision and Pattern Recognition},
  pages={6299--6308},
  year={2017}
}

@inproceedings{misra2016shuffle,
  title={Shuffle and learn: unsupervised learning using temporal order verification},
  author={Misra, Ishan and Zitnick, C Lawrence and Hebert, Martial},
  booktitle={Computer Vision--ECCV 2016: 14th European Conference, Amsterdam, The Netherlands, October 11--14, 2016, Proceedings, Part I 14},
  pages={527--544},
  year={2016},
  organization={Springer}
}

@inproceedings{tong2022videomae,
  title={Video{MAE}: Masked autoencoders are data-efficient learners for self-supervised video pre-training},
  author={Tong, Zhan and Song, Yibing and Wang, Jue and Wang, Limin},
  booktitle={Advances in Neural Information Processing Systems},
  volume={35},
  pages={10078--10093},
  year={2022}
}

@inproceedings{arnab2021vivit,
  title={Vi{V}i{T}: A video vision transformer},
  author={Arnab, Anurag and Dehghani, Mostafa and Heigold, Georg and Sun, Chen and Lu{\v{c}}i{\'c}, Mario and Schmid, Cordelia},
  booktitle={Proceedings of the IEEE/CVF International Conference on Computer Vision},
  pages={6836--6846},
  year={2021}
}

@inproceedings{bertasius2021space,
  title={Is space-time attention all you need for video understanding?},
  author={Bertasius, Gedas and Wang, Heng and Torresani, Lorenzo},
  booktitle={Proceedings of the 38th International Conference on Machine Learning},
  organization={PMLR},
  volume={139},
  pages={813-824},
  year={2021}
}

@article{dubey2024llama,
  title={The llama 3 herd of models},
  author={Dubey, Abhimanyu and Jauhri, Abhinav and Pandey, Abhinav and Kadian, Abhishek and Al-Dahle, Ahmad and Letman, Aiesha and Mathur, Akhil and Schelten, Alan and Yang, Amy and Fan, Angela and others},
  journal={arXiv preprint arXiv:2407.21783},
  year={2024}
}

@article{borsos2023audiolm,
  title={Audio{LM}: a language modeling approach to audio generation},
  author={Borsos, Zal{\'a}n and Marinier, Rapha{\"e}l and Vincent, Damien and Kharitonov, Eugene and Pietquin, Olivier and Sharifi, Matt and Roblek, Dominik and Teboul, Olivier and Grangier, David and Tagliasacchi, Marco and Zeghidour, Neil},
  journal={IEEE/ACM Transactions on Audio, Speech, and Language Processing},
  volume={31},
  pages={2523--2533},
  year={2023},
  publisher={IEEE}
}

@inproceedings{kreuk2023audiogen,
  title={Audio{G}en: Textually Guided Audio Generation},
  author={Kreuk, Felix and Synnaeve, Gabriel and Polyak, Adam and Singer, Uriel and D{\'e}fossez, Alexandre and Copet, Jade and Parikh, Devi and Taigman, Yaniv and Adi, Yossi},
  booktitle={The Eleventh International Conference on Learning Representations},
year={2023}
}

@inproceedings{bao2021beit,
  title={B{E}i{T}: {BERT} Pre-Training of Image Transformers},
  author={Bao, Hangbo and Dong, Li and Piao, Songhao and Wei, Furu},
  booktitle={International Conference on Learning Representations},
year={2022}
}

@inproceedings{wang2023image,
  title={Image as a foreign language: {BEIT} pretraining for vision and vision-language tasks},
  author={Wang, Wenhui and Bao, Hangbo and Dong, Li and Bjorck, Johan and Peng, Zhiliang and Liu, Qiang and Aggarwal, Kriti and Mohammed, Owais Khan and Singhal, Saksham and Som, Subhojit and Wei, Furu},
  booktitle={Proceedings of the IEEE/CVF Conference on Computer Vision and Pattern Recognition},
  pages={19175--19186},
  year={2023}
}

@article{peng2022beit,
  title={{BEiT} v2: Masked image modeling with vector-quantized visual tokenizers},
  author={Peng, Zhiliang and Dong, Li and Bao, Hangbo and Ye, Qixiang and Wei, Furu},
  journal={arXiv preprint arXiv:2208.06366},
  year={2022}
}

@inproceedings{lee2017unsupervised,
  title={Unsupervised representation learning by sorting sequences},
  author={Lee, Hsin-Ying and Huang, Jia-Bin and Singh, Maneesh and Yang, Ming-Hsuan},
  booktitle={Proceedings of the IEEE International Conference on Computer Vision},
  pages={667--676},
  year={2017}
}

@inproceedings{deng2009imagenet,
  title={Image{N}et: A large-scale hierarchical image database},
  author={Deng, Jia and Dong, Wei and Socher, Richard and Li, Li-Jia and Li, Kai and Fei-Fei, Li},
  booktitle={2009 IEEE Conference on Computer Vision and Pattern Recognition},
  pages={248--255},
  year={2009},
  organization={IEEE}
}

@inproceedings{liu2021swin,
  title={Swin transformer: Hierarchical vision transformer using shifted windows},
  author={Liu, Ze and Lin, Yutong and Cao, Yue and Hu, Han and Wei, Yixuan and Zhang, Zheng and Lin, Stephen and Guo, Baining},
  booktitle={Proceedings of the IEEE/CVF international conference on computer vision},
  pages={10012--10022},
  year={2021}
}

@article{aharon2006k,
  title={K-{SVD}: An algorithm for designing overcomplete dictionaries for sparse representation},
  author={Aharon, Michal and Elad, Michael and Bruckstein, Alfred},
  journal={IEEE Transactions on Signal Processing},
  volume={54},
  number={11},
  pages={4311--4322},
  year={2006},
  publisher={IEEE}
}