// undesirable behaviors

@article{trapp2015individual,
  title={Individual, social, and environmental correlates of healthy and unhealthy eating},
  author={Trapp, Georgina SA and Hickling, Siobhan and Christian, Hayley E and Bull, Fiona and Timperio, Anna F and Boruff, Bryan and Shrestha, Damber and Giles-Corti, Billie},
  journal={Health Education \& Behavior},
  volume={42},
  number={6},
  pages={759--768},
  year={2015},
  publisher={Sage Publications Sage CA: Los Angeles, CA}
}

@inproceedings{nacenta2013memorability,
  title={Memorability of pre-designed and user-defined gesture sets},
  author={Nacenta, Miguel A and Kamber, Yemliha and Qiang, Yizhou and Kristensson, Per Ola},
  booktitle={Proceedings of the SIGCHI conference on human factors in computing systems},
  pages={1099--1108},
  year={2013}
}

@inproceedings{ouyang2012bootstrapping,
  title={Bootstrapping personal gesture shortcuts with the wisdom of the crowd and handwriting recognition},
  author={Ouyang, Tom and Li, Yang},
  booktitle={Proceedings of the SIGCHI Conference on Human Factors in Computing Systems},
  pages={2895--2904},
  year={2012}
}

@inproceedings{anthony2013analyzing,
  title={Analyzing user-generated youtube videos to understand touchscreen use by people with motor impairments},
  author={Anthony, Lisa and Kim, YooJin and Findlater, Leah},
  booktitle={Proceedings of the SIGCHI conference on human factors in computing systems},
  pages={1223--1232},
  year={2013}
}

@article{lou2017personalized,
  title={Personalized gesture interactions for cyber-physical smart-home environments},
  author={Lou, Yihua and Wu, Wenjun and Vatavu, Radu-Daniel and Tsai, Wei-Tek},
  journal={Science China. Information Sciences},
  volume={60},
  number={7},
  pages={072104},
  year={2017},
  publisher={Springer Nature BV}
}

@inproceedings{oh2013challenges,
  title={The challenges and potential of end-user gesture customization},
  author={Oh, Uran and Findlater, Leah},
  booktitle={Proceedings of the SIGCHI conference on human factors in computing systems},
  pages={1129--1138},
  year={2013}
}

@inproceedings{wobbrock2009user,
  title={User-defined gestures for surface computing},
  author={Wobbrock, Jacob O and Morris, Meredith Ringel and Wilson, Andrew D},
  booktitle={Proceedings of the SIGCHI conference on human factors in computing systems},
  pages={1083--1092},
  year={2009}
}

@inproceedings{xu2022enabling,
  title={Enabling hand gesture customization on wrist-worn devices},
  author={Xu, Xuhai and Gong, Jun and Brum, Carolina and Liang, Lilian and Suh, Bongsoo and Gupta, Shivam Kumar and Agarwal, Yash and Lindsey, Laurence and Kang, Runchang and Shahsavari, Behrooz and others},
  booktitle={Proceedings of the 2022 CHI Conference on Human Factors in Computing Systems},
  pages={1--19},
  year={2022}
}

@inproceedings{wu2024mindshift,
  title={MindShift: Leveraging Large Language Models for Mental-States-Based Problematic Smartphone Use Intervention},
  author={Wu, Ruolan and Yu, Chun and Pan, Xiaole and Liu, Yujia and Zhang, Ningning and Fu, Yue and Wang, Yuhan and Zheng, Zhi and Chen, Li and Jiang, Qiaolei and others},
  booktitle={Proceedings of the CHI Conference on Human Factors in Computing Systems},
  pages={1--24},
  year={2024}
}

@inproceedings{orzikulova2024time2stop,
  title={Time2Stop: Adaptive and Explainable Human-AI Loop for Smartphone Overuse Intervention},
  author={Orzikulova, Adiba and Xiao, Han and Li, Zhipeng and Yan, Yukang and Wang, Yuntao and Shi, Yuanchun and Ghassemi, Marzyeh and Lee, Sung-Ju and Dey, Anind K and Xu, Xuhai},
  booktitle={Proceedings of the CHI Conference on Human Factors in Computing Systems},
  pages={1--20},
  year={2024}
}

@inproceedings{lu2024interactout,
  title={InteractOut: Leveraging Interaction Proxies as Input Manipulation Strategies for Reducing Smartphone Overuse},
  author={Lu, Tao and Zheng, Hongxiao and Zhang, Tianying and Xu, Xuhai “Orson” and Guo, Anhong},
  booktitle={Proceedings of the CHI Conference on Human Factors in Computing Systems},
  pages={1--19},
  year={2024}
}

@inproceedings{li2024stayfocused,
  title={StayFocused: Examining the Effects of Reflective Prompts and Chatbot Support on Compulsive Smartphone Use},
  author={Li, Zhuoyang and Liang, Minhui and Lc, Ray and Luo, Yuhan},
  booktitle={Proceedings of the CHI Conference on Human Factors in Computing Systems},
  pages={1--19},
  year={2024}
}

@inproceedings{xu2022typeout,
  title={TypeOut: leveraging just-in-time self-affirmation for smartphone overuse reduction},
  author={Xu, Xuhai and Zou, Tianyuan and Xiao, Han and Li, Yanzhang and Wang, Ruolin and Yuan, Tianyi and Wang, Yuntao and Shi, Yuanchun and Mankoff, Jennifer and Dey, Anind K},
  booktitle={Proceedings of the 2022 CHI Conference on Human Factors in Computing Systems},
  pages={1--17},
  year={2022}
}

@article{kim2019goalkeeper,
  title={Goalkeeper: Exploring interaction lockout mechanisms for regulating smartphone use},
  author={Kim, Jaejeung and Jung, Hayoung and Ko, Minsam and Lee, Uichin},
  journal={Proceedings of the ACM on Interactive, Mobile, Wearable and Ubiquitous Technologies},
  volume={3},
  number={1},
  pages={1--29},
  year={2019},
  publisher={ACM New York, NY, USA}
}

@inproceedings{hiniker2016mytime,
  title={MyTime: designing and evaluating an intervention for smartphone non-use},
  author={Hiniker, Alexis and Hong, Sungsoo and Kohno, Tadayoshi and Kientz, Julie A},
  booktitle={Proceedings of the 2016 CHI conference on human factors in computing systems},
  pages={4746--4757},
  year={2016}
}

@inproceedings{luo2018time,
  title={Time for break: Understanding information workers' sedentary behavior through a break prompting system},
  author={Luo, Yuhan and Lee, Bongshin and Wohn, Donghee Yvette and Rebar, Amanda L and Conroy, David E and Choe, Eun Kyoung},
  booktitle={Proceedings of the 2018 CHI Conference on Human Factors in Computing Systems},
  pages={1--14},
  year={2018}
}

@inproceedings{wang2019point,
  title={The point-of-choice prompt or the always-on progress bar? A pilot study of reminders for prolonged sedentary behavior change},
  author={Wang, Yunlong and Reiterer, Harald},
  booktitle={Extended Abstracts of the 2019 CHI Conference on Human Factors in Computing Systems},
  pages={1--6},
  year={2019}
}

@inproceedings{yoo2020embedding,
  title={Embedding a VR game studio in a sedentary workplace: use, experience and exercise benefits},
  author={Yoo, Soojeong and Gough, Phillip and Kay, Judy},
  booktitle={Proceedings of the 2020 CHI Conference on Human Factors in Computing Systems},
  pages={1--14},
  year={2020}
}

@inproceedings{dalton2023wheel,
  title={Wheel time interaction: A demonstration of PedalMouse for healthy interaction: Wheel time interaction, a demonstration of PedalMouse: Towards less sedentary interaction with computers.},
  author={Dalton, Nick Sheep and Dow, Andy},
  booktitle={Extended Abstracts of the 2023 CHI Conference on Human Factors in Computing Systems},
  pages={1--4},
  year={2023}
}

@inproceedings{paay2015understanding,
  title={Understanding individual differences for tailored smoking cessation apps},
  author={Paay, Jeni and Kjeldskov, Jesper and Skov, Mikael B and Lichon, Lars and Rasmussen, Stephan},
  booktitle={Proceedings of the 33rd Annual ACM Conference on Human Factors in Computing Systems},
  pages={1699--1708},
  year={2015}
}

@inproceedings{el2016vapetracker,
  title={VapeTracker: Tracking vapor consumption to help e-cigarette users quit},
  author={El Ali, Abdallah and Matviienko, Andrii and Feld, Yannick and Heuten, Wilko and Boll, Susanne},
  booktitle={Proceedings of the 2016 CHI Conference Extended Abstracts on Human Factors in Computing Systems},
  pages={2049--2056},
  year={2016}
}

@inproceedings{smith2017trajectories,
  title={Trajectories of engagement and disengagement with a story-based smoking cessation app},
  author={Smith, Wally and Ploderer, Bernd and Wadley, Greg and Webber, Sarah and Borland, Ron},
  booktitle={Proceedings of the 2017 CHI conference on human factors in computing systems},
  pages={3045--3056},
  year={2017}
}

@article{chatterjee2020smokingopp,
  title={Smokingopp: Detecting the smoking'opportunity'context using mobile sensors},
  author={Chatterjee, Soujanya and Moreno, Alexander and Lizotte, Steven Lloyd and Akther, Sayma and Ertin, Emre and Fagundes, Christopher P and Lam, Cho and Rehg, James M and Wan, Neng and Wetter, David W and others},
  journal={Proceedings of the ACM on interactive, mobile, wearable and ubiquitous technologies},
  volume={4},
  number={1},
  pages={1--26},
  year={2020},
  publisher={ACM New York, NY, USA}
}

@article{ullah2022mrisk,
  title={mRisk: continuous risk estimation for smoking lapse from noisy sensor data with incomplete and positive-only labels},
  author={Ullah, Md Azim and Chatterjee, Soujanya and Fagundes, Christopher P and Lam, Cho and Nahum-Shani, Inbal and Rehg, James M and Wetter, David W and Kumar, Santosh},
  journal={Proceedings of the ACM on interactive, mobile, wearable and ubiquitous technologies},
  volume={6},
  number={3},
  pages={1--29},
  year={2022},
  publisher={ACM New York, NY, USA}
}

@article{alharbi2023smokemon,
  title={Smokemon: unobtrusive extraction of smoking topography using wearable energy-efficient thermal},
  author={Alharbi, Rawan and Shahi, Soroush and Cruz, Stefany and Li, Lingfeng and Sen, Sougata and Pedram, Mahdi and Romano, Christopher and Hester, Josiah and Katsaggelos, Aggelos K and Alshurafa, Nabil},
  journal={Proceedings of the ACM on interactive, mobile, wearable and ubiquitous technologies},
  volume={6},
  number={4},
  pages={1--25},
  year={2023},
  publisher={ACM New York, NY, USA}
}

@article{rojas2021scalable,
  title={A scalable solution for signaling face touches to reduce the spread of surface-based pathogens},
  author={Rojas, Camilo and Poulsen, Niels and Van Tuyl, Mileva and Vargas, Daniel and Cohen, Zipporah and Paradiso, Joe and Maes, Pattie and Esvelt, Kevin and Adib, Fadel},
  journal={Proceedings of the ACM on Interactive, Mobile, Wearable and Ubiquitous Technologies},
  volume={5},
  number={1},
  pages={1--22},
  year={2021},
  publisher={ACM New York, NY, USA}
}

@inproceedings{lee2017itchtector,
  title={Itchtector: a wearable-based mobile system for managing itching conditions},
  author={Lee, Jongin and Cho, Daeki and Kim, Junhong and Im, Eunji and Bak, JinYeong and Lee, Kyung Ho and Lee, Kwan Hong and Kim, John},
  booktitle={Proceedings of the 2017 CHI conference on human factors in computing systems},
  pages={893--905},
  year={2017}
}

// JIT + AI intervention with mobile and wearable devices

@inproceedings{rabbi2015mybehavior,
  title={MyBehavior: automatic personalized health feedback from user behaviors and preferences using smartphones},
  author={Rabbi, Mashfiqui and Aung, Min Hane and Zhang, Mi and Choudhury, Tanzeem},
  booktitle={Proceedings of the 2015 ACM international joint conference on pervasive and ubiquitous computing},
  pages={707--718},
  year={2015}
}

@inproceedings{han2022stressbal,
  title={StressBal: Personalized Just-in-time Stress Intervention with Wearable and Phone Sensing},
  author={Han, Yunjo and Lee, Hyemin and Toshnazarov, Kobiljon E and Noh, Youngtae and Lee, Uichin},
  booktitle={Adjunct Proceedings of the 2022 ACM International Joint Conference on Pervasive and Ubiquitous Computing and the 2022 ACM International Symposium on Wearable Computers},
  pages={41--43},
  year={2022}
}

@inproceedings{terzimehic2017exploring,
  title={Exploring challenges in automated just-in-time adaptive food choice interventions},
  author={Terzimehi{\'c}, Na{\dj}a and Schneegass, Christina and Hu{\ss}mann, Heinrich},
  booktitle={Proceedings of the 2nd International Workshop on Multimedia for Personal Health and Health Care},
  pages={81--84},
  year={2017}
}

@article{qi2023cases,
  title={Cases: A cognition-aware smart eyewear system for understanding how people read},
  author={Qi, Xiangyao and Lu, Qi and Pan, Wentao and Zhao, Yingying and Zhu, Rui and Dong, Mingzhi and Chang, Yuhu and Lv, Qin and Dick, Robert P and Yang, Fan and others},
  journal={Proceedings of the ACM on Interactive, Mobile, Wearable and Ubiquitous Technologies},
  volume={7},
  number={3},
  pages={1--31},
  year={2023},
  publisher={ACM New York, NY, USA}
}

@article{bari2020automated,
  title={Automated detection of stressful conversations using wearable physiological and inertial sensors},
  author={Bari, Rummana and Rahman, Md Mahbubur and Saleheen, Nazir and Parsons, Megan Battles and Buder, Eugene H and Kumar, Santosh},
  journal={Proceedings of the ACM on interactive, mobile, wearable and ubiquitous technologies},
  volume={4},
  number={4},
  pages={1--23},
  year={2020},
  publisher={ACM New York, NY, USA}
}

@article{segura2024enhanced,
  title={Enhanced Detection of Transdermal Alcohol Levels Using Hyperdimensional Computing on Embedded Devices},
  author={Segura, Manuel E and Verges, Pere and Chen, Justin Tian Jin and Arangott, Ramesh and Garcia, Angela Kristine and Reynoso, Laura Garcia and Nicolau, Alexandru and Givargis, Tony and Gago-Masague, Sergio},
  journal={arXiv preprint arXiv:2403.12323},
  year={2024}
}

@inproceedings{sarker2014assessing,
  title={Assessing the availability of users to engage in just-in-time intervention in the natural environment},
  author={Sarker, Hillol and Sharmin, Moushumi and Ali, Amin Ahsan and Rahman, Md Mahbubur and Bari, Rummana and Hossain, Syed Monowar and Kumar, Santosh},
  booktitle={Proceedings of the 2014 ACM international joint conference on pervasive and ubiquitous computing},
  pages={909--920},
  year={2014}
}

@article{liao2020personalized,
  title={Personalized heartsteps: A reinforcement learning algorithm for optimizing physical activity},
  author={Liao, Peng and Greenewald, Kristjan and Klasnja, Predrag and Murphy, Susan},
  journal={Proceedings of the ACM on Interactive, Mobile, Wearable and Ubiquitous Technologies},
  volume={4},
  number={1},
  pages={1--22},
  year={2020},
  publisher={ACM New York, NY, USA}
}

@inproceedings{kim2022prediction,
  title={Prediction for retrospection: Integrating algorithmic stress prediction into personal informatics systems for college students’ mental health},
  author={Kim, Taewan and Kim, Haesoo and Lee, Ha Yeon and Goh, Hwarang and Abdigapporov, Shakhboz and Jeong, Mingon and Cho, Hyunsung and Han, Kyungsik and Noh, Youngtae and Lee, Sung-Ju and others},
  booktitle={Proceedings of the 2022 CHI Conference on Human Factors in Computing Systems},
  pages={1--20},
  year={2022}
}

% JIT Theory
@article{nahum2018just,
  title={Just-in-time adaptive interventions (JITAIs) in mobile health: key components and design principles for ongoing health behavior support},
  author={Nahum-Shani, Inbal and Smith, Shawna N and Spring, Bonnie J and Collins, Linda M and Witkiewitz, Katie and Tewari, Ambuj and Murphy, Susan A},
  journal={Annals of Behavioral Medicine},
  pages={1--17},
  year={2018},
  publisher={Springer}
}

@article{koch2021drivers,
  title={When do drivers interact with in-vehicle well-being interventions? An exploratory analysis of a longitudinal study on public roads},
  author={Koch, Kevin and Mishra, Varun and Liu, Shu and Berger, Thomas and Fleisch, Elgar and Kotz, David and Wortmann, Felix},
  journal={Proceedings of the ACM on interactive, mobile, wearable and ubiquitous technologies},
  volume={5},
  number={1},
  pages={1--30},
  year={2021},
  publisher={ACM New York, NY, USA}
}

@article{choi2019multi,
  title={Multi-stage receptivity model for mobile just-in-time health intervention},
  author={Choi, Woohyeok and Park, Sangkeun and Kim, Duyeon and Lim, Youn-kyung and Lee, Uichin},
  journal={Proceedings of the ACM on interactive, mobile, wearable and ubiquitous technologies},
  volume={3},
  number={2},
  pages={1--26},
  year={2019},
  publisher={ACM New York, NY, USA}
}

@inproceedings{kim2019lockntype,
  title={LocknType: Lockout task intervention for discouraging smartphone app use},
  author={Kim, Jaejeung and Park, Joonyoung and Lee, Hyunsoo and Ko, Minsam and Lee, Uichin},
  booktitle={Proceedings of the 2019 CHI conference on human factors in computing systems},
  pages={1--12},
  year={2019}
}

@inproceedings{howe2022design,
  title={Design of digital workplace stress-reduction intervention systems: Effects of intervention type and timing},
  author={Howe, Esther and Suh, Jina and Bin Morshed, Mehrab and McDuff, Daniel and Rowan, Kael and Hernandez, Javier and Abdin, Marah Ihab and Ramos, Gonzalo and Tran, Tracy and Czerwinski, Mary P},
  booktitle={Proceedings of the 2022 CHI Conference on Human Factors in Computing Systems},
  pages={1--16},
  year={2022}
}

@inproceedings{raether2022evaluating,
  title={Evaluating Just-In-Time Vibrotactile Feedback for Communication Anxiety},
  author={Raether, Jason and Nirjhar, Ehsanul Haque and Chaspari, Theodora},
  booktitle={Proceedings of the 2022 International Conference on Multimodal Interaction},
  pages={117--127},
  year={2022}
}

@inproceedings{hsu2014persuasive,
  title={Persuasive technology for overcoming food cravings and improving snack choices},
  author={Hsu, Anne and Yang, Jing and Yilmaz, Yigit Han and Haque, Md Sanaul and Can, Cengiz and Blandford, Ann E},
  booktitle={Proceedings of the SIGCHI conference on human factors in computing systems},
  pages={3403--3412},
  year={2014}
}

@inproceedings{sun2020beactive,
  title={BeActive: Encouraging physical activities with just-in-time health intervention and micro financial incentives},
  author={Sun, Juho and Park, Sangkeun and Jung, Gyuwon and Jeong, Yong and Lee, Uichin and Chung, Kyong-Mee and Lee, Changseok and Kim, Heewon and Ahn, Suhyon and Khandoker, Ahsan and others},
  booktitle={Proceedings of the 2020 Symposium on Emerging Research from Asia and on Asian Contexts and Cultures},
  pages={17--20},
  year={2020}
}

@article{haliburton2023exploring,
  title={Exploring Smart Standing Desks to Foster a Healthier Workplace},
  author={Haliburton, Luke and Kheirinejad, Saba and Schmidt, Albrecht and Mayer, Sven},
  journal={Proceedings of the ACM on Interactive, Mobile, Wearable and Ubiquitous Technologies},
  volume={7},
  number={2},
  pages={1--22},
  year={2023},
  publisher={ACM New York, NY, USA}
}

@article{middleton2013long,
  title={Long-term adherence to health behavior change},
  author={Middleton, Kathryn R and Anton, Stephen D and Perri, Michal G},
  journal={American journal of lifestyle medicine},
  volume={7},
  number={6},
  pages={395--404},
  year={2013},
  publisher={SAGE Publications Sage CA: Los Angeles, CA}
}

@article{short2018measuring,
  title={Measuring engagement in eHealth and mHealth behavior change interventions: viewpoint of methodologies},
  author={Short, Camille E and DeSmet, Ann and Woods, Catherine and Williams, Susan L and Maher, Carol and Middelweerd, Anouk and M{\"u}ller, Andre Matthias and Wark, Petra A and Vandelanotte, Corneel and Poppe, Louise and others},
  journal={Journal of medical Internet research},
  volume={20},
  number={11},
  pages={e292},
  year={2018},
  publisher={JMIR Publications Toronto, Canada}
}

@article{wei2020design,
  title={Design features for improving mobile health intervention user engagement: systematic review and thematic analysis},
  author={Wei, Yanxia and Zheng, Pinpin and Deng, Hui and Wang, Xihui and Li, Xiaomei and Fu, Hua},
  journal={Journal of medical Internet research},
  volume={22},
  number={12},
  pages={e21687},
  year={2020},
  publisher={JMIR Publications Toronto, Canada}
}

