@inproceedings{hu2020fine,
  title={Fine-grained activities recognition with coarse-grained labeled multi-modal data},
  author={Hu, Zhizhang and Yu, Tong and Zhang, Yue and Pan, Shijia},
  booktitle={Adjunct Proceedings of the 2020 ACM International Joint Conference on Pervasive and Ubiquitous Computing and Proceedings of the 2020 ACM International Symposium on Wearable Computers},
  pages={644--649},
  year={2020}
}

@inproceedings{chen2015utd,
  title={UTD-MHAD: A multimodal dataset for human action recognition utilizing a depth camera and a wearable inertial sensor},
  author={Chen, Chen and Jafari, Roozbeh and Kehtarnavaz, Nasser},
  booktitle={2015 IEEE International conference on image processing (ICIP)},
  pages={168--172},
  year={2015},
  organization={IEEE}
}

@misc{opportunity_activity_recognition_226,
  author       = {Roggen, Daniel and Calatroni, Alberto and Nguyen-Dinh, Long-Van and Chavarriaga, Ricardo and Sagha, Hesam},
  title        = {{OPPORTUNITY Activity Recognition}},
  year         = {2010},
  howpublished = {UCI Machine Learning Repository},
  note         = {{DOI}: https://doi.org/10.24432/C5M027}
}

@article{matey2023dataset,
  title={Dataset of inertial measurements of smartphones and smartwatches for human activity recognition},
  author={Matey-Sanz, Miguel and Casteleyn, Sven and Granell, Carlos},
  journal={Data in Brief},
  volume={51},
  pages={109809},
  year={2023},
  publisher={Elsevier}
}

@data{T8/NNDFQD_2022,
author = {Adaimi, Rebecca},
publisher = {Texas Data Repository},
title = {{Data for: Leveraging Sound and Wrist Motion to Detect Activities of Daily Living with Commodity Smartwatches}},
UNF = {UNF:6:xJH5GmACr+cy8gdNwoeWww==},
year = {2022},
version = {V2},
doi = {10.18738/T8/NNDFQD},
url = {https://doi.org/10.18738/T8/NNDFQD}
}

@article{bhattacharya2022leveraging,
  title={Leveraging sound and wrist motion to detect activities of daily living with commodity smartwatches},
  author={Bhattacharya, Sarnab and Adaimi, Rebecca and Thomaz, Edison},
  journal={Proceedings of the ACM on Interactive, Mobile, Wearable and Ubiquitous Technologies},
  volume={6},
  number={2},
  pages={1--28},
  year={2022},
  publisher={ACM New York, NY, USA}
}

@dataset{ada_alevizaki_2022_7092553,
  author       = {Ada Alevizaki and
                  Niki Trigoni},
  title        = {watchHAR: A Smartwatch IMU dataset for Activities
                   of Daily Living
                  },
  month        = sep,
  year         = 2022,
  publisher    = {Zenodo},
  doi          = {10.5281/zenodo.7092553},
  url          = {https://doi.org/10.5281/zenodo.7092553},
}

@dataset{mallol_ragolta_2022_6517688,
  author       = {Mallol-Ragolta, Adria and
                  Semertzidou, Anastasia and
                  Pateraki, Maria and
                  Schuller, Björn},
  title        = {harAGE Corpus},
  month        = may,
  year         = 2022,
  publisher    = {Zenodo},
  version      = {1.0},
  doi          = {10.5281/zenodo.6517688},
  url          = {https://doi.org/10.5281/zenodo.6517688},
}

@dataset{alexander_holzemann_2024_7654684,
  author       = {Alexander Hölzemann and
                  Kristof Van Laerhoven},
  title        = {Self-Annotated Wearable Activity Data},
  month        = jan,
  year         = 2024,
  publisher    = {Zenodo},
  version      = {0.1},
  doi          = {10.5281/zenodo.7654684},
  url          = {https://doi.org/10.5281/zenodo.7654684},
}

@article{herrera2019monitoring,
  title={Monitoring student activities with smartwatches: On the academic performance enhancement},
  author={Herrera-Alc{\'a}ntara, Oscar and Barrera-Animas, Ari Yair and Gonz{\'a}lez-Mendoza, Miguel and Castro-Espinoza, F{\'e}lix},
  journal={Sensors},
  volume={19},
  number={7},
  pages={1605},
  year={2019},
  publisher={MDPI}
}

@inproceedings{ofli2013berkeley,
  title={Berkeley mhad: A comprehensive multimodal human action database},
  author={Ofli, Ferda and Chaudhry, Rizwan and Kurillo, Gregorij and Vidal, Ren{\'e} and Bajcsy, Ruzena},
  booktitle={2013 IEEE workshop on applications of computer vision (WACV)},
  pages={53--60},
  year={2013},
  organization={IEEE}
}

@article{de2009guide,
  title={Guide to the carnegie mellon university multimodal activity (cmu-mmac) database},
  author={De la Torre, Fernando and Hodgins, Jessica and Bargteil, Adam and Martin, Xavier and Macey, Justin and Collado, Alex and Beltran, Pep},
  year={2009},
  publisher={Citeseer}
}

@dataset{kirmizis_2021_4507451,
  author       = {Kirmizis, Athanasios and
                  Kyritsis, Konstantinos and
                  Delopoulos, Anastasios},
  title        = {Wrist-mounted IMU data towards the investigation
                   of free-living smoking behavior - the Smoking
                   Event Detection (SED) and Free-living Smoking
                   Event Detection (SED-FL) datasets
                  },
  month        = may,
  year         = 2021,
  publisher    = {Zenodo},
  doi          = {10.5281/zenodo.4507451},
  url          = {https://doi.org/10.5281/zenodo.4507451},
}

@dataset{kyritsis_2021_4421861,
  author       = {Kyritsis, Konstantinos and
                  Diou, Christos and
                  Delopoulos, Anastasios},
  title        = {Wrist-mounted IMU data towards the investigation
                   of in-meal human eating behavior - the Food Intake
                   Cycle (FIC) dataset
                  },
  month        = jan,
  year         = 2021,
  publisher    = {Zenodo},
  doi          = {10.5281/zenodo.4421861},
  url          = {https://doi.org/10.5281/zenodo.4421861},
}

@article{vaizman2017recognizing,
  title={Recognizing detailed human context in the wild from smartphones and smartwatches},
  author={Vaizman, Yonatan and Ellis, Katherine and Lanckriet, Gert},
  journal={IEEE pervasive computing},
  volume={16},
  number={4},
  pages={62--74},
  year={2017},
  publisher={IEEE}
}

@dataset{hu_2022_7058383_dataset,
  author       = {Hu, Zhizhang and
                  Zhang, Yue and
                  Pan, Shijia},
  title        = {Vibration and IMU Sensing Human Activity Dataset},
  month        = sep,
  year         = 2022,
  publisher    = {Zenodo},
  version      = 2,
  doi          = {10.5281/zenodo.7058383},
  url          = {https://doi.org/10.5281/zenodo.7058383},
}

@article{hu_2022_7058383,
  title={Fine-grained activities recognition with coarse-grained labeled multi-modal data},
  author={Hu, Zhizhang and Yu, Tong and Zhang, Yue and Pan, Shijia},
  booktitle={Adjunct Proceedings of the 2020 ACM International Joint Conference on Pervasive and Ubiquitous Computing and Proceedings of the 2020 ACM International Symposium on Wearable Computers},
  pages={644--649},
  year={2020}
}