@article{yuan2024self,
  title={Self-supervised learning for human activity recognition using 700,000 person-days of wearable data},
  author={Yuan, Hang and Chan, Shing and Creagh, Andrew P and Tong, Catherine and Acquah, Aidan and Clifton, David A and Doherty, Aiden},
  journal={NPJ digital medicine},
  volume={7},
  number={1},
  pages={91},
  year={2024},
  publisher={Nature Publishing Group UK London}
}

@article{doherty2017large,
  title={Large scale population assessment of physical activity using wrist worn accelerometers: the UK biobank study},
  author={Doherty, Aiden and Jackson, Dan and Hammerla, Nils and Pl{\"o}tz, Thomas and Olivier, Patrick and Granat, Malcolm H and White, Tom and Van Hees, Vincent T and Trenell, Michael I and Owen, Christoper G and others},
  journal={PloS one},
  volume={12},
  number={2},
  pages={e0169649},
  year={2017},
  publisher={Public Library of Science San Francisco, CA USA}
}

@inproceedings{he2016deep,
  title={Deep residual learning for image recognition},
  author={He, Kaiming and Zhang, Xiangyu and Ren, Shaoqing and Sun, Jian},
  booktitle={Proceedings of the IEEE conference on computer vision and pattern recognition},
  pages={770--778},
  year={2016}
}

@inproceedings{twomey2018comprehensive,
  title={A comprehensive study of activity recognition using accelerometers},
  author={Twomey, Niall and Diethe, Tom and Fafoutis, Xenofon and Elsts, Atis and McConville, Ryan and Flach, Peter and Craddock, Ian},
  booktitle={Informatics},
  volume={5},
  number={2},
  pages={27},
  year={2018},
  organization={MDPI}
}

@inproceedings{haresamudram2019role,
  title={On the role of features in human activity recognition},
  author={Haresamudram, Harish and Anderson, David V and Pl{\"o}tz, Thomas},
  booktitle={Proceedings of the 2019 ACM International Symposium on Wearable Computers},
  pages={78--88},
  year={2019}
}

@article{saeed2019multi,
  title={Multi-task self-supervised learning for human activity detection},
  author={Saeed, Aaqib and Ozcelebi, Tanir and Lukkien, Johan},
  journal={Proceedings of the ACM on Interactive, Mobile, Wearable and Ubiquitous Technologies},
  volume={3},
  number={2},
  pages={1--30},
  year={2019},
  publisher={ACM New York, NY, USA}
}

@inproceedings{um2017data,
  title={Data augmentation of wearable sensor data for parkinsonâ€™s disease monitoring using convolutional neural networks},
  author={Um, Terry T and Pfister, Franz MJ and Pichler, Daniel and Endo, Satoshi and Lang, Muriel and Hirche, Sandra and Fietzek, Urban and Kuli{\'c}, Dana},
  booktitle={Proceedings of the 19th ACM international conference on multimodal interaction},
  pages={216--220},
  year={2017}
}

@article{nguyen2023hand,
  title={Hand Gesture Recognition From Wrist-Worn Camera for Human--Machine Interaction},
  author={Nguyen, Hong-Quan and Le, Trung-Hieu and Tran, Trung-Kien and Tran, Hoang-Nhat and Tran, Thanh-Hai and Le, Thi-Lan and Vu, Hai and Pham, Cuong and Nguyen, Thanh Phuong and Nguyen, Huu Thanh},
  journal={IEEE Access},
  volume={11},
  pages={53262--53274},
  year={2023},
  publisher={IEEE}
}

@article{qi2024computer,
  title={Computer vision-based hand gesture recognition for human-robot interaction: a review},
  author={Qi, Jing and Ma, Li and Cui, Zhenchao and Yu, Yushu},
  journal={Complex \& Intelligent Systems},
  volume={10},
  number={1},
  pages={1581--1606},
  year={2024},
  publisher={Springer}
}

@inproceedings{lee2024echowrist,
  title={Echowrist: Continuous hand pose tracking and hand-object interaction recognition using low-power active acoustic sensing on a wristband},
  author={Lee, Chi-Jung and Zhang, Ruidong and Agarwal, Devansh and Yu, Tianhong Catherine and Gunda, Vipin and Lopez, Oliver and Kim, James and Yin, Sicheng and Dong, Boao and Li, Ke and others},
  booktitle={Proceedings of the CHI Conference on Human Factors in Computing Systems},
  pages={1--21},
  year={2024}
}

@inproceedings{li2023enabling,
  title={Enabling voice-accompanying hand-to-face gesture recognition with cross-device sensing},
  author={Li, Zisu and Liang, Chen and Wang, Yuntao and Qin, Yue and Yu, Chun and Yan, Yukang and Fan, Mingming and Shi, Yuanchun},
  booktitle={Proceedings of the 2023 CHI Conference on Human Factors in Computing Systems},
  pages={1--17},
  year={2023}
}

@article{meng2022user,
  title={User-tailored hand gesture recognition system for wearable prosthesis and armband based on surface electromyogram},
  author={Meng, Long and Jiang, Xinyu and Liu, Xiangyu and Fan, Jiahao and Ren, Haoran and Guo, Yao and Diao, Haikang and Wang, Zihao and Chen, Chen and Dai, Chenyun and others},
  journal={IEEE Transactions on Instrumentation and Measurement},
  volume={71},
  pages={1--16},
  year={2022},
  publisher={IEEE}
}

@article{chamberland2023novel,
  title={Novel wearable HD-EMG sensor with shift-robust gesture recognition using deep learning},
  author={Chamberland, F{\'e}lix and Buteau, {\'E}tienne and Tam, Simon and Campbell, Evan and Mortazavi, Ali and Scheme, Erik and Fortier, Paul and Boukadoum, Mounir and Campeau-Lecours, Alexandre and Gosselin, Benoit},
  journal={IEEE Transactions on Biomedical Circuits and Systems},
  year={2023},
  publisher={IEEE}
}

@article{si2022flexible,
  title={Flexible strain sensors for wearable hand gesture recognition: from devices to systems},
  author={Si, Yuying and Chen, Sujie and Li, Ming and Li, Siying and Pei, Yisen and Guo, Xiaojun},
  journal={Advanced Intelligent Systems},
  volume={4},
  number={2},
  pages={2100046},
  year={2022},
  publisher={Wiley Online Library}
}

@article{delpreto2022wearable,
  title={A wearable smart glove and its application of pose and gesture detection to sign language classification},
  author={DelPreto, Joseph and Hughes, Josie and D'Aria, Matteo and De Fazio, Marco and Rus, Daniela},
  journal={IEEE Robotics and Automation Letters},
  volume={7},
  number={4},
  pages={10589--10596},
  year={2022},
  publisher={IEEE}
}

@inproceedings{sluyters2022hand,
  title={Hand gesture recognition for an off-the-shelf radar by electromagnetic modeling and inversion},
  author={Slu{\"y}ters, Arthur and Lambot, S{\'e}bastien and Vanderdonckt, Jean},
  booktitle={Proceedings of the 27th International Conference on Intelligent User Interfaces},
  pages={506--522},
  year={2022}
}

@article{byberi2023glovesense,
  title={GloveSense: A hand gesture recognition system based on inductive sensing},
  author={Byberi, Armanda and Ravan, Maryam and Amineh, Reza K},
  journal={IEEE Sensors Journal},
  volume={23},
  number={9},
  pages={9210--9219},
  year={2023},
  publisher={IEEE}
}

@article{li2023signring,
  title={Signring: Continuous american sign language recognition using imu rings and virtual imu data},
  author={Li, Jiyang and Huang, Lin and Shah, Siddharth and Jones, Sean J and Jin, Yincheng and Wang, Dingran and Russell, Adam and Choi, Seokmin and Gao, Yang and Yuan, Junsong and others},
  journal={Proceedings of the ACM on Interactive, Mobile, Wearable and Ubiquitous Technologies},
  volume={7},
  number={3},
  pages={1--29},
  year={2023},
  publisher={ACM New York, NY, USA}
}

@article{sharma2023sparseimu,
  title={SparseIMU: Computational design of sparse IMU layouts for sensing fine-grained finger microgestures},
  author={Sharma, Adwait and Salchow-H{\"o}mmen, Christina and Mollyn, Vimal Suresh and Nittala, Aditya Shekhar and Hedderich, Michael A and Koelle, Marion and Seel, Thomas and Steimle, J{\"u}rgen},
  journal={ACM Transactions on Computer-Human Interaction},
  volume={30},
  number={3},
  pages={1--40},
  year={2023},
  publisher={ACM New York, NY}
}

@article{leng2024imugpt,
  title={Imugpt 2.0: Language-based cross modality transfer for sensor-based human activity recognition},
  author={Leng, Zikang and Bhattacharjee, Amitrajit and Rajasekhar, Hrudhai and Zhang, Lizhe and Bruda, Elizabeth and Kwon, Hyeokhyen and Pl{\"o}tz, Thomas},
  journal={Proceedings of the ACM on Interactive, Mobile, Wearable and Ubiquitous Technologies},
  volume={8},
  number={3},
  pages={1--32},
  year={2024},
  publisher={ACM New York, NY, USA}
}

@inproceedings{shen2024mousering,
  title={MouseRing: Always-available Touchpad Interaction with IMU Rings},
  author={Shen, Xiyuan and Yu, Chun and Wang, Xutong and Liang, Chen and Chen, Haozhan and Shi, Yuanchun},
  booktitle={Proceedings of the CHI Conference on Human Factors in Computing Systems},
  pages={1--19},
  year={2024}
}

@article{rahimian2021fs,
  title={FS-HGR: Few-shot learning for hand gesture recognition via electromyography},
  author={Rahimian, Elahe and Zabihi, Soheil and Asif, Amir and Farina, Dario and Atashzar, Seyed Farokh and Mohammadi, Arash},
  journal={IEEE transactions on neural systems and rehabilitation engineering},
  volume={29},
  pages={1004--1015},
  year={2021},
  publisher={IEEE}
}

@article{zou2024pregesnet,
  title={PreGesNet: Few-Shot Acoustic Gesture Recognition Based on Task-Adaptive Pretrained Networks},
  author={Zou, Yongpan and Wang, Yunshu and Dong, Haozhi and Wang, Yaqing and He, Yanbo and Wu, Kaishun},
  journal={IEEE Transactions on Mobile Computing},
  year={2024},
  publisher={IEEE}
}

@inproceedings{doheny2010single,
  title={A single gyroscope method for spatial gait analysis},
  author={Doheny, Emer P and Foran, Timothy G and Greene, Barry R},
  booktitle={2010 Annual International Conference of the IEEE Engineering in Medicine and Biology},
  pages={1300--1303},
  year={2010},
  organization={IEEE}
}

@article{han2019gyroscope,
  title={Gyroscope-based continuous human hand gesture recognition for multi-modal wearable input device for human machine interaction},
  author={Han, Hobeom and Yoon, Sang Won},
  journal={Sensors},
  volume={19},
  number={11},
  pages={2562},
  year={2019},
  publisher={MDPI}
}

@inproceedings{zhao2018ppg,
  title={PPG-based finger-level gesture recognition leveraging wearables},
  author={Zhao, Tianming and Liu, Jian and Wang, Yan and Liu, Hongbo and Chen, Yingying},
  booktitle={IEEE INFOCOM 2018-IEEE Conference on Computer Communications},
  pages={1457--1465},
  year={2018},
  organization={IEEE}
}

@inproceedings{udovivcic2017wearable,
  title={Wearable emotion recognition system based on GSR and PPG signals},
  author={Udovi{\v{c}}i{\'c}, Goran and {\DH}erek, Jurica and Russo, Mladen and Sikora, Marjan},
  booktitle={Proceedings of the 2nd international workshop on multimedia for personal health and health care},
  pages={53--59},
  year={2017}
}

@article{boukhechba2019actippg,
  title={ActiPPG: Using deep neural networks for activity recognition from wrist-worn photoplethysmography (PPG) sensors},
  author={Boukhechba, Mehdi and Cai, Lihua and Wu, Congyu and Barnes, Laura E},
  journal={Smart Health},
  volume={14},
  pages={100082},
  year={2019},
  publisher={Elsevier}
}

@article{xu2023globem,
  title={GLOBEM: cross-dataset generalization of longitudinal human behavior modeling},
  author={Xu, Xuhai and Liu, Xin and Zhang, Han and Wang, Weichen and Nepal, Subigya and Sefidgar, Yasaman and Seo, Woosuk and Kuehn, Kevin S and Huckins, Jeremy F and Morris, Margaret E and others},
  journal={Proceedings of the ACM on Interactive, Mobile, Wearable and Ubiquitous Technologies},
  volume={6},
  number={4},
  pages={1--34},
  year={2023},
  publisher={ACM New York, NY, USA}
}

