% EFRBs

@article{snorrason2012skin,
  title={Skin picking disorder is associated with other body-focused repetitive behaviors: Findings from an internet study},
  author={Snorrason, Ivar and Ricketts, Emily J and Flessner, Christopher A and Franklin, Martin E and Stein, Dan J and Woods, Douglas W},
  journal={Ann Clin Psychiatry},
  volume={24},
  number={4},
  pages={292--299},
  year={2012}
}

@article{teng2002body,
  title={Body-focused repetitive behavior problems: Prevalence in a nonreferred population and differences in perceived somatic activity},
  author={Teng, Ellen J and Woods, Douglas W and Twohig, Michael P and Marcks, Brook A},
  journal={Behavior Modification},
  volume={26},
  number={3},
  pages={340--360},
  year={2002},
  publisher={Sage Publications Sage CA: Thousand Oaks, CA}
}

@article{oshio2018shake,
  title={Who shake their legs and bite their nails? Self-reported repetitive behaviors and big five personality traits},
  author={Oshio, Atsushi},
  journal={Psychological Studies},
  volume={63},
  number={4},
  pages={384--390},
  year={2018},
  publisher={Springer}
}

@article{stein2008trichotillomania,
  title={Is trichotillomania a stereotypic movement disorder? An analysis of body-focused repetitive behaviors in people with hair-pulling},
  author={Stein, Dan J and Flessner, Christopher A and Franklin, Martin and Keuthen, Nancy J and Lochner, Christine and Woods, Douglas W},
  journal={Annals of Clinical Psychiatry},
  volume={20},
  number={4},
  pages={194--198},
  year={2008},
  publisher={Taylor \& Francis}
}

@misc{stein1998phenomenology,
  title={Phenomenology of stereotypic movement disorder},
  author={Stein, Dan J and Niehaus, Dana JH and Seedat, Soraya and Emsley, Robin A},
  journal={Psychiatric annals},
  volume={28},
  number={6},
  pages={307--312},
  year={1998},
  publisher={SLACK Incorporated Thorofare, NJ}
}

% lip biting ->  cheilitis symptoms

@article{chalkoo2016exfoliative,
  title={Exfoliative cheilitis},
  author={Chalkoo, Altaf Hussain and Makroo, Nusrat Nazir and Peerzada, Gowhar Yaqub},
  journal={Indian J Dent Adv},
  volume={8},
  number={1},
  pages={56--9},
  year={2016}
}

@article{greenberg2017diseases,
  title={Diseases of the lips},
  author={Greenberg, Sophie A and Schlosser, Bethanee J and Mirowski, Ginat W},
  journal={Clinics in Dermatology},
  volume={35},
  number={5},
  pages={e1--e14},
  year={2017},
  publisher={Elsevier}
}

@article{narayanan2013behavioral,
  title={Behavioral signal processing: Deriving human behavioral informatics from speech and language},
  author={Narayanan, Shrikanth and Georgiou, Panayiotis G},
  journal={Proceedings of the IEEE},
  volume={101},
  number={5},
  pages={1203--1233},
  year={2013},
  publisher={IEEE}
}

@article{truong2015deployment,
  title={Deployment Study Length: How Long Should a System Be Evaluated in the Wild?},
  author={Truong, Khai and Kientz, Julie and Banerjee, Nilanjan and Brush, AJ and Mahajan, Ratul},
  journal={GetMobile: Mobile Computing and Communications},
  volume={19},
  number={2},
  pages={18--21},
  year={2015},
  publisher={ACM New York, NY, USA}
}

@article{mejia2023enhancing,
  title={Enhancing understanding of real-world listening experiences: Insights from ecological momentary assessments with assistive listening technologies},
  author={Mejia, Jorge and Meng, David and Sebastian, Arun},
  journal={The Journal of the Acoustical Society of America},
  volume={154},
  number={4\_supplement},
  pages={A119--A119},
  year={2023},
  publisher={Acoustical Society of America}
}

@article{mills2022development,
  title={Development of a ‘real-world’logic model through testing the feasibility of a complex healthcare intervention: the challenge of reconciling scalability and context-sensitivity},
  author={Mills, Thomas and Shannon, Rosie and O’Hara, Jane and Lawton, Rebecca and Sheard, Laura},
  journal={Evaluation},
  volume={28},
  number={1},
  pages={113--131},
  year={2022},
  publisher={SAGE Publications Sage UK: London, England}
}


@article{prior2014content,
  title={Content analysis},
  author={Prior, Lindsay},
  journal={The Oxford handbook of qualitative research},
  pages={359--379},
  year={2014}
}