@article{ali2022vehicle,
  title={Vehicle images dataset for make and model recognition},
  author={Ali, Mohsin and Tahir, Muhammad Atif and Durrani, Muhammad Nouman},
  journal={Data in brief},
  volume={42},
  year={2022},
  publisher={Elsevier}
}

@article{gayen2023two,
  title={Two decades of vehicle make and model recognition--survey, challenges and future directions},
  author={Gayen, Soumyajit and Maity, Sourajit and Singh, Pawan Kumar and Geem, Zong Woo and Sarkar, Ram},
  journal={Journal of King Saud University-Computer and Information Sciences},
  pages={101885},
  year={2023},
  publisher={Elsevier}
}

@inproceedings{he2016deep,
  title={Deep residual learning for image recognition},
  author={He, Kaiming and Zhang, Xiangyu and Ren, Shaoqing and Sun, Jian},
  booktitle={Proceedings of the IEEE conference on computer vision and pattern recognition},
  pages={770--778},
  year={2016}
}

@inproceedings{hu2018squeeze,
  title={Squeeze-and-excitation networks},
  author={Hu, Jie and Shen, Li and Sun, Gang},
  booktitle={Proceedings of the IEEE conference on computer vision and pattern recognition},
  pages={7132--7141},
  year={2018}
}

@inproceedings{huang2017densely,
  title={Densely connected convolutional networks},
  author={Huang, Gao and Liu, Zhuang and Van Der Maaten, Laurens and Weinberger, Kilian Q},
  booktitle={Proceedings of the IEEE conference on computer vision and pattern recognition},
  pages={4700--4708},
  year={2017}
}

@article{vaswani2017attention,
  title={Attention is all you need},
  author={Vaswani, Ashish and Shazeer, Noam and Parmar, Niki and Uszkoreit, Jakob and Jones, Llion and Gomez, Aidan N and Kaiser, {\L}ukasz and Polosukhin, Illia},
  journal={Advances in neural information processing systems},
  volume={30},
  year={2017}
}

@inproceedings{woo2018cbam,
  title={Cbam: Convolutional block attention module},
  author={Woo, Sanghyun and Park, Jongchan and Lee, Joon-Young and Kweon, In So},
  booktitle={Proceedings of the European conference on computer vision (ECCV)},
  pages={3--19},
  year={2018}
}

@inproceedings{sandler2018mobilenetv2,
  title={Mobilenetv2: Inverted residuals and linear bottlenecks},
  author={Sandler, Mark and Howard, Andrew and Zhu, Menglong and Zhmoginov, Andrey and Chen, Liang-Chieh},
  booktitle={Proceedings of the IEEE conference on computer vision and pattern recognition},
  pages={4510--4520},
  year={2018}
}

@inproceedings{tan2019efficientnet,
  title={Efficientnet: Rethinking model scaling for convolutional neural networks},
  author={Tan, Mingxing and Le, Quoc},
  booktitle={International conference on machine learning},
  pages={6105--6114},
  year={2019},
  organization={PMLR}
}

@article{dosovitskiy2020image,
  title={An image is worth 16x16 words: Transformers for image recognition at scale},
  author={Dosovitskiy, Alexey and Beyer, Lucas and Kolesnikov, Alexander and Weissenborn, Dirk and Zhai, Xiaohua and Unterthiner, Thomas and Dehghani, Mostafa and Minderer, Matthias and Heigold, Georg and Gelly, Sylvain and others},
  journal={arXiv preprint arXiv:2010.11929},
  year={2020}
}

@inproceedings{touvron2021training,
  title={Training data-efficient image transformers \& distillation through attention},
  author={Touvron, Hugo and Cord, Matthieu and Douze, Matthijs and Massa, Francisco and Sablayrolles, Alexandre and J{\'e}gou, Herv{\'e}},
  booktitle={International conference on machine learning},
  pages={10347--10357},
  year={2021},
  organization={PMLR}
}

@inproceedings{liu2021swin,
  title={Swin transformer: Hierarchical vision transformer using shifted windows},
  author={Liu, Ze and Lin, Yutong and Cao, Yue and Hu, Han and Wei, Yixuan and Zhang, Zheng and Lin, Stephen and Guo, Baining},
  booktitle={Proceedings of the IEEE/CVF international conference on computer vision},
  pages={10012--10022},
  year={2021}
}

@inproceedings{chen2021crossvit,
  title={Crossvit: Cross-attention multi-scale vision transformer for image classification},
  author={Chen, Chun-Fu Richard and Fan, Quanfu and Panda, Rameswar},
  booktitle={Proceedings of the IEEE/CVF international conference on computer vision},
  pages={357--366},
  year={2021}
}

@inproceedings{d2021convit,
  title={Convit: Improving vision transformers with soft convolutional inductive biases},
  author={dâ€™Ascoli, St{\'e}phane and Touvron, Hugo and Leavitt, Matthew L and Morcos, Ari S and Biroli, Giulio and Sagun, Levent},
  booktitle={International conference on machine learning},
  pages={2286--2296},
  year={2021},
  organization={PMLR}
}

@inproceedings{tu2022maxvit,
  title={Maxvit: Multi-axis vision transformer},
  author={Tu, Zhengzhong and Talebi, Hossein and Zhang, Han and Yang, Feng and Milanfar, Peyman and Bovik, Alan and Li, Yinxiao},
  booktitle={European conference on computer vision},
  pages={459--479},
  year={2022},
  organization={Springer}
}

@inproceedings{wang2021pyramid,
  title={Pyramid vision transformer: A versatile backbone for dense prediction without convolutions},
  author={Wang, Wenhai and Xie, Enze and Li, Xiang and Fan, Deng-Ping and Song, Kaitao and Liang, Ding and Lu, Tong and Luo, Ping and Shao, Ling},
  booktitle={Proceedings of the IEEE/CVF international conference on computer vision},
  pages={568--578},
  year={2021}
}

@article{wang2022pvt,
  title={Pvt v2: Improved baselines with pyramid vision transformer},
  author={Wang, Wenhai and Xie, Enze and Li, Xiang and Fan, Deng-Ping and Song, Kaitao and Liang, Ding and Lu, Tong and Luo, Ping and Shao, Ling},
  journal={Computational Visual Media},
  volume={8},
  number={3},
  pages={415--424},
  year={2022},
  publisher={Springer}
}

@inproceedings{hu2018squeeze,
  title={Squeeze-and-excitation networks},
  author={Hu, Jie and Shen, Li and Sun, Gang},
  booktitle={Proceedings of the IEEE conference on computer vision and pattern recognition},
  pages={7132--7141},
  year={2018}
}

@inproceedings{woo2018cbam,
  title={Cbam: Convolutional block attention module},
  author={Woo, Sanghyun and Park, Jongchan and Lee, Joon-Young and Kweon, In So},
  booktitle={Proceedings of the European conference on computer vision (ECCV)},
  pages={3--19},
  year={2018}
}

@inproceedings{lee2019srm,
  title={Srm: A style-based recalibration module for convolutional neural networks},
  author={Lee, HyunJae and Kim, Hyo-Eun and Nam, Hyeonseob},
  booktitle={Proceedings of the IEEE/CVF International conference on computer vision},
  pages={1854--1862},
  year={2019}
}

@article{cao2020global,
  title={Global context networks},
  author={Cao, Yue and Xu, Jiarui and Lin, Stephen and Wei, Fangyun and Hu, Han},
  journal={IEEE Transactions on Pattern Analysis and Machine Intelligence},
  volume={45},
  number={6},
  pages={6881--6895},
  year={2020},
  publisher={IEEE}
}

@inproceedings{wang2020eca,
  title={ECA-Net: Efficient channel attention for deep convolutional neural networks},
  author={Wang, Qilong and Wu, Banggu and Zhu, Pengfei and Li, Peihua and Zuo, Wangmeng and Hu, Qinghua},
  booktitle={Proceedings of the IEEE/CVF conference on computer vision and pattern recognition},
  pages={11534--11542},
  year={2020}
}

@inproceedings{hou2021coordinate,
  title={Coordinate attention for efficient mobile network design},
  author={Hou, Qibin and Zhou, Daquan and Feng, Jiashi},
  booktitle={Proceedings of the IEEE/CVF conference on computer vision and pattern recognition},
  pages={13713--13722},
  year={2021}
}

@inproceedings{yang2021simam,
  title={Simam: A simple, parameter-free attention module for convolutional neural networks},
  author={Yang, Lingxiao and Zhang, Ru-Yuan and Li, Lida and Xie, Xiaohua},
  booktitle={International conference on machine learning},
  pages={11863--11874},
  year={2021},
  organization={PMLR}
}

@article{han2024siam,
  title={SIAM: A parameter-free, Spatial Intersection Attention Module},
  author={Han, Gaoge and Huang, Shaoli and Zhao, Fang and Tang, Jinglei},
  journal={Pattern Recognition},
  volume={153},
  pages={110509},
  year={2024},
  publisher={Elsevier}
}

@inproceedings{wang2017residual,
  title={Residual attention network for image classification},
  author={Wang, Fei and Jiang, Mengqing and Qian, Chen and Yang, Shuo and Li, Cheng and Zhang, Honggang and Wang, Xiaogang and Tang, Xiaoou},
  booktitle={Proceedings of the IEEE conference on computer vision and pattern recognition},
  pages={3156--3164},
  year={2017}
}

@inproceedings{bonettini2021video,
  title={Video face manipulation detection through ensemble of cnns},
  author={Bonettini, Nicolo and Cannas, Edoardo Daniele and Mandelli, Sara and Bondi, Luca and Bestagini, Paolo and Tubaro, Stefano},
  booktitle={2020 25th international conference on pattern recognition (ICPR)},
  pages={5012--5019},
  year={2021},
  organization={IEEE}
}

@inproceedings{krause20133d,
  title={3d object representations for fine-grained categorization},
  author={Krause, Jonathan and Stark, Michael and Deng, Jia and Fei-Fei, Li},
  booktitle={Proceedings of the IEEE international conference on computer vision workshops},
  pages={554--561},
  year={2013}
}

@article{manzari2024denunet,
  title={DenUnet: enhancing dental image segmentation through edge and body fusion},
  author={Manzari, Omid Nejati and Bayrami, Farhad and Khaloo, Hooman and Khodakaramimaghsoud, Zahra and Shokouhi, Shahriar B},
  journal={Multimedia Tools and Applications},
  pages={1--21},
  year={2024},
  publisher={Springer}
}

@article{manzari2024befunet,
  title={BEFUnet: A hybrid CNN-transformer architecture for precise medical image segmentation},
  author={Manzari, Omid Nejati and Kaleybar, Javad Mirzapour and Saadat, Hooman and Maleki, Shahin},
  journal={arXiv preprint arXiv:2402.08793},
  year={2024}
}

@article{saadati2023dilated,
  title={Dilated-unet: A fast and accurate medical image segmentation approach using a dilated transformer and u-net architecture},
  author={Saadati, Davoud and Manzari, Omid Nejati and Mirzakuchaki, Sattar},
  journal={arXiv preprint arXiv:2304.11450},
  year={2023}
}

@article{manzari2025medical,
      title={Medical Image Classification with KAN-Integrated Transformers and Dilated Neighborhood Attention},
      author={Manzari, Omid Nejati and Asgariandehkordi, Hojat and Koleilat, Taha and Xiao, Yiming and Rivaz, Hassan},
      journal={arXiv preprint arXiv:2502.13693},
      year={2025}
}
