@incollection{Bengio+chapter2007,
author = {Bengio, Yoshua and LeCun, Yann},
booktitle = {Large Scale Kernel Machines},
publisher = {MIT Press},
title = {Scaling Learning Algorithms Towards {AI}},
year = {2007}
}

@article{Hinton06,
author = {Hinton, Geoffrey E. and Osindero, Simon and Teh, Yee Whye},
journal = {Neural Computation},
pages = {1527--1554},
title = {A Fast Learning Algorithm for Deep Belief Nets},
volume = {18},
year = {2006}
}

@book{goodfellow2016deep,
title={Deep learning},
author={Goodfellow, Ian and Bengio, Yoshua and Courville, Aaron and Bengio, Yoshua},
volume={1},
year={2016},
publisher={MIT Press}
}
@inproceedings{chen2020simple,
  title={A simple framework for contrastive learning of visual representations},
  author={Chen, Ting and Kornblith, Simon and Norouzi, Mohammad and Hinton, Geoffrey},
  booktitle={International conference on machine learning},
  pages={1597--1607},
  year={2020},
  organization={PMLR}
}
@article{liu2021cl4ac,
  title={CL4AC: A contrastive loss for audio captioning},
  author={Liu, Xubo and Huang, Qiushi and Mei, Xinhao and Ko, Tom and Tang, H Lilian and Plumbley, Mark D and Wang, Wenwu},
  journal={arXiv preprint arXiv:2107.09990},
  year={2021}
}
@article{chen2022interactive,
  title={Interactive audio-text representation for automated audio captioning with contrastive learning},
  author={Chen, Chen and Hou, Nana and Hu, Yuchen and Zou, Heqing and Qi, Xiaofeng and Chng, Eng Siong},
  journal={arXiv preprint arXiv:2203.15526},
  year={2022}
}

@article{oord2018representation,
  title={Representation learning with contrastive predictive coding},
  author={Oord, Aaron van den and Li, Yazhe and Vinyals, Oriol},
  journal={arXiv preprint arXiv:1807.03748},
  year={2018}
}
@article{Holtzman2019TheCC,
  title={The Curious Case of Neural Text Degeneration},
  author={Ari Holtzman and Jan Buys and Li Du and Maxwell Forbes and Yejin Choi},
  journal={International Conference on Learning Representation},
  year={2020},
  volume={abs/1904.09751},
  url={https://api.semanticscholar.org/CorpusID:127986954}
}
@article{vaswani2017attention,
  title={Attention is all you need},
  author={Vaswani, Ashish and Shazeer, Noam and Parmar, Niki and Uszkoreit, Jakob and Jones, Llion and Gomez, Aidan N and Kaiser, {\L}ukasz and Polosukhin, Illia},
  journal={Advances in neural information processing systems},
  volume={30},
  year={2017}
}
@inproceedings{Shaw2018SelfAttentionWR,
  title={Self-Attention with Relative Position Representations},
  author={Peter Shaw and Jakob Uszkoreit and Ashish Vaswani},
  booktitle={North American Chapter of the Association for Computational Linguistics},
  year={2018},
  url={https://api.semanticscholar.org/CorpusID:3725815}
}
@article{su2024roformer,
  title={Roformer: Enhanced transformer with rotary position embedding},
  author={Su, Jianlin and Ahmed, Murtadha and Lu, Yu and Pan, Shengfeng and Bo, Wen and Liu, Yunfeng},
  journal={Neurocomputing},
  volume={568},
  pages={127063},
  year={2024},
  publisher={Elsevier}
}

@article{nguyen2022revisiting,
  title={Revisiting Sliced {W}asserstein on Images: From Vectorization to Convolution},
  author={Nguyen, Khai and Ho, Nhat},
  journal={Advances in Neural Information Processing Systems},
  year={2022}
}
@inproceedings{arora-etal-2022-exposure,
    title = "Why Exposure Bias Matters: An Imitation Learning Perspective of Error Accumulation in Language Generation",
    author = "Arora, Kushal  and
      El Asri, Layla  and
      Bahuleyan, Hareesh  and
      Cheung, Jackie",
    editor = "Muresan, Smaranda  and
      Nakov, Preslav  and
      Villavicencio, Aline",
    booktitle = "Findings of the Association for Computational Linguistics: ACL 2022",
    month = may,
    year = "2022",
    address = "Dublin, Ireland",
    publisher = "Association for Computational Linguistics",
    url = "https://aclanthology.org/2022.findings-acl.58",
    doi = "10.18653/v1/2022.findings-acl.58",
    pages = "700--710",
    abstract = "",
}

@inproceedings{audiocaps,
  title={AudioCaps: Generating Captions for Audios in The Wild},
  author={Kim, Chris Dongjoo and Kim, Byeongchang and Lee, Hyunmin and Kim, Gunhee},
  booktitle={NAACL-HLT},
  year={2019}
}
@inproceedings{drossos2020clotho,
  title={Clotho: An audio captioning dataset},
  author={Drossos, Konstantinos and Lipping, Samuel and Virtanen, Tuomas},
  booktitle={ICASSP 2020-2020 IEEE International Conference on Acoustics, Speech and Signal Processing (ICASSP)},
  pages={736--740},
  year={2020},
  organization={IEEE}
}

@inproceedings{Mei2021AudioCT,
  title={Audio Captioning Transformer},
  author={Xinhao Mei and Xubo Liu and Qiushi Huang and Mark D. Plumbley and Wenwu Wang},
  booktitle={Workshop on Detection and Classification of Acoustic Scenes and Events},
  year={2021},
  url={https://api.semanticscholar.org/CorpusID:236154948}
}
@inproceedings{Sun2023DualTD,
  title={Dual Transformer Decoder based Features Fusion Network for Automated Audio Captioning},
  author={Jianyuan Sun and Xubo Liu and Xinhao Mei and Volkan Kılıç and MarkD . Plumbley and Wenwu Wang},
  booktitle={Interspeech},
  year={2023},
  url={https://api.semanticscholar.org/CorpusID:258967949}
}
@article{Kim2023PrefixTF,
  title={Prefix Tuning for Automated Audio Captioning},
  author={Minkyu Kim and Kim Sung-Bin and Tae-Hyun Oh},
  journal={ICASSP 2023 - 2023 IEEE International Conference on Acoustics, Speech and Signal Processing (ICASSP)},
  year={2023},
  pages={1-5},
  url={https://api.semanticscholar.org/CorpusID:257833558}
}
@inproceedings{Gontier2021AutomatedAC,
  title={Automated Audio Captioning by Fine-Tuning BART with AudioSet Tags},
  author={F{\'e}lix Gontier and Romain Serizel and Christophe Cerisara},
  booktitle={Workshop on Detection and Classification of Acoustic Scenes and Events},
  year={2021},
  url={https://api.semanticscholar.org/CorpusID:245355790}
}
@article{deshmukh2023pengi,
  title={Pengi: An audio language model for audio tasks},
  author={Deshmukh, Soham and Elizalde, Benjamin and Singh, Rita and Wang, Huaming},
  journal={Advances in Neural Information Processing Systems},
  volume={36},
  pages={18090--18108},
  year={2023}
}
@article{Pellegrini2023AdaptingAC,
  title={Adapting a ConvNeXt model to audio classification on AudioSet},
  author={Thomas Pellegrini and Ismail Khalfaoui Hassani and Etienne Labb'e and Timoth{\'e}e Masquelier},
  journal={ArXiv},
  year={2023},
  volume={abs/2306.00830},
  url={https://api.semanticscholar.org/CorpusID:258999301}
}
@article{kim2022exploring,
  title={Exploring train and test-time augmentations for audio-language learning},
  author={Kim, Eungbeom and Kim, Jinhee and Oh, Yoori and Kim, Kyungsu and Park, Minju and Sim, Jaeheon and Lee, Jinwoo and Lee, Kyogu},
  journal={arXiv preprint arXiv:2210.17143},
  year={2022}
}
@article{mei2024wavcaps,
  title={Wavcaps: A chatgpt-assisted weakly-labelled audio captioning dataset for audio-language multimodal research},
  author={Mei, Xinhao and Meng, Chutong and Liu, Haohe and Kong, Qiuqiang and Ko, Tom and Zhao, Chengqi and Plumbley, Mark D and Zou, Yuexian and Wang, Wenwu},
  journal={IEEE/ACM Transactions on Audio, Speech, and Language Processing},
  year={2024},
  publisher={IEEE}
}
@inproceedings{gemmeke2017audio,
  title={Audio set: An ontology and human-labeled dataset for audio events},
  author={Gemmeke, Jort F and Ellis, Daniel PW and Freedman, Dylan and Jansen, Aren and Lawrence, Wade and Moore, R Channing and Plakal, Manoj and Ritter, Marvin},
  booktitle={2017 IEEE international conference on acoustics, speech and signal processing (ICASSP)},
  pages={776--780},
  year={2017},
  organization={IEEE}
}
@article{radford2019language,
  title={Language models are unsupervised multitask learners},
  author={Radford, Alec and Wu, Jeffrey and Child, Rewon and Luan, David and Amodei, Dario and Sutskever, Ilya and others},
  journal={OpenAI blog},
  volume={1},
  number={8},
  pages={9},
  year={2019}
}
@article{Chen2022HTSATAH,
  title={HTS-AT: A Hierarchical Token-Semantic Audio Transformer for Sound Classification and Detection},
  author={Ke Chen and Xingjian Du and Bilei Zhu and Zejun Ma and Taylor Berg-Kirkpatrick and Shlomo Dubnov},
  journal={ICASSP 2022 - 2022 IEEE International Conference on Acoustics, Speech and Signal Processing (ICASSP)},
  year={2022},
  pages={646-650},
  url={https://api.semanticscholar.org/CorpusID:246473350}
}

@inproceedings{Ye2021ImprovingTP,
  title={Improving the Performance of Automated Audio Captioning via Integrating the Acoustic and Semantic Information},
  author={Zhongjie Ye and Helin Wang and Dongchao Yang and Yuexian Zou},
  booktitle={Workshop on Detection and Classification of Acoustic Scenes and Events},
  year={2021},
  url={https://api.semanticscholar.org/CorpusID:238634813}
}
@article{Xiao2022LocalIA,
  title={Local Information Assisted Attention-Free Decoder for Audio Captioning},
  author={Feiyang Xiao and Jian Guan and Haiyan Lan and Qiaoxi Zhu and Wenwu Wang},
  journal={IEEE Signal Processing Letters},
  year={2022},
  volume={29},
  pages={1604-1608},
  url={https://api.semanticscholar.org/CorpusID:245836859}
}
@article{Xiao2023GraphAF,
  title={Graph Attention for Automated Audio Captioning},
  author={Feiyang Xiao and Jian Guan and Qiaoxi Zhu and Wenwu Wang},
  journal={IEEE Signal Processing Letters},
  year={2023},
  volume={30},
  pages={413-417},
  url={https://api.semanticscholar.org/CorpusID:258041363}
}
@inproceedings{Papineni2002BleuAM,
  title={Bleu: a Method for Automatic Evaluation of Machine Translation},
  author={Kishore Papineni and Salim Roukos and Todd Ward and Wei-Jing Zhu},
  booktitle={Annual Meeting of the Association for Computational Linguistics},
  year={2002},
  url={https://api.semanticscholar.org/CorpusID:11080756}
}
@inproceedings{Banerjee2005METEORAA,
  title={METEOR: An Automatic Metric for MT Evaluation with Improved Correlation with Human Judgments},
  author={Satanjeev Banerjee and Alon Lavie},
  booktitle={IEEvaluation@ACL},
  year={2005},
  url={https://api.semanticscholar.org/CorpusID:7164502}
}
@inproceedings{Lin2004ROUGEAP,
  title={ROUGE: A Package for Automatic Evaluation of Summaries},
  author={Chin-Yew Lin},
  booktitle={Annual Meeting of the Association for Computational Linguistics},
  year={2004},
  url={https://api.semanticscholar.org/CorpusID:964287}
}
@article{Vedantam2014CIDErCI,
  title={CIDEr: Consensus-based image description evaluation},
  author={Ramakrishna Vedantam and C. Lawrence Zitnick and Devi Parikh},
  journal={2015 IEEE Conference on Computer Vision and Pattern Recognition (CVPR)},
  year={2014},
  pages={4566-4575},
  url={https://api.semanticscholar.org/CorpusID:9026666}
}
@article{Anderson2016SPICESP,
  title={SPICE: Semantic Propositional Image Caption Evaluation},
  author={Peter Anderson and Basura Fernando and Mark Johnson and Stephen Gould},
  journal={ArXiv},
  year={2016},
  volume={abs/1607.08822},
  url={https://api.semanticscholar.org/CorpusID:11933981}
}
@article{Liu2016ImprovedIC,
  title={Improved Image Captioning via Policy Gradient optimization of SPIDEr},
  author={Siqi Liu and Zhenhai Zhu and Ning Ye and Sergio Guadarrama and Kevin P. Murphy},
  journal={2017 IEEE International Conference on Computer Vision (ICCV)},
  year={2016},
  pages={873-881},
  url={https://api.semanticscholar.org/CorpusID:3873857}
}
@inproceedings{wu2023large,
  title={Large-scale contrastive language-audio pretraining with feature fusion and keyword-to-caption augmentation},
  author={Wu, Yusong and Chen, Ke and Zhang, Tianyu and Hui, Yuchen and Berg-Kirkpatrick, Taylor and Dubnov, Shlomo},
  booktitle={ICASSP 2023-2023 IEEE International Conference on Acoustics, Speech and Signal Processing (ICASSP)},
  pages={1--5},
  year={2023},
  organization={IEEE}
}

@article{bonneel2015sliced,
  title={Sliced and radon wasserstein barycenters of measures},
  author={Bonneel, Nicolas and Rabin, Julien and Peyr{\'e}, Gabriel and Pfister, Hanspeter},
  journal={Journal of Mathematical Imaging and Vision},
  volume={51},
  pages={22--45},
  year={2015},
  publisher={Springer}
}
@inproceedings{
    nguyen2021distributional,
    title={sliced-{W}asserstein and Applications to Generative Modeling},
    author={Khai Nguyen and Nhat Ho and Tung Pham and Hung Bui},
    booktitle={International Conference on Learning Representations},
    year={2021}
}
@article{nguyen2024energy,
  title={Energy-based sliced wasserstein distance},
  author={Nguyen, Khai and Ho, Nhat},
  journal={Advances in Neural Information Processing Systems},
  volume={36},
  year={2024}
}
@article{peyre2019computational,
  title={Computational optimal transport: With applications to data science},
  author={Peyr{\'e}, Gabriel and Cuturi, Marco and others},
  journal={Foundations and Trends{\textregistered} in Machine Learning},
  volume={11},
  number={5-6},
  pages={355--607},
  year={2019},
  publisher={Now Publishers, Inc.}
}

@article{nietert2022statistical,
  title={Statistical, robustness, and computational guarantees for sliced wasserstein distances},
  author={Nietert, Sloan and Goldfeld, Ziv and Sadhu, Ritwik and Kato, Kengo},
  journal={Advances in Neural Information Processing Systems},
  volume={35},
  pages={28179--28193},
  year={2022}
}

@article{nadjahi2020statistical,
  title={Statistical and topological properties of sliced probability divergences},
  author={Nadjahi, Kimia and Durmus, Alain and Chizat, L{\'e}na{\"\i}c and Kolouri, Soheil and Shahrampour, Shahin and Simsekli, Umut},
  journal={Advances in Neural Information Processing Systems},
  volume={33},
  pages={20802--20812},
  year={2020}
}
@inproceedings{kim2024enclap,
  title={Enclap: Combining neural audio codec and audio-text joint embedding for automated audio captioning},
  author={Kim, Jaeyeon and Jung, Jaeyoon and Lee, Jinjoo and Woo, Sang Hoon},
  booktitle={ICASSP 2024-2024 IEEE International Conference on Acoustics, Speech and Signal Processing (ICASSP)},
  pages={6735--6739},
  year={2024},
  organization={IEEE}
}
@article{zhang2023actual,
  title={ACTUAL: Audio captioning with caption feature space regularization},
  author={Zhang, Yiming and Yu, Hong and Du, Ruoyi and Tan, Zheng-Hua and Wang, Wenwu and Ma, Zhanyu and Dong, Yuan},
  journal={IEEE/ACM Transactions on Audio, Speech, and Language Processing},
  year={2023},
  publisher={IEEE}
}
@inproceedings{deshmukh2024training,
  title={Training audio captioning models without audio},
  author={Deshmukh, Soham and Elizalde, Benjamin and Emmanouilidou, Dimitra and Raj, Bhiksha and Singh, Rita and Wang, Huaming},
  booktitle={ICASSP 2024-2024 IEEE International Conference on Acoustics, Speech and Signal Processing (ICASSP)},
  pages={371--375},
  year={2024},
  organization={IEEE}
}

@article{arora2022exposure,
  title={Why exposure bias matters: An imitation learning perspective of error accumulation in language generation},
  author={Arora, Kushal and Asri, Layla El and Bahuleyan, Hareesh and Cheung, Jackie Chi Kit},
  journal={arXiv preprint arXiv:2204.01171},
  year={2022}
}
@article{su2022contrastive,
  title={A contrastive framework for neural text generation},
  author={Su, Yixuan and Lan, Tian and Wang, Yan and Yogatama, Dani and Kong, Lingpeng and Collier, Nigel},
  journal={Advances in Neural Information Processing Systems},
  volume={35},
  pages={21548--21561},
  year={2022}
}
@inproceedings{
luong2024revisiting,
title={Revisiting Deep Audio-Text Retrieval Through the Lens of Transportation},
author={Manh Luong and Khai Nguyen and Nhat Ho and Reza Haf and Dinh Phung and Lizhen Qu},
booktitle={The Twelfth International Conference on Learning Representations},
year={2024},
url={https://openreview.net/forum?id=l60EM8md3t}
}
@inproceedings{
tsai2018learning,
title={Learning Factorized Multimodal Representations},
author={Yao-Hung Hubert Tsai and Paul Pu Liang and Amir Zadeh and Louis-Philippe Morency and Ruslan Salakhutdinov},
booktitle={International Conference on Learning Representations},
year={2019},
url={https://openreview.net/forum?id=rygqqsA9KX},
}
@article{lee2019hierarchical,
  title={Hierarchical optimal transport for multimodal distribution alignment},
  author={Lee, John and Dabagia, Max and Dyer, Eva and Rozell, Christopher},
  journal={Advances in neural information processing systems},
  volume={32},
  year={2019}
}
@inproceedings{su2017order,
  title={Order-preserving wasserstein distance for sequence matching},
  author={Su, Bing and Hua, Gang},
  booktitle={Proceedings of the IEEE conference on computer vision and pattern recognition},
  pages={1049--1057},
  year={2017}
}
@inproceedings{drossos2017automated,
  title={Automated audio captioning with recurrent neural networks},
  author={Drossos, Konstantinos and Adavanne, Sharath and Virtanen, Tuomas},
  booktitle={2017 IEEE Workshop on Applications of Signal Processing to Audio and Acoustics (WASPAA)},
  pages={374--378},
  year={2017},
  organization={IEEE}
}
@inproceedings{schmidt-2019-generalization,
    title = "Generalization in Generation: A closer look at Exposure Bias",
    author = "Schmidt, Florian",
    editor = "Birch, Alexandra  and
      Finch, Andrew  and
      Hayashi, Hiroaki  and
      Konstas, Ioannis  and
      Luong, Thang  and
      Neubig, Graham  and
      Oda, Yusuke  and
      Sudoh, Katsuhito",
    booktitle = "Proceedings of the 3rd Workshop on Neural Generation and Translation",
    month = nov,
    year = "2019",
    address = "Hong Kong",
    publisher = "Association for Computational Linguistics",
    url = "https://aclanthology.org/D19-5616",
    doi = "10.18653/v1/D19-5616",
    pages = "157--167",
    abstract = "",
}
@article{shi2018toward,
  title={Toward diverse text generation with inverse reinforcement learning},
  author={Shi, Zhan and Chen, Xinchi and Qiu, Xipeng and Huang, Xuanjing},
  journal={arXiv preprint arXiv:1804.11258},
  year={2018}
}
@article{an2022cont,
  title={Cont: Contrastive neural text generation},
  author={An, Chenxin and Feng, Jiangtao and Lv, Kai and Kong, Lingpeng and Qiu, Xipeng and Huang, Xuanjing},
  journal={Advances in Neural Information Processing Systems},
  volume={35},
  pages={2197--2210},
  year={2022}
}
@article{sakoe1978dynamic,
  title={Dynamic programming algorithm optimization for spoken word recognition},
  author={Sakoe, Hiroaki and Chiba, Seibi},
  journal={IEEE transactions on acoustics, speech, and signal processing},
  volume={26},
  number={1},
  pages={43--49},
  year={1978},
  publisher={IEEE}
}
@inproceedings{cuturi2017soft,
  title={Soft-dtw: a differentiable loss function for time-series},
  author={Cuturi, Marco and Blondel, Mathieu},
  booktitle={International conference on machine learning},
  pages={894--903},
  year={2017},
  organization={PMLR}
}

@inproceedings{carriere2017sliced,
  title={Sliced Wasserstein kernel for persistence diagrams},
  author={Carriere, Mathieu and Cuturi, Marco and Oudot, Steve},
  booktitle={International conference on machine learning},
  pages={664--673},
  year={2017},
  organization={PMLR}
}

@inproceedings{kolouri2016sliced,
  title={Sliced Wasserstein kernels for probability distributions},
  author={Kolouri, Soheil and Zou, Yang and Rohde, Gustavo K},
  booktitle={Proceedings of the IEEE Conference on Computer Vision and Pattern Recognition},
  pages={5258--5267},
  year={2016}
}
@article{nguyen2023control,
  title={Sliced {W}asserstein Estimator with Control Variates},
  author={Nguyen, Khai and Ho, Nhat},
  journal={International Conference on Learning Representations},
  year={2023}
}
@article{leluc2024sliced,
  title={Sliced-Wasserstein Estimation with Spherical Harmonics as Control Variates},
  author={Leluc, R{\'e}mi and Dieuleveut, Aymeric and Portier, Fran{\c{c}}ois and Segers, Johan and Zhuman, Aigerim},
  journal={arXiv preprint arXiv:2402.01493},
  year={2024}
}
@article{nguyen2024quasi,
  title={Quasi-Monte Carlo for 3D Sliced Wasserstein},
  author={Khai Nguyen and Nicola Bariletto and Nhat Ho},
  journal={International Conference on Learning Representations},
  year={2024},
  pdf={https://arxiv.org/pdf/2309.11713.pdf}
}

@article{fleiss1971measuring,
  title={Measuring nominal scale agreement among many raters.},
  author={Fleiss, Joseph L},
  journal={Psychological bulletin},
  volume={76},
  number={5},
  pages={378},
  year={1971},
  publisher={American Psychological Association}
}

@article{Ghosh2023RecapRA,
  title={Recap: Retrieval-Augmented Audio Captioning},
  author={Sreyan Ghosh and Sonal Kumar and Chandra Kiran Reddy Evuru and Ramani Duraiswami and Dinesh Manocha},
  journal={ICASSP 2024 - 2024 IEEE International Conference on Acoustics, Speech and Signal Processing (ICASSP)},
  year={2023},
  pages={1161-1165},
  url={https://api.semanticscholar.org/CorpusID:262045000}
}