@article{Kim2023PrefixTF,
  title={Prefix Tuning for Automated Audio Captioning},
  author={Minkyu Kim and Kim Sung-Bin and Tae-Hyun Oh},
  journal={ICASSP 2023 - 2023 IEEE International Conference on Acoustics, Speech and Signal Processing (ICASSP)},
  year={2023},
  pages={1-5},
  url={https://api.semanticscholar.org/CorpusID:257833558}
}

@inproceedings{Mei2021AudioCT,
  title={Audio Captioning Transformer},
  author={Xinhao Mei and Xubo Liu and Qiushi Huang and Mark D. Plumbley and Wenwu Wang},
  booktitle={Workshop on Detection and Classification of Acoustic Scenes and Events},
  year={2021},
  url={https://api.semanticscholar.org/CorpusID:236154948}
}

@inproceedings{Sun2023DualTD,
  title={Dual Transformer Decoder based Features Fusion Network for Automated Audio Captioning},
  author={Jianyuan Sun and Xubo Liu and Xinhao Mei and Volkan Kılıç and MarkD . Plumbley and Wenwu Wang},
  booktitle={Interspeech},
  year={2023},
  url={https://api.semanticscholar.org/CorpusID:258967949}
}

@article{arora2022exposure,
  title={Why exposure bias matters: An imitation learning perspective of error accumulation in language generation},
  author={Arora, Kushal and Asri, Layla El and Bahuleyan, Hareesh and Cheung, Jackie Chi Kit},
  journal={arXiv preprint arXiv:2204.01171},
  year={2022}
}

@article{deshmukh2023pengi,
  title={Pengi: An audio language model for audio tasks},
  author={Deshmukh, Soham and Elizalde, Benjamin and Singh, Rita and Wang, Huaming},
  journal={Advances in Neural Information Processing Systems},
  volume={36},
  pages={18090--18108},
  year={2023}
}

@inproceedings{deshmukh2024training,
  title={Training audio captioning models without audio},
  author={Deshmukh, Soham and Elizalde, Benjamin and Emmanouilidou, Dimitra and Raj, Bhiksha and Singh, Rita and Wang, Huaming},
  booktitle={ICASSP 2024-2024 IEEE International Conference on Acoustics, Speech and Signal Processing (ICASSP)},
  pages={371--375},
  year={2024},
  organization={IEEE}
}

@article{kim2022exploring,
  title={Exploring train and test-time augmentations for audio-language learning},
  author={Kim, Eungbeom and Kim, Jinhee and Oh, Yoori and Kim, Kyungsu and Park, Minju and Sim, Jaeheon and Lee, Jinwoo and Lee, Kyogu},
  journal={arXiv preprint arXiv:2210.17143},
  year={2022}
}

@inproceedings{kim2024enclap,
  title={Enclap: Combining neural audio codec and audio-text joint embedding for automated audio captioning},
  author={Kim, Jaeyeon and Jung, Jaeyoon and Lee, Jinjoo and Woo, Sang Hoon},
  booktitle={ICASSP 2024-2024 IEEE International Conference on Acoustics, Speech and Signal Processing (ICASSP)},
  pages={6735--6739},
  year={2024},
  organization={IEEE}
}

@article{lee2019hierarchical,
  title={Hierarchical optimal transport for multimodal distribution alignment},
  author={Lee, John and Dabagia, Max and Dyer, Eva and Rozell, Christopher},
  journal={Advances in neural information processing systems},
  volume={32},
  year={2019}
}

@article{mei2024wavcaps,
  title={Wavcaps: A chatgpt-assisted weakly-labelled audio captioning dataset for audio-language multimodal research},
  author={Mei, Xinhao and Meng, Chutong and Liu, Haohe and Kong, Qiuqiang and Ko, Tom and Zhao, Chengqi and Plumbley, Mark D and Zou, Yuexian and Wang, Wenwu},
  journal={IEEE/ACM Transactions on Audio, Speech, and Language Processing},
  year={2024},
  publisher={IEEE}
}

@inproceedings{su2017order,
  title={Order-preserving wasserstein distance for sequence matching},
  author={Su, Bing and Hua, Gang},
  booktitle={Proceedings of the IEEE conference on computer vision and pattern recognition},
  pages={1049--1057},
  year={2017}
}

@article{su2022contrastive,
  title={A contrastive framework for neural text generation},
  author={Su, Yixuan and Lan, Tian and Wang, Yan and Yogatama, Dani and Kong, Lingpeng and Collier, Nigel},
  journal={Advances in Neural Information Processing Systems},
  volume={35},
  pages={21548--21561},
  year={2022}
}

@article{zhang2023actual,
  title={ACTUAL: Audio captioning with caption feature space regularization},
  author={Zhang, Yiming and Yu, Hong and Du, Ruoyi and Tan, Zheng-Hua and Wang, Wenwu and Ma, Zhanyu and Dong, Yuan},
  journal={IEEE/ACM Transactions on Audio, Speech, and Language Processing},
  year={2023},
  publisher={IEEE}
}

