@article{choi2009least,
  title={Least squares one-class support vector machine},
  author={Choi, Young-Sik},
  journal={Pattern Recognition Letters},
  volume={30},
  number={13},
  pages={1236--1240},
  year={2009},
  publisher={Elsevier}
}

@article{suykens1999least,
  title={Least squares support vector machine classifiers},
  author={Suykens, Johan AK and Vandewalle, Joos},
  journal={Neural Processing Letters},
  volume={9},
  pages={293--300},
  year={1999},
  publisher={Springer}
}

@article{suykens2017deep,
  title={Deep restricted kernel machines using conjugate feature duality},
  author={Suykens, Johan AK},
  journal={Neural Computation},
  volume={29},
  number={8},
  pages={2123--2163},
  year={2017},
  publisher={MIT Press}
}

