@article{alam2020one,
  title={One-class support vector classifiers: A survey},
  author={Alam, Shamshe and Sonbhadra, Sanjay Kumar and Agarwal, Sonali and Nagabhushan, P},
  journal={Knowledge-Based Systems},
  volume={196},
  pages={105754},
  year={2020},
  publisher={Elsevier}
}

@article{seliya2021literature,
  title={A literature review on one-class classification and its potential applications in big data},
  author={Seliya, Naeem and Abdollah Zadeh, Azadeh and Khoshgoftaar, Taghi M},
  journal={Journal of Big Data},
  volume={8},
  pages={1--31},
  year={2021},
  publisher={Springer}
}

@article{scholkopf2001estimating,
  title={Estimating the support of a high-dimensional distribution},
  author={Sch{\"o}lkopf, Bernhard and Platt, John C and Shawe-Taylor, John and Smola, Alex J and Williamson, Robert C},
  journal={Neural Computation},
  volume={13},
  number={7},
  pages={1443--1471},
  year={2001},
  publisher={MIT Press One Rogers Street, Cambridge, MA 02142-1209, USA journals-info~…}
}

@article{pang2022hybrid,
  title={A hybrid algorithm incorporating vector quantization and one-class support vector machine for industrial anomaly detection},
  author={Pang, Jingxuan and Pu, Xiaokun and Li, Chunguang},
  journal={IEEE Transactions on Industrial Informatics},
  volume={18},
  number={12},
  pages={8786--8796},
  year={2022},
  publisher={IEEE}
}

@article{zhao2020improved,
  title={An improved weighted one class support vector machine for turboshaft engine fault detection},
  author={Zhao, Yong-Ping and Huang, Gong and Hu, Qian-Kun and Li, Bing},
  journal={Engineering Applications of Artificial Intelligence},
  volume={94},
  pages={103796},
  year={2020},
  publisher={Elsevier}
}

@article{goh2005using,
  title={Using one-class and two-class SVMs for multiclass image annotation},
  author={Goh, K-S and Chang, Edward Y and Li, Beitao},
  journal={IEEE Transactions on Knowledge and Data Engineering},
  volume={17},
  number={10},
  pages={1333--1346},
  year={2005},
  publisher={IEEE}
}

@inproceedings{yepes2018listen,
  title={Listen to this: Music recommendation based on one-class support vector machine},
  author={Yepes, Fabio A and L{\'o}pez, Vivian F and P{\'e}rez-Marcos, Javier and Gil, Ana B and Villarrubia, Gabriel},
  booktitle={Hybrid Artificial Intelligent Systems: 13th International Conference, HAIS 2018, Oviedo, Spain, June 20-22, 2018, Proceedings 13},
  pages={467--478},
  year={2018},
  organization={Springer}
}

@article{choi2009least,
  title={Least squares one-class support vector machine},
  author={Choi, Young-Sik},
  journal={Pattern Recognition Letters},
  volume={30},
  number={13},
  pages={1236--1240},
  year={2009},
  publisher={Elsevier}
}

@inproceedings{mygdalis2015large,
  title={Large-scale classification by an approximate least squares one-class support vector machine ensemble},
  author={Mygdalis, Vasileios and Alexandros, Iosifidis and Tefas, Anastasios and Pitas, Ioannis},
  booktitle={2015 IEEE Trustcom/BigDataSE/ISPA},
  volume={2},
  pages={6--10},
  year={2015},
  organization={IEEE}
}

@article{zhan2023elastic,
  title={Elastic-net based robust extreme learning machine for one-class classification},
  author={Zhan, Weicheng and Wang, Kuaini and Cao, Jinde},
  journal={Signal Processing},
  volume={211},
  pages={109101},
  year={2023},
  publisher={Elsevier}
}

@article{xiao2024privileged,
  title={Privileged multi-view one-class support vector machine},
  author={Xiao, Yanshan and Pan, Guitao and Liu, Bo and Zhao, Liang and Kong, Xiangjun and Hao, Zhifeng},
  journal={Neurocomputing},
  volume={572},
  pages={127186},
  year={2024},
  publisher={Elsevier}
}

@article{zheng2023multikernel,
  title={Multikernel correntropy based robust least squares one-class support vector machine},
  author={Zheng, Yunfei and Wang, Shiyuan and Chen, Badong},
  journal={Neurocomputing},
  volume={545},
  pages={126324},
  year={2023},
  publisher={Elsevier}
}

@article{xing2020robust,
  title={Robust least squares one-class support vector machine},
  author={Xing, Hong-Jie and Li, Li-Fei},
  journal={Pattern Recognition Letters},
  volume={138},
  pages={571--578},
  year={2020},
  publisher={Elsevier}
}

@article{chen2019effects,
  title={Effects of outliers on the maximum correntropy estimation: A robustness analysis},
  author={Chen, Badong and Xing, Lei and Zhao, Haiquan and Du, Shaoyi and Principe, Jose C},
  journal={IEEE Transactions on Systems, Man, and Cybernetics: Systems},
  volume={51},
  number={6},
  pages={4007--4012},
  year={2019},
  publisher={IEEE}
}

@article{bako2018robustness,
  title={Robustness analysis of a maximum correntropy framework for linear regression},
  author={Bako, Laurent},
  journal={Automatica},
  volume={87},
  pages={218--225},
  year={2018},
  publisher={Elsevier}
}

@article{xing2022adaptive,
  title={Adaptive loss function based least squares one-class support vector machine},
  author={Xing, Hong-Jie and He, Zi-Chuan},
  journal={Pattern Recognition Letters},
  volume={156},
  pages={174--182},
  year={2022},
  publisher={Elsevier}
}

@inproceedings{barron2019general,
  title={A general and adaptive robust loss function},
  author={Barron, Jonathan T},
  booktitle={Proceedings of the IEEE/CVF Conference on Computer Vision and Pattern Recognition},
  pages={4331--4339},
  year={2019}
}

@article{suykens2017deep,
  title={Deep restricted kernel machines using conjugate feature duality},
  author={Suykens, Johan AK},
  journal={Neural Computation},
  volume={29},
  number={8},
  pages={2123--2163},
  year={2017},
  publisher={MIT Press}
}

@article{suykens1999least,
  title={Least squares support vector machine classifiers},
  author={Suykens, Johan AK and Vandewalle, Joos},
  journal={Neural Processing Letters},
  volume={9},
  pages={293--300},
  year={1999},
  publisher={Springer}
}

@book{rockafellar1974conjugate,
  title={Conjugate Duality and Optimization},
  author={Rockafellar, R Tyrrell},
  year={1974},
  publisher={SIAM}
}

@inproceedings{winant2020latent,
  title={Latent space exploration using generative kernel PCA},
  author={Winant, David and Schreurs, Joachim and Suykens, Johan AK},
  booktitle={Artificial Intelligence and Machine Learning: 31st Benelux AI Conference, BNAIC 2019, and 28th Belgian-Dutch Machine Learning Conference, BENELEARN 2019, Brussels, Belgium, November 6-8, 2019, Revised Selected Papers 28},
  pages={70--82},
  year={2020},
  organization={Springer}
}

@inproceedings{tonin2021unsupervised,
  title={Unsupervised energy-based out-of-distribution detection using stiefel-restricted kernel machine},
  author={Tonin, Francesco and Pandey, Arun and Patrinos, Panagiotis and Suykens, Johan AK},
  booktitle={2021 International Joint Conference on Neural Networks (IJCNN)},
  pages={1--8},
  year={2021},
  organization={IEEE}
}

@article{houthuys2021tensor,
  title={Tensor-based restricted kernel machines for multi-view classification},
  author={Houthuys, Lynn and Suykens, Johan AK},
  journal={Information Fusion},
  volume={68},
  pages={54--66},
  year={2021},
  publisher={Elsevier}
}

@inproceedings{salakhutdinov2009deep,
  title={Deep boltzmann machines},
  author={Salakhutdinov, Ruslan and Hinton, Geoffrey},
  booktitle={Artificial Intelligence and Statistics},
  pages={448--455},
  year={2009},
  organization={PMLR}
}

@article{dua2017uci,
  title={U{CI} machine learning repository},
  author={Dua, Dheeru and Graff, Casey},
journal={Available: http://archive.ics.uci.edu/ml},
  year={2017},
  publisher={Beijing China}
}

@article{leng2015one,
  title={One-class classification with extreme learning machine},
  author={Leng, Qian and Qi, Honggang and Miao, Jun and Zhu, Wentao and Su, Guiping},
  journal={Mathematical Problems in Engineering},
  volume={2015},
  year={2015},
  publisher={Hindawi}
}

@article{demvsar2006statistical,
  title={Statistical comparisons of classifiers over multiple data sets},
  author={Dem{\v{s}}ar, Janez},
  journal={The Journal of Machine Learning Research},
  volume={7},
  pages={1--30},
  year={2006},
  publisher={JMLR. org}
}

@article{cortes1995support,
  title={Support-vector networks},
  author={Cortes, Corinna and Vapnik, Vladimir},
  journal={Machine Learning},
  volume={20},
  pages={273--297},
  year={1995},
  publisher={Springer}
}

@article{pal2005support,
  title={Support vector machines for classification in remote sensing},
  author={Pal, Mahesh and Mather, Paul M},
  journal={International Journal of Remote Sensing},
  volume={26},
  number={5},
  pages={1007--1011},
  year={2005},
  publisher={Taylor \& Francis}
}

@article{richhariya2018eeg,
  title={E{EG} signal classification using universum support vector machine},
  author={Richhariya, Bharat and Tanveer, Muhammad},
  journal={Expert Systems with Applications},
  volume={106},
  pages={169--182},
  year={2018},
  publisher={Elsevier}
}

@inproceedings{joachims1998text,
  title={Text categorization with support vector machines: Learning with many relevant features},
  author={Joachims, Thorsten},
  booktitle={European Conference on Machine Learning},
  pages={137--142},
  year={1998},
  organization={Springer}
}

@article{li2008joint,
  title={Joint feature re-extraction and classification using an iterative semi-supervised support vector machine algorithm},
  author={Li, Yuanqing and Guan, Cuntai},
  journal={Machine Learning},
  volume={71},
  pages={33--53},
  year={2008},
  publisher={Springer}
}

@article{hinton2006fast,
  title={A fast learning algorithm for deep belief nets},
  author={Hinton, Geoffrey E and Osindero, Simon and Teh, Yee-Whye},
  journal={Neural Computation},
  volume={18},
  number={7},
  pages={1527--1554},
  year={2006},
  publisher={MIT Press One Rogers Street, Cambridge, MA 02142-1209, USA journals-info~…}
}

@book{shawe2004kernel,
  title={Kernel Methods for Pattern Analysis},
  author={Shawe-Taylor, John and Cristianini, Nello},
  year={2004},
  publisher={Cambridge university press}
}

@book{bishop2006pattern,
  title={Pattern Recognition and Machine Learning},
  author={Bishop, Christopher M and Nasrabadi, Nasser M},
  volume={4},
  year={2006},
  publisher={Springer}
}


@article{pandey2021generative,
  title={Generative restricted kernel machines: A framework for multi-view generation and disentangled feature learning},
  author={Pandey, Arun and Schreurs, Joachim and Suykens, Johan AK},
  journal={Neural Networks},
  volume={135},
  pages={177--191},
  year={2021},
  publisher={Elsevier}
}

@article{pandey2022disentangled,
  title={Disentangled representation learning and generation with manifold optimization},
  author={Pandey, Arun and Fanuel, Micha{\"e}l and Schreurs, Joachim and Suykens, Johan AK},
  journal={Neural Computation},
  volume={34},
  number={10},
  pages={2009--2036},
  year={2022},
  publisher={MIT Press One Rogers Street, Cambridge, MA 02142-1209, USA journals-info~…}
}

@article{Sajid2024smc,
author = {Sajid, M. and Sharma, R. and Beheshti, I. and Tanveer, M.},
title = {Decoding cognitive health using machine learning: A comprehensive evaluation for diagnosis of significant memory concern},
journal = {WIREs Data Mining and Knowledge Discovery},
volume = {},
number = {},
pages = {e1546},
year = {2024, https://doi.org/10.1002/widm.1546},
doi = {https://doi.org/10.1002/widm.1546},
}