% For abbreviation rules, see IEEE citation reference (https://www.ieee.org/documents/ieeecitationref.pdf)
@STRING{BMVC = {{Proc. British Mach. Vision Conf. (BMVC)}}}
@STRING{C_ACC = {{Proc. American Control Conf. (ACC)}}}
@STRING{C_ECC = {{Proc. European Control Conf. (ECC)}}}
@STRING{C_ECCV = {{Proc. European Conf. Comput. Vision (ECCV)}}}
@STRING{C_FUSION = {{Proc. Int. Conf. Information Fusion (FUSION)}}}
@STRING{IEEE_C_FUSION = {{Proc. IEEE Int. Conf. Information Fusion (FUSION)}}} % IEEE since 2020
@STRING{C_ICARCV = {{Proc. Int. Conf. Control, Automation, Robotics and Vision (ICARCV)}}}
@STRING{C_ICIRA = {{Proc. Int. Conf. Intelligent Robotics and Applicat. (ICIRA)}}}
@STRING{C_ICLR = {{Int. Conf. Learning Representations (ICLR)}}}
@STRING{C_ICML = {{Proc. Int. Conf. Mach. Learning (ICML)}}}
@STRING{C_IHMSC = {{Proc. Int. Conf. Intelligent Human-Machine Systems and Cybernetics (IHMSC)}}}
@STRING{C_RSS = {{Proc. Int. Conf. Robotics: Science and Syst. (RSS)}}}
@STRING{C_VISAPP = {{Proc. Int. Conf. Comput. Vision Theory and Applicat. (VISAPP)}}}
@STRING{DAGM = {{Proc. Symp. German Assoc. for Pattern Recognition}}}
@STRING{IBM_SYJ = {{IBM Syst. Journal}}}
@STRING{IEEE_C_AVSS = {{Proc. IEEE Int. Conf. Advanced Video and Signal Based Surveillance (AVSS)}}}
@STRING{IEEE_C_CASE = {{Proc. IEEE Int. Conf. Automat. Science and Eng. (CASE)}}}
@STRING{IEEE_C_CDC = {{Proc. IEEE Conf. Decision and Control (CDC)}}}
@STRING{IEEE_C_CVPR = {{Proc. IEEE Conf. Comput. Vision and Pattern Recognition (CVPR)}}}
@STRING{IEEE_C_CVPRW = {{Proc. IEEE Conf. Comput. Vision and Pattern Recognition Workshops (CVPRW)}}}
@STRING{IEEE_C_ECC = {{Proc. IEEE European Control Conf. (ECC)}}}
@STRING{IEEE_C_GLOBALSIP = {{Proc. IEEE Global Conf. Signal and Information Processing (GLOBALSIP)}}}
@STRING{IEEE_C_ICARA = {{Proc. IEEE Int. Conf. Automation, Robotics and Applicat. (ICARA)}}}
@STRING{IEEE_C_ICARCV = {{Proc. IEEE Int. Conf. Control, Automation, Robotics and Vision (ICARCV)}}}
@STRING{IEEE_C_ICARSC = {{Proc. IEEE Int. Conf. Autonomous Robot Syst. and Competitions (ICARSC)}}}
@STRING{IEEE_C_ICCV = {{Proc. IEEE Int. Conf. Comput. Vision (ICCV)}}}
@STRING{IEEE_C_ICDMW = {{Proc. IEEE Int. Conf. Data Mining Workshops (ICDMW)}}}
@STRING{IEEE_C_ICIP = {{Proc. IEEE Int. Conf. Image Processing (ICIP)}}}
@STRING{IEEE_C_ICMA = {{Proc. IEEE Int. Conf. Mechatronics and Automation (ICMA)}}}
@STRING{IEEE_C_ICME = {{Proc. IEEE Int. Conf. Multimedia and Expo (ICME)}}}
@STRING{IEEE_C_ICMIM = {{Proc. IEEE MTT-S Int. Conf. on Microwaves for Intelligent Mobility (ICMIM)}}}
@STRING{IEEE_C_ICRA = {{Proc. IEEE Int. Conf. Robotics and Automation (ICRA)}}}
@STRING{IEEE_C_ICSPCC = {{Proc. IEEE Int. Conf. on Signal Process., Commun. and Computing (ICSPCC)}}}
@STRING{IEEE_C_IEACON = {{Proc. IEEE Industrial Electronics and Applicat. Conf. (IEACon)}}}
@STRING{IEEE_C_IGARSS = {{Proc. IEEE Int. Geoscience and Remote Sensing Symp. (IGARSS)}}}
@STRING{IEEE_C_IROS = {{Proc. IEEE/RSJ Int. Conf. Intelligent Robots and Syst. (IROS)}}}
@STRING{IEEE_C_ISSPIT ={{Proc. Symp. Signal Processing and Information Technology (ISSPIT)}}}
@STRING{IEEE_C_ITSC = {{Proc. IEEE Intelligent Transportation Syst. Conf. (ITSC)}}}
@STRING{IEEE_C_IV = {{Proc. IEEE Intelligent Vehicles Symp. (IV)}}}
@STRING{IEEE_C_MFI = {{Proc. IEEE Int. Conf. Multisensor Fusion and Integration (MFI)}}}
@STRING{IEEE_C_OCEANS = {{Proc. MTS/IEEE OCEANS Conf.}}}
@STRING{IEEE_C_ROBIO = {{Proc. IEEE Int. Conf. Robotics and Biomimetics (ROBIO)}}}
@STRING{IEEE_C_SMC = {{Proc. IEEE Conf. Syst., Man and Cybern. (SMC)}}}
@STRING{IEEE_C_SSRR = {{Proc. IEEE Int. Symp. Safety, Security, and Rescue Robotics (SSRR)}}}
@STRING{IEEE_C_TEPRA = {{Proc. IEEE Int. Conf. Technologies for Practical Robot Applicat. (TePRA)}}}
@STRING{IEEE_C_VCIP = {{Proc. IEEE Int. Conf. Visual Communications and Image Processing (VCIP)}}}
@STRING{IEEE_C_WACV = {{Proc. IEEE Winter Conf. Applicat. Comput. Vision (WACV)}}}
@STRING{IEEE_S_CV = {{Proc. IEEE Int. Symp. Comput. Vision}}}
@STRING{IEEE_S_ISMAR = {{Proc. IEEE Int. Symp. Mixed and Augmented Reality (ISMAR)}}}
@STRING{ICPR = {{Int. Conf. Pattern Recognition (ICPR)}}}
@STRING{IJCV = {{Int. J. Comput. Vision}}}
@STRING{IJRR = {{Int. J. Robotics Research}}}
@STRING{ISPRS = {{Int. Soc. Photogrammetry and Remote Sensing}}}
@STRING{J_AT = {{at -- Automatisierungstechnik}}}
@STRING{J_IT = {{it -- Information Technology}}}
@STRING{J_TM = {{tm -- Technisches Messen}}}
@STRING{JCVIU = {{J. Comput. Vision and Image Understanding}}}
@STRING{JFR = {{J. Field Robotics}}}
@STRING{JMVA = {{J. Mach. Vision and Applicat.}}}
@STRING{JPE = {{J. Photogrammetric Eng.}}}
@STRING{JPERS = {{J. Photogrammetric Eng. and Remote Sensing}}}
@STRING{SPIE_C_ITS = {{Proc. SPIE Conf. Intelligent Transportation Syst.}}}
@STRING{SPIE_C_MB = {{Proc. SPIE Conf. Mobile Robots}}}
@STRING{SPIE_C_SDPST = {{Proc. SPIE Conf. Signal and Data Processing of Small Targets}}}
@STRING{SPR_C_IAS = {{Proc. Int. Conf. Intelligent Autonomous Syst. (IAS)}}}
@STRING{ACM_C_SIG = {{ACM SIGSPATIAL - Int. W. on Computational Transportation Science (IWCTS)}}}
@STRING{ACM_C_SIGGRAPH = {{Proc. Int. ACM Conf. Comp. Graphics and Interactive Techniques (SIGGRAPH)}}}
@STRING{C_NIPS = {{Advances in Neural Information Processing Systems (NIPS)}}}
@STRING{AAAI = {{Proc. AAAI Conf. on Artificial Intelligence}}}
@STRING{GVSETS = {{Proc. Ground Vehicle Systems Engineering and Technology Symp. (GVSETS)}}}
@STRING{ISER = {{Int. Symp. Experimental Robotics (ISER)}}}
