@IEEEtranBSTCTL{bibcontrol_etal10,
	CTLuse_forced_etal = "yes",
	CTLmax_names_forced_etal = "10",
	CTLnames_show_etal = "4",
}

@IEEEtranBSTCTL{bibcontrol_etal4,
	CTLuse_forced_etal = "yes",
	CTLmax_names_forced_etal = "4",
	CTLnames_show_etal = "2",
}

@IEEEtranBSTCTL{bibcontrol_etal3,
	CTLuse_forced_etal = "yes",
	CTLmax_names_forced_etal = "3",
	CTLnames_show_etal = "1",
}

@IEEEtranBSTCTL{bibcontrol_etal2,
	CTLuse_forced_etal = "yes",
	CTLmax_names_forced_etal = "2",
	CTLnames_show_etal = "1",
}
