@inproceedings{liu2023knowledge,
  title={Knowledge Graph Reasoning and Its Applications},
  author={Liu, Lihui and Tong, Hanghang},
  booktitle={SIGKDD},
  pages={5813--5814},
  year={2023}
}
@inproceedings{zhong2023knowledge,
  title={Knowledge-augmented Graph Machine Learning for Drug Discovery: From Precision to Interpretability},
  author={Zhong, Zhiqiang and Mottin, Davide},
  booktitle={SIGKDD},
  pages={5841--5842},
  year={2023}
}
@inproceedings{zang2023commonsense,
  title={Commonsense Knowledge Graph towards Super APP and Its Applications in Alipay},
  author={Zang, Xiaoling and Hu, Binbin and Chu, Jun and Zhang, Zhiqiang and Zhang, Guannan and Zhou, Jun and Zhong, Wenliang},
  booktitle={SIGKDD},
  pages={5509--5519},
  year={2023}
}
@inproceedings{liu2023generative,
  title={Generative flow network for listwise recommendation},
  author={Liu, Shuchang and Cai, Qingpeng and He, Zhankui and Sun, Bowen and McAuley, Julian and Zheng, Dong and Jiang, Peng and Gai, Kun},
  booktitle={SIGKDD},
  pages={1524--1534},
  year={2023}
}
@inproceedings{agrawal2024no,
  title={No Prejudice! Fair Federated Graph Neural Networks for Personalized Recommendation},
  author={Agrawal, Nimesh and Sirohi, Anuj Kumar and Kumar, Sandeep and others},
  booktitle={AAAI},
  volume={38},
  pages={10775--10783},
  year={2024}
}
@inproceedings{jia2023enhancing,
  title={Enhancing node-level adversarial defenses by Lipschitz regularization of graph neural networks},
  author={Jia, Yaning and Zou, Dongmian and Wang, Hongfei and Jin, Hai},
  booktitle={SIGKDD},
  pages={951--963},
  year={2023}
}
@inproceedings{jin2023heterformer,
  title={Heterformer: Transformer-based deep node representation learning on heterogeneous text-rich networks},
  author={Jin, Bowen and Zhang, Yu and Zhu, Qi and Han, Jiawei},
  booktitle={SIGKDD},
  pages={1020--1031},
  year={2023}
}
@inproceedings{jin2023transferable,
  title={Transferable Graph Structure Learning for Graph-based Traffic Forecasting Across Cities},
  author={Jin, Yilun and Chen, Kai and Yang, Qiang},
  booktitle={SIGKDD},
  pages={1032--1043},
  year={2023}
}
@article{battaglia2016interaction,
  title={Interaction networks for learning about objects, relations and physics},
  author={Battaglia, Peter and Pascanu, Razvan and Lai, Matthew and Jimenez Rezende, Danilo and others},
  journal={NIPS},
  volume={29},
  year={2016}
}
@article{atwood2016diffusion,
  title={Diffusion-convolutional neural networks},
  author={Atwood, James and Towsley, Don},
  journal={NIPS},
  volume={29},
  year={2016}
}
@article{fout2017protein,
  title={Protein interface prediction using graph convolutional networks},
  author={Fout, Alex and Byrd, Jonathon and Shariat, Basir and Ben-Hur, Asa},
  journal={NIPS},
  volume={30},
  year={2017}
}
@inproceedings{fu2020magnn,
  title={Magnn: Metapath aggregated graph neural network for heterogeneous graph embedding},
  author={Fu, Xinyu and Zhang, Jiani and Meng, Ziqiao and King, Irwin},
  booktitle={WWW},
  pages={2331--2341},
  year={2020}
}
@inproceedings{perozzi2014deepwalk,
  title={Deepwalk: Online learning of social representations},
  author={Perozzi, Bryan and Al-Rfou, Rami and Skiena, Steven},
  booktitle={SIGKDD},
  pages={701--710},
  year={2014}
}
@inproceedings{le2014distributed,
  title={Distributed representations of sentences and documents},
  author={Le, Quoc and Mikolov, Tomas},
  booktitle={ICML},
  pages={1188--1196},
  year={2014},
  organization={PMLR}
}
@inproceedings{long2015fully,
  title={Fully convolutional networks for semantic segmentation},
  author={Long, Jonathan and Shelhamer, Evan and Darrell, Trevor},
  booktitle={ICCV},
  pages={3431--3440},
  year={2015}
}
@inproceedings{dong2017metapath2vec,
  title={metapath2vec: Scalable representation learning for heterogeneous networks},
  author={Dong, Yuxiao and Chawla, Nitesh V and Swami, Ananthram},
  booktitle={SIGKDD},
  pages={135--144},
  year={2017}
}
@inproceedings{grover2016node2vec,
  title={node2vec: Scalable feature learning for networks},
  author={Grover, Aditya and Leskovec, Jure},
  booktitle={SIGKDD},
  pages={855--864},
  year={2016}
}
@article{mikolov2013distributed,
  title={Distributed representations of words and phrases and their compositionality},
  author={Mikolov, Tomas and Sutskever, Ilya and Chen, Kai and Corrado, Greg S and Dean, Jeff},
  journal={NIPS},
  volume={26},
  year={2013}
}

@inproceedings{zhang2019heterogeneous,
  title={Heterogeneous graph neural network},
  author={Zhang, Chuxu and Song, Dongjin and Huang, Chao and Swami, Ananthram and Chawla, Nitesh V},
  booktitle={SIGKDD},
  pages={793--803},
  year={2019}
}
@article{kipf2016semi,
  title={Semi-supervised classification with graph convolutional networks},
  author={Kipf, Thomas N and Welling, Max},
  journal={arXiv preprint arXiv:1609.02907},
  year={2016}
}
@article{vaswani2017attention,
  title={Attention is all you need},
  author={Vaswani, Ashish and Shazeer, Noam and Parmar, Niki and Uszkoreit, Jakob and Jones, Llion and Gomez, Aidan N and Kaiser, {\L}ukasz and Polosukhin, Illia},
  journal={NIPS},
  volume={30},
  year={2017}
}
@article{hamilton2017inductive,
  title={Inductive representation learning on large graphs},
  author={Hamilton, Will and Ying, Zhitao and Leskovec, Jure},
  journal={NIPS},
  volume={30},
  year={2017}
}
@article{velickovic2017graph,
  title={Graph attention networks},
  author={Velickovic, Petar and Cucurull, Guillem and Casanova, Arantxa and Romero, Adriana and Lio, Pietro and Bengio, Yoshua and others},
  journal={stat},
  volume={1050},
  number={20},
  pages={10--48550},
  year={2017}
}
@inproceedings{hu2020heterogeneous,
  title={Heterogeneous graph transformer},
  author={Hu, Ziniu and Dong, Yuxiao and Wang, Kuansan and Sun, Yizhou},
  booktitle={WWW},
  pages={2704--2710},
  year={2020}
}
@inproceedings{tang2008arnetminer,
  title={Arnetminer: extraction and mining of academic social networks},
  author={Tang, Jie and Zhang, Jing and Yao, Limin and Li, Juanzi and Zhang, Li and Su, Zhong},
  booktitle={SIGKDD},
  pages={990--998},
  year={2008}
}
@inproceedings{wang2019heterogeneous,
  title={Heterogeneous graph attention network},
  author={Wang, Xiao and Ji, Houye and Shi, Chuan and Wang, Bai and Ye, Yanfang and Cui, Peng and Yu, Philip S},
  booktitle={WWW},
  pages={2022--2032},
  year={2019}
}
@inproceedings{wang2016structural,
  title={Structural deep network embedding},
  author={Wang, Daixin and Cui, Peng and Zhu, Wenwu},
  booktitle={SIGKDD},
  pages={1225--1234},
  year={2016}
}
@article{zhang2018gaan,
  title={Gaan: Gated attention networks for learning on large and spatiotemporal graphs},
  author={Zhang, Jiani and Shi, Xingjian and Xie, Junyuan and Ma, Hao and King, Irwin and Yeung, Dit-Yan},
  journal={arXiv preprint arXiv:1803.07294},
  year={2018}
}
@inproceedings{schlichtkrull2018modeling,
  title={Modeling relational data with graph convolutional networks},
  author={Schlichtkrull, Michael and Kipf, Thomas N and Bloem, Peter and Van Den Berg, Rianne and Titov, Ivan and Welling, Max},
  booktitle={ESWC},
  pages={593--607},
  year={2018},
  organization={Springer}
}
@inproceedings{lv2021we,
  title={Are we really making much progress? revisiting, benchmarking and refining heterogeneous graph neural networks},
  author={Lv, Qingsong and Ding, Ming and Liu, Qiang and Chen, Yuxiang and Feng, Wenzheng and He, Siming and Zhou, Chang and Jiang, Jianguo and Dong, Yuxiao and Tang, Jie},
  booktitle={SIGKDD},
  pages={1150--1160},
  year={2021}
}
@article{li2023metapath,
  title={Metapath-aggregated heterogeneous graph neural network for drug--target interaction prediction},
  author={Li, Mei and Cai, Xiangrui and Xu, Sihan and Ji, Hua},
  journal={Briefings in Bioinformatics},
  volume={24},
  number={1},
  pages={bbac578},
  year={2023},
  publisher={Oxford University Press}
}
@article{SHAN24KPI-HGNN,
title = {KPI-HGNN: Key provenance identification based on a heterogeneous graph neural network for big data access control},
journal = {Information Sciences},
volume = {659},
pages = {120059},
year = {2024},
author = {Dibin Shan and Xuehui Du and Wenjuan Wang and Na Wang and Aodi Liu}
}
@article{WU23Heterogeneous,
title = {Heterogeneous question answering community detection based on graph neural network},
journal = {Information Sciences},
volume = {621},
pages = {652-671},
year = {2023},
author = {Yongliang Wu and Yue Fu and Jiwei Xu and Hu Yin and Qianqian Zhou and Dongbo Liu}
}
@inproceedings{MaYLMC24HetGPT,
author       = {Yihong Ma and
              Ning Yan and
              Jiayu Li and
              Masood S. Mortazavi and
              Nitesh V. Chawla},
title        = {HetGPT: Harnessing the Power of Prompt Tuning in Pre-Trained Heterogeneous Graph Neural Networks},
booktitle    = {WWW},
pages        = {1015--1023},
publisher    = {{ACM}},
year         = {2024}
}
@inproceedings{Yu23KGTrust,
author       = {Zhizhi Yu and
              Di Jin and
              Cuiying Huo and
              Zhiqiang Wang and
              Xiulong Liu and
              Heng Qi and
              Jia Wu and
              Lingfei Wu},
title        = {KGTrust: Evaluating Trustworthiness of SIoT via Knowledge Enhanced
              Graph Neural Networks},
booktitle    = {WWW},
pages        = {727--736},
publisher    = {{ACM}},
year         = {2023}
}
@Inbook{Shi2022hgnn,
author="Shi, Chuan",
title="Heterogeneous Graph Neural Networks",
bookTitle="Graph Neural Networks: Foundations, Frontiers, and Applications",
year="2022",
publisher="Springer Nature Singapore",
address="Singapore",
pages="351--369"
}
@inproceedings{Yang23Simple,
author       = {Xiaocheng Yang and
              Mingyu Yan and
              Shirui Pan and
              Xiaochun Ye and
              Dongrui Fan},
title        = {Simple and Efficient Heterogeneous Graph Neural Network},
booktitle    = {AAAI},
pages        = {10816--10824},
publisher    = {{AAAI} Press},
year         = {2023}
}
@inproceedings{fu2023multiplex,
author       = {Chaofan Fu and
              Guanjie Zheng and
              Chao Huang and
              Yanwei Yu and
              Junyu Dong},
title        = {Multiplex Heterogeneous Graph Neural Network with Behavior Pattern
              Modeling},
booktitle    = {SIGKDD},
pages        = {482--494},
publisher    = {{ACM}},
year         = {2023}
}
@ARTICLE{yang23HGNAS,
  author={Gao, Yang and Zhang, Peng and Zhou, Chuan and Yang, Hong and Li, Zhao and Hu, Yue and Yu, Philip S.},
  journal={TKDE}, 
  title={HGNAS++: Efficient Architecture Search for Heterogeneous Graph Neural Networks}, 
  year={2023},
  volume={35},
  number={9},
  pages={9448-9461}
}
@inproceedings{Christmann23Explainable,
author = {Christmann, Philipp and Saha Roy, Rishiraj and Weikum, Gerhard},
title = {Explainable Conversational Question Answering over Heterogeneous Sources via Iterative Graph Neural Networks},
year = {2023},
booktitle = {SIGIR},
pages = {643–653},
numpages = {11}
}
@INPROCEEDINGS{zhu23AutoAC,
author={Zhu, Guanghui and Zhu, Zhennan and Wang, Wenjie and Xu, Zhuoer and Yuan, Chunfeng and Huang, Yihua},
booktitle={ICDE}, 
title={AutoAC: Towards Automated Attribute Completion for Heterogeneous Graph Neural Network}, 
year={2023},
volume={},
number={},
pages={2808-2821}
}
@inproceedings{zhang23pagelink,
author = {Zhang, Shichang and Zhang, Jiani and Song, Xiang and Adeshina, Soji and Zheng, Da and Faloutsos, Christos and Sun, Yizhou},
title = {PaGE-Link: Path-based Graph Neural Network Explanation for Heterogeneous Link Prediction},
year = {2023},
isbn = {9781450394161},
publisher = {Association for Computing Machinery},
booktitle = {WWW},
pages = {3784–3793},
numpages = {10},
series = {WWW '23}
}
@inproceedings{yan2021relation,
  title={Relation-aware heterogeneous graph for user profiling},
  author={Yan, Qilong and Zhang, Yufeng and Liu, Qiang and Wu, Shu and Wang, Liang},
  booktitle={ICKM},
  pages={3573--3577},
  year={2021}
}
@inproceedings{liu2023rhgn,
  title={RHGN: Relation-gated Heterogeneous Graph Network for Entity Alignment in Knowledge Graphs},
  author={Liu, Xukai and Zhang, Kai and Liu, Ye and Chen, Enhong and Huang, Zhenya and Yue, Linan and Yan, Jiaxian},
  booktitle={ACL},
  pages={8683--8696},
  year={2023}
}
@ARTICLE{yu23RHGNN,
  author={Yu, Le and Sun, Leilei and Du, Bowen and Liu, Chuanren and Lv, Weifeng and Xiong, Hui},
  journal={TKDE}, 
  title={Heterogeneous Graph Representation Learning With Relation Awareness}, 
  year={2023},
  volume={35}
}
@article{liang2022meta,
  title={Meta-path-based heterogeneous graph neural networks in academic network},
  author={Liang, Xingxing and Ma, Yang and Cheng, Guangquan and Fan, Changjun and Yang, Yuling and Liu, Zhong},
  journal={International Journal of Machine Learning and Cybernetics},
  pages={1--17},
  year={2022},
  publisher={Springer}
}
@inproceedings{fan2019metapath,
  title={Metapath-guided heterogeneous graph neural network for intent recommendation},
  author={Fan, Shaohua and Zhu, Junxiong and Han, Xiaotian and Shi, Chuan and Hu, Linmei and Ma, Biyu and Li, Yongliang},
  booktitle={SIGKDD},
  pages={2478--2486},
  year={2019}
}
@inproceedings{gamba2024exit,
  title={Exit Ripple Effects: Understanding the Disruption of Socialization Networks Following Employee Departures},
  author={Gamba, David and Yu, Yulin and Yuan, Yuan and Schoenebeck, Grant and Romero, Daniel M},
  booktitle={WWW},
  pages={211--222},
  year={2024}
}
@inproceedings{muppasani2024expressive,
  title={Expressive and Flexible Simulation of Information Spread Strategies in Social Networks Using Planning},
  author={Muppasani, Bharath and Narayanan, Vignesh and Srivastava, Biplav and Huhns, Michael N},
  booktitle={AAAI},
  volume={38},
  pages={23820--23822},
  year={2024}
}
@inproceedings{avery2024effect,
  title={The Effect of Alter Ego Accounts on A/B Tests in Social Networks},
  author={Avery, Katherine and Houmansadr, Amir and Jensen, David},
  booktitle={WWW},
  pages={565--568},
  year={2024}
}
@inproceedings{yang2024fine,
  title={Fine-Tuning Large Language Model Based Explainable Recommendation with Explainable Quality Reward},
  author={Yang, Mengyuan and Zhu, Mengying and Wang, Yan and Chen, Linxun and Zhao, Yilei and Wang, Xiuyuan and Han, Bing and Zheng, Xiaolin and Yin, Jianwei},
  booktitle={AAAI},
  volume={38},
  pages={9250--9259},
  year={2024}
}
@article{chang2022megnn,
  title={Megnn: Meta-path extracted graph neural network for heterogeneous graph representation learning},
  author={Chang, Yaomin and Chen, Chuan and Hu, Weibo and Zheng, Zibin and Zhou, Xiaocong and Chen, Shouzhi},
  journal={Knowledge-Based Systems},
  volume={235},
  pages={107611},
  year={2022},
  publisher={Elsevier}
}
@article{zhu2023hagnn,
  title={HAGNN: Hybrid Aggregation for Heterogeneous Graph Neural Networks},
  author={Zhu, Guanghui and Zhu, Zhennan and Chen, Hongyang and Yuan, Chunfeng and Huang, Yihua},
  journal={arXiv preprint arXiv:2307.01636},
  year={2023}
}
@article{mao2024hetfs,
  title={HetFS: a method for fast similarity search with ad-hoc meta-paths on heterogeneous information networks},
  author={Mao, Xuqi and Chen, Zhenyi and He, Zhenying and Jing, Yinan and Zhang, Kai and Wang, X Sean},
  journal={WWW},
  volume={27},
  number={6},
  pages={66},
  year={2024},
  publisher={Springer}
}