@ARTICLE{tenenbaum:2012,
       author = {{Tenenbaum}, Peter and {Christiansen}, Jessie L. and {Jenkins}, Jon M. and
         {Rowe}, Jason F. and {Seader}, Shawn and {Caldwell}, Douglas A. and
         {Clarke}, Bruce D. and {Li}, Jie and {Quintana}, Elisa V. and
         {Smith}, Jeffrey C. and {Stumpe}, Martin C. and {Thompson}, Susan E. and
         {Twicken}, Joseph D. and {Van Cleve}, Jeffrey and
         {Borucki}, William J. and {Cote}, Miles T. and {Haas}, Michael R. and
         {Sanderfer}, Dwight T. and {Girouard}, Forrest R. and {Klaus}, Todd C. and
         {Middour}, Christopher K. and {Wohler}, Bill and {Batalha}, Natalie M. and
         {Barclay}, Thomas and {Nickerson}, James E.},
        title = "{Detection of Potential Transit Signals in the First Three Quarters of Kepler Mission Data}",
      journal = {\apjs},
     keywords = {planetary systems, planets and satellites: detection, Astrophysics - Earth and Planetary Astrophysics},
         year = 2012,
        month = mar,
       volume = {199},
       number = {1},
          eid = {24},
        pages = {24},
          doi = {10.1088/0067-0049/199/1/24},
archivePrefix = {arXiv},
       eprint = {1201.1048},
 primaryClass = {astro-ph.EP},
       adsurl = {https://ui.adsabs.harvard.edu/abs/2012ApJS..199...24T},
      adsnote = {Provided by the SAO/NASA Astrophysics Data System}
}

@ARTICLE{battley:2024,
       author = {{Battley}, M.~P. and {Collins}, K.~A. and {Ulmer-Moll}, S. and {Quinn}, S.~N. and {Lendl}, M. and {Gill}, S. and {Brahm}, R. and {Hobson}, M.~J. and {Osborn}, H.~P. and {Deline}, A. and {Faria}, J.~P. and {Claringbold}, A.~B. and {Chakraborty}, H. and {Stassun}, K.~G. and {Hellier}, C. and {Alves}, D.~R. and {Ziegler}, C. and {Anderson}, D.~R. and {Apergis}, I. and {Armstrong}, D.~J. and {Bayliss}, D. and {Beletsky}, Y. and {Bieryla}, A. and {Bouchy}, F. and {Burleigh}, M.~R. and {Butler}, R.~P. and {Casewell}, S.~L. and {Christiansen}, J.~L. and {Crane}, J.~D. and {Dalba}, P.~A. and {Daylan}, T. and {Figueira}, P. and {Gillen}, E. and {Goad}, M.~R. and {G{\"u}nther}, M.~N. and {Henderson}, B.~A. and {Henning}, T. and {Jenkins}, J.~S. and {Jord{\'a}n}, A. and {Kanodia}, S. and {Kendall}, A. and {Kunimoto}, M. and {Latham}, D.~W. and {Levine}, A.~M. and {McCormac}, J. and {Moyano}, M. and {Osborn}, A. and {Osip}, D. and {Pritchard}, T.~A. and {Psaridi}, A. and {Rice}, M. and {Rodriguez}, J.~E. and {Saha}, S. and {Seager}, S. and {Shectman}, S.~A. and {Smith}, A.~M.~S. and {Teske}, J.~K. and {Ting}, E.~B. and {Udry}, S. and {Vines}, J.~I. and {Watson}, C.~A. and {West}, R.~G. and {Wheatley}, P.~J. and {Winn}, J.~N. and {Yee}, S.~W. and {Zhao}, Y.},
        title = "{NGTS-30b/TOI-4862b: An  1 Gyr old 98-day transiting warm Jupiter}",
      journal = {\aap},
     keywords = {methods: data analysis, planets and satellites: detection, planets and satellites: gaseous planets, planets and satellites: general, planets and satellites: individual: NGTS-30 b, planets and satellites: individual: TOI-4862 b, Astrophysics - Earth and Planetary Astrophysics},
         year = 2024,
        month = jun,
       volume = {686},
          eid = {A230},
        pages = {A230},
          doi = {10.1051/0004-6361/202449307},
archivePrefix = {arXiv},
       eprint = {2404.02974},
 primaryClass = {astro-ph.EP},
       adsurl = {https://ui.adsabs.harvard.edu/abs/2024A&A...686A.230B},
      adsnote = {Provided by the SAO/NASA Astrophysics Data System}
}



@ARTICLE{dawson:2018,
       author = {{Dawson}, Rebekah I. and {Johnson}, John Asher},
        title = "{Origins of Hot Jupiters}",
      journal = {\araa},
     keywords = {Astrophysics - Earth and Planetary Astrophysics},
         year = 2018,
        month = sep,
       volume = {56},
        pages = {175-221},
          doi = {10.1146/annurev-astro-081817-051853},
archivePrefix = {arXiv},
       eprint = {1801.06117},
 primaryClass = {astro-ph.EP},
       adsurl = {https://ui.adsabs.harvard.edu/abs/2018ARA&A..56..175D},
      adsnote = {Provided by the SAO/NASA Astrophysics Data System}
}



@ARTICLE{hartman:2019,
       author = {{Hartman}, J.~D. and {Bakos}, G. {\'A}. and {Bayliss}, D. and {Bento}, J. and {Bhatti}, W. and {Brahm}, R. and {Csubry}, Z. and {Espinoza}, N. and {Henning}, Th. and {Jord{\'a}n}, A. and {Mancini}, L. and {Penev}, K. and {Rabus}, M. and {Sarkis}, P. and {Suc}, V. and {de Val-Borro}, M. and {Zhou}, G. and {Addison}, B. and {Arriagada}, P. and {Butler}, R.~P. and {Crane}, J. and {Durkan}, S. and {Shectman}, S. and {Tan}, T.~G. and {Thompson}, I. and {Tinney}, C.~G. and {Wright}, D.~J. and {L{\'a}z{\'a}r}, J. and {Papp}, I. and {S{\'a}ri}, P.},
        title = "{HATS-60b-HATS-69b: 10 Transiting Planets from HATSouth}",
      journal = {\aj},
     keywords = {stars: individual, techniques: photometric, techniques: spectroscopic, Astrophysics - Earth and Planetary Astrophysics},
         year = 2019,
        month = feb,
       volume = {157},
       number = {2},
          eid = {55},
        pages = {55},
          doi = {10.3847/1538-3881/aaf8b6},
archivePrefix = {arXiv},
       eprint = {1809.01048},
 primaryClass = {astro-ph.EP},
       adsurl = {https://ui.adsabs.harvard.edu/abs/2019AJ....157...55H},
      adsnote = {Provided by the SAO/NASA Astrophysics Data System}
}



@ARTICLE{grieves:2022,
       author = {{Grieves}, Nolan and {Bouchy}, Fran{\c{c}}ois and {Ulmer-Moll}, Sol{\`e}ne and {Gill}, Samuel and {Anderson}, David R. and {Psaridi}, Angelica and {Lendl}, Monika and {Stassun}, Keivan G. and {Jenkins}, Jon M. and {Burleigh}, Matthew R. and {Acton}, Jack S. and {Boyd}, Patricia T. and {Casewell}, Sarah L. and {Eigm{\"u}ller}, Philipp and {Goad}, Michael R. and {Goeke}, Robert F. and {G{\"u}nther}, Maximilian N. and {Hawthorn}, Faith and {Henderson}, Beth A. and {Henze}, Christopher E. and {Jord{\'a}n}, Andr{\'e}s and {Kendall}, Alicia and {Mishra}, Lokesh and {Moyano}, Maximiliano and {Osborn}, Hugh and {Revol}, Alexandre and {Sefako}, Ramotholo R. and {Tilbrook}, Rosanna H. and {Udry}, St{\'e}phane and {Unger}, Nicolas and {Vines}, Jose I. and {West}, Richard G. and {Worters}, Hannah L.},
        title = "{An old warm Jupiter orbiting the metal-poor G-dwarf TOI-5542}",
      journal = {\aap},
     keywords = {planets and satellites: detection, planets and satellites: dynamical evolution and stability, planets and satellites: formation, planets and satellites: fundamental parameters, planets and satellites: gaseous planets, Astrophysics - Earth and Planetary Astrophysics},
         year = 2022,
        month = dec,
       volume = {668},
          eid = {A29},
        pages = {A29},
          doi = {10.1051/0004-6361/202244077},
archivePrefix = {arXiv},
       eprint = {2209.14830},
 primaryClass = {astro-ph.EP},
       adsurl = {https://ui.adsabs.harvard.edu/abs/2022A&A...668A..29G},
      adsnote = {Provided by the SAO/NASA Astrophysics Data System}
}



@ARTICLE{gill:2020,
       author = {{Gill}, Samuel and {Wheatley}, Peter J. and {Cooke}, Benjamin F. and {Jord{\'a}n}, Andr{\'e}s and {Nielsen}, Louise D. and {Bayliss}, Daniel and {Anderson}, David R. and {Vines}, Jose I. and {Lendl}, Monika and {Acton}, Jack S. and {Armstrong}, David J. and {Bouchy}, Fran{\c{c}}ois and {Brahm}, Rafael and {Bryant}, Edward M. and {Burleigh}, Matthew R. and {Casewell}, Sarah L. and {Eigm{\"u}ller}, Philipp and {Espinoza}, N{\'e}stor and {Gillen}, Edward and {Goad}, Michael R. and {Grieves}, Nolan and {G{\"u}nther}, Maximilian N. and {Henning}, Thomas and {Hobson}, Melissa J. and {Hogan}, Aleisha and {Jenkins}, James S. and {McCormac}, James and {Moyano}, Maximiliano and {Osborn}, Hugh P. and {Pollacco}, Don and {Queloz}, Didier and {Rauer}, Heike and {Raynard}, Liam and {Rojas}, Felipe and {Sarkis}, Paula and {Smith}, Alexis M.~S. and {Tala Pinto}, Marcelo and {Tilbrook}, Rosanna H. and {Udry}, St{\'e}phane and {Watson}, Christopher A. and {West}, Richard G.},
        title = "{NGTS-11 b (TOI-1847 b): A Transiting Warm Saturn Recovered from a TESS Single-transit Event}",
      journal = {\apjl},
     keywords = {Exoplanet astronomy, Exoplanet detection methods, Exoplanets, Extrasolar gas giants, Photometry, High resolution spectroscopy, 486, 489, 498, 509, 1234, 2096, Astrophysics - Earth and Planetary Astrophysics, Astrophysics - Solar and Stellar Astrophysics},
         year = 2020,
        month = jul,
       volume = {898},
       number = {1},
          eid = {L11},
        pages = {L11},
          doi = {10.3847/2041-8213/ab9eb9},
archivePrefix = {arXiv},
       eprint = {2005.00006},
 primaryClass = {astro-ph.EP},
       adsurl = {https://ui.adsabs.harvard.edu/abs/2020ApJ...898L..11G},
      adsnote = {Provided by the SAO/NASA Astrophysics Data System}
}



@ARTICLE{dawson:2021,
       author = {{Dawson}, Rebekah I. and {Huang}, Chelsea X. and {Brahm}, Rafael and {Collins}, Karen A. and {Hobson}, Melissa J. and {Jord{\'a}n}, Andr{\'e}s and {Dong}, Jiayin and {Korth}, Judith and {Trifonov}, Trifon and {Abe}, Lyu and {Agabi}, Abdelkrim and {Bruni}, Ivan and {Butler}, R. Paul and {Barbieri}, Mauro and {Collins}, Kevin I. and {Conti}, Dennis M. and {Crane}, Jeffrey D. and {Crouzet}, Nicolas and {Dransfield}, Georgina and {Evans}, Phil and {Espinoza}, N{\'e}stor and {Gan}, Tianjun and {Guillot}, Tristan and {Henning}, Thomas and {Lissauer}, Jack J. and {Jensen}, Eric L.~N. and {Sainte}, Wenceslas Marie and {M{\'e}karnia}, Djamel and {Myers}, Gordon and {Nandakumar}, Sangeetha and {Relles}, Howard M. and {Sarkis}, Paula and {Torres}, Pascal and {Shectman}, Stephen and {Schmider}, Fran{\c{c}}ois-Xavier and {Shporer}, Avi and {Stockdale}, Chris and {Teske}, Johanna and {Triaud}, Amaury H.~M.~J. and {Wang}, Sharon Xuesong and {Ziegler}, Carl and {Ricker}, G. and {Vanderspek}, R. and {Latham}, David W. and {Seager}, S. and {Winn}, J. and {Jenkins}, Jon M. and {Bouma}, L.~G. and {Burt}, Jennifer A. and {Charbonneau}, David and {Levine}, Alan M. and {McDermott}, Scott and {McLean}, Brian and {Rose}, Mark E. and {Vanderburg}, Andrew and {Wohler}, Bill},
        title = "{Precise Transit and Radial-velocity Characterization of a Resonant Pair: The Warm Jupiter TOI-216c and Eccentric Warm Neptune TOI-216b}",
      journal = {\aj},
     keywords = {Exoplanet astronomy, Exoplanet dynamics, Transit timing variation method, Radial velocity, 486, 490, 1710, 1332, Astrophysics - Earth and Planetary Astrophysics},
         year = 2021,
        month = apr,
       volume = {161},
       number = {4},
          eid = {161},
        pages = {161},
          doi = {10.3847/1538-3881/abd8d0},
archivePrefix = {arXiv},
       eprint = {2102.06754},
 primaryClass = {astro-ph.EP},
       adsurl = {https://ui.adsabs.harvard.edu/abs/2021AJ....161..161D},
      adsnote = {Provided by the SAO/NASA Astrophysics Data System}
}



@ARTICLE{brahm:2023,
       author = {{Brahm}, Rafael and {Ulmer-Moll}, Sol{\`e}ne and {Hobson}, Melissa J. and {Jord{\'a}n}, Andr{\'e}s and {Henning}, Thomas and {Trifonov}, Trifon and {Jones}, Mat{\'\i}as I. and {Schlecker}, Martin and {Espinoza}, Nestor and {Rojas}, Felipe I. and {Torres}, Pascal and {Sarkis}, Paula and {Tala}, Marcelo and {Eberhardt}, Jan and {Kossakowski}, Diana and {Mu{\~n}oz}, Diego J. and {Hartman}, Joel D. and {Boyle}, Gavin and {Suc}, Vincent and {Bouchy}, Fran{\c{c}}ois and {Deline}, Adrien and {Chaverot}, Guillaume and {Grieves}, Nolan and {Lendl}, Monika and {Suarez}, Olga and {Guillot}, Tristan and {Triaud}, Amaury H.~M.~J. and {Crouzet}, Nicolas and {Dransfield}, Georgina and {Cloutier}, Ryan and {Barkaoui}, Khalid and {Schwarz}, Rick P. and {Stockdale}, Chris and {Harris}, Mallory and {Mireles}, Ismael and {Evans}, Phil and {Mann}, Andrew W. and {Ziegler}, Carl and {Dragomir}, Diana and {Villanueva}, Steven and {Mordasini}, Christoph and {Ricker}, George and {Vanderspek}, Roland and {Latham}, David W. and {Seager}, Sara and {Winn}, Joshua N. and {Jenkins}, Jon M. and {Vezie}, Michael and {Youngblood}, Allison and {Daylan}, Tansu and {Collins}, Karen A. and {Caldwell}, Douglas A. and {Ciardi}, David R. and {Palle}, Enric and {Murgas}, Felipe},
        title = "{Three Long-period Transiting Giant Planets from TESS}",
      journal = {\aj},
     keywords = {Exoplanets, Extrasolar gaseous giant planets, Radial velocity, Transit photometry, 498, 509, 1332, 1709, Astrophysics - Earth and Planetary Astrophysics, Astrophysics - Solar and Stellar Astrophysics},
         year = 2023,
        month = jun,
       volume = {165},
       number = {6},
          eid = {227},
        pages = {227},
          doi = {10.3847/1538-3881/accadd},
archivePrefix = {arXiv},
       eprint = {2304.02139},
 primaryClass = {astro-ph.EP},
       adsurl = {https://ui.adsabs.harvard.edu/abs/2023AJ....165..227B},
      adsnote = {Provided by the SAO/NASA Astrophysics Data System}
}



@ARTICLE{pollack:96,
       author = {{Pollack}, James B. and {Hubickyj}, Olenka and {Bodenheimer}, Peter and {Lissauer}, Jack J. and {Podolak}, Morris and {Greenzweig}, Yuval},
        title = "{Formation of the Giant Planets by Concurrent Accretion of Solids and Gas}",
      journal = {\icarus},
         year = 1996,
        month = nov,
       volume = {124},
       number = {1},
        pages = {62-85},
          doi = {10.1006/icar.1996.0190},
       adsurl = {https://ui.adsabs.harvard.edu/abs/1996Icar..124...62P},
      adsnote = {Provided by the SAO/NASA Astrophysics Data System}
}



@ARTICLE{thompson:2018,
       author = {{Thompson}, Susan E. and {Coughlin}, Jeffrey L. and {Hoffman}, Kelsey and
         {Mullally}, Fergal and {Christiansen}, Jessie L. and
         {Burke}, Christopher J. and {Bryson}, Steve and {Batalha}, Natalie and
         {Haas}, Michael R. and {Catanzarite}, Joseph and {Rowe}, Jason F. and
         {Barentsen}, Geert and {Caldwell}, Douglas A. and {Clarke}, Bruce D. and
         {Jenkins}, Jon M. and {Li}, Jie and {Latham}, David W. and
         {Lissauer}, Jack J. and {Mathur}, Savita and {Morris}, Robert L. and
         {Seader}, Shawn E. and {Smith}, Jeffrey C. and {Klaus}, Todd C. and
         {Twicken}, Joseph D. and {Van Cleve}, Jeffrey E. and {Wohler}, Bill and
         {Akeson}, Rachel and {Ciardi}, David R. and {Cochran}, William D. and
         {Henze}, Christopher E. and {Howell}, Steve B. and {Huber}, Daniel and
         {Pr{\v{s}}a}, Andrej and {Ram{\'\i}rez}, Solange V. and
         {Morton}, Timothy D. and {Barclay}, Thomas and {Campbell}, Jennifer R. and
         {Chaplin}, William J. and {Charbonneau}, David and
         {Christensen-Dalsgaard}, J{\o}rgen and {Dotson}, Jessie L. and
         {Doyle}, Laurance and {Dunham}, Edward W. and {Dupree}, Andrea K. and
         {Ford}, Eric B. and {Geary}, John C. and {Girouard}, Forrest R. and
         {Isaacson}, Howard and {Kjeldsen}, Hans and {Quintana}, Elisa V. and
         {Ragozzine}, Darin and {Shabram}, Megan and {Shporer}, Avi and
         {Silva Aguirre}, Victor and {Steffen}, Jason H. and {Still}, Martin and
         {Tenenbaum}, Peter and {Welsh}, William F. and {Wolfgang}, Angie and
         {Zamudio}, Khadeejah A. and {Koch}, David G. and {Borucki}, William J.},
        title = "{Planetary Candidates Observed by Kepler. VIII. A Fully Automated Catalog with Measured Completeness and Reliability Based on Data Release 25}",
      journal = {\apjs},
     keywords = {catalogs, planetary systems, stars: general, surveys, Astrophysics - Earth and Planetary Astrophysics},
         year = 2018,
        month = apr,
       volume = {235},
       number = {2},
          eid = {38},
        pages = {38},
          doi = {10.3847/1538-4365/aab4f9},
archivePrefix = {arXiv},
       eprint = {1710.06758},
 primaryClass = {astro-ph.EP},
       adsurl = {https://ui.adsabs.harvard.edu/abs/2018ApJS..235...38T},
      adsnote = {Provided by the SAO/NASA Astrophysics Data System}
}


@ARTICLE{ragozzine:2010,
       author = {{Ragozzine}, Darin and {Holman}, Matthew J.},
        title = "{The Value of Systems with Multiple Transiting Planets}",
      journal = {arXiv e-prints},
     keywords = {Astrophysics - Earth and Planetary Astrophysics},
         year = 2010,
        month = jun,
          eid = {arXiv:1006.3727},
        pages = {arXiv:1006.3727},
archivePrefix = {arXiv},
       eprint = {1006.3727},
 primaryClass = {astro-ph.EP},
       adsurl = {https://ui.adsabs.harvard.edu/abs/2010arXiv1006.3727R},
      adsnote = {Provided by the SAO/NASA Astrophysics Data System}
}

@ARTICLE{McCauliff,
       author = {{McCauliff}, Sean D. and {Jenkins}, Jon M. and {Catanzarite}, Joseph and
         {Burke}, Christopher J. and {Coughlin}, Jeffrey L. and
         {Twicken}, Joseph D. and {Tenenbaum}, Peter and {Seader}, Shawn and
         {Li}, Jie and {Cote}, Miles},
        title = "{Automatic Classification of Kepler Planetary Transit Candidates}",
      journal = {\apj},
     keywords = {astronomical databases: miscellaneous, binaries: eclipsing, catalogs, methods: statistical, planets and satellites: detection, techniques: photometric, Astrophysics - Instrumentation and Methods for Astrophysics},
         year = 2015,
        month = jun,
       volume = {806},
       number = {1},
          eid = {6},
        pages = {6},
          doi = {10.1088/0004-637X/806/1/6},
archivePrefix = {arXiv},
       eprint = {1408.1496},
 primaryClass = {astro-ph.IM},
       adsurl = {https://ui.adsabs.harvard.edu/abs/2015ApJ...806....6M},
      adsnote = {Provided by the SAO/NASA Astrophysics Data System}
}


@ARTICLE{Armstrong:2016,
       author = {{Armstrong}, D.~J. and {Pollacco}, D. and {Santerne}, A.},
        title = "{Transit shapes and self-organizing maps as a tool for ranking planetary candidates: application to Kepler and K2}",
      journal = {\mnras},
     keywords = {methods: data analysis, methods: miscellaneous, methods: statistical, planets and satellites: detection, planets and satellites: general, binaries: eclipsing, Astrophysics - Earth and Planetary Astrophysics, Astrophysics - Instrumentation and Methods for Astrophysics},
         year = 2017,
        month = mar,
       volume = {465},
       number = {3},
        pages = {2634-2642},
          doi = {10.1093/mnras/stw2881},
archivePrefix = {arXiv},
       eprint = {1611.01968},
 primaryClass = {astro-ph.EP},
       adsurl = {https://ui.adsabs.harvard.edu/abs/2017MNRAS.465.2634A},
      adsnote = {Provided by the SAO/NASA Astrophysics Data System}
}

@article{Thompson_2015,
	doi = {10.1088/0004-637x/812/1/46},
	url = {https://doi.org/10.1088%2F0004-637x%2F812%2F1%2F46},
	year = 2015,
	month = {oct},
	publisher = {{IOP} Publishing},
	volume = {812},
	number = {1},
	pages = {46},
	author = {Susan E. Thompson and Fergal Mullally and Jeff Coughlin and Jessie L. Christiansen and Christopher E. Henze and Michael R. Haas and Christopher J. Burke},
	title = {A {MACHINE} {LEARNING} {TECHNIQUE} {TO} {IDENTIFY} {TRANSIT} {SHAPED} {SIGNALS}},
	journal = {The Astrophysical Journal}
}

@article{Swift_2013,
	doi = {10.1088/0004-637x/764/1/105},
	url = {https://doi.org/10.1088%2F0004-637x%2F764%2F1%2F105},
	year = 2013,
	month = {jan},
	publisher = {{IOP} Publishing},
	volume = {764},
	number = {1},
	pages = {105},
	author = {Jonathan J. Swift and John Asher Johnson and Timothy D. Morton and Justin R. Crepp and Benjamin T. Montet and Daniel C. Fabrycky and Philip S. Muirhead},
	title = {{CHARACTERIZING} {THE} {COOL} {KOIs}. {IV}. {KEPLER}-32 {AS} A {PROTOTYPE} {FOR} {THE} {FORMATION} {OF} {COMPACT} {PLANETARY} {SYSTEMS} {THROUGHOUT} {THE} {GALAXY}},
	journal = {The Astrophysical Journal}
}

@article{Campante_2015,
	doi = {10.1088/0004-637x/799/2/170},
	url = {https://doi.org/10.1088%2F0004-637x%2F799%2F2%2F170},
	year = 2015,
	month = {jan},
	publisher = {{IOP} Publishing},
	volume = {799},
	number = {2},
	pages = {170},
	author = {T. L. Campante and T. Barclay and J. J. Swift and D. Huber and V. Zh. Adibekyan and W. Cochran and C. J. Burke and H. Isaacson and E. V. Quintana and G. R. Davies and V. Silva Aguirre and D. Ragozzine and R. Riddle and C. Baranec and S. Basu and W. J. Chaplin and J. Christensen-Dalsgaard and T. S. Metcalfe and T. R. Bedding and R. Handberg and D. Stello and J. M. Brewer and S. Hekker and C. Karoff and R. Kolbl and N. M. Law and M. Lundkvist and A. Miglio and J. F. Rowe and N. C. Santos and C. Van Laerhoven and T. Arentoft and Y. P. Elsworth and D. A. Fischer and S. D. Kawaler and H. Kjeldsen and M. N. Lund and G. W. Marcy and S. G. Sousa and A. Sozzetti and T. R. White},
	title = {{AN} {ANCIENT} {EXTRASOLAR} {SYSTEM} {WITH} {FIVE} {SUB}-{EARTH}-{SIZE} {PLANETS}},
	journal = {The Astrophysical Journal}
}

@article{MacDonald_2016,
	doi = {10.3847/0004-6256/152/4/105},
	url = {https://doi.org/10.3847%2F0004-6256%2F152%2F4%2F105},
	year = 2016,
	month = {oct},
	publisher = {American Astronomical Society},
	volume = {152},
	number = {4},
	pages = {105},
	author = {Mariah G. MacDonald and Darin Ragozzine and Daniel C. Fabrycky and Eric B. Ford and Matthew J. Holman and Howard T. Isaacson and Jack J. Lissauer and Eric D. Lopez and Tsevi Mazeh and Leslie Rogers and Jason F. Rowe and Jason H. Steffen and Guillermo Torres},
	title = {A {DYNAMICAL} {ANALYSIS} {OF} {THE} {KEPLER}-80 {SYSTEM} {OF} {FIVE} {TRANSITING} {PLANETS}},
	journal = {The Astronomical Journal}
}

@ARTICLE{Gillon_2016,
       author = {{Gillon}, Micha{\"e}l and {Jehin}, Emmanu{\"e}l and {Lederer}, Susan M. and
         {Delrez}, Laetitia and {de Wit}, Julien and {Burdanov}, Artem and
         {Van Grootel}, Val{\'e}rie and {Burgasser}, Adam J. and
         {Triaud}, Amaury H.~M.~J. and {Opitom}, Cyrielle and
         {Demory}, Brice-Olivier and {Sahu}, Devendra K. and
         {Bardalez Gagliuffi}, Daniella and {Magain}, Pierre and
         {Queloz}, Didier},
        title = "{Temperate Earth-sized planets transiting a nearby ultracool dwarf star}",
      journal = {\nat},
     keywords = {Astrophysics - Earth and Planetary Astrophysics},
         year = 2016,
        month = may,
       volume = {533},
       number = {7602},
        pages = {221-224},
          doi = {10.1038/nature17448},
archivePrefix = {arXiv},
       eprint = {1605.07211},
 primaryClass = {astro-ph.EP},
       adsurl = {https://ui.adsabs.harvard.edu/abs/2016Natur.533..221G},
      adsnote = {Provided by the SAO/NASA Astrophysics Data System}
}

@article{Shallue_2018,
	doi = {10.3847/1538-3881/aa9e09},
	url = {https://doi.org/10.3847%2F1538-3881%2Faa9e09},
	year = 2018,
	month = {jan},
	publisher = {American Astronomical Society},
	volume = {155},
	number = {2},
	pages = {94},
	author = {Christopher J. Shallue and Andrew Vanderburg},
	title = {Identifying Exoplanets with Deep Learning: A Five-planet Resonant Chain around Kepler-80 and an Eighth Planet around Kepler-90},
	journal = {The Astronomical Journal}
}

@ARTICLE{Ricker:2015,
       author = {{Ricker}, George R. and {Winn}, Joshua N. and {Vanderspek}, Roland and
         {Latham}, David W. and {Bakos}, G{\'a}sp{\'a}r {\'A}. and
         {Bean}, Jacob L. and {Berta-Thompson}, Zachory K. and
         {Brown}, Timothy M. and {Buchhave}, Lars and {Butler}, Nathaniel R. and
         {Butler}, R. Paul and {Chaplin}, William J. and {Charbonneau}, David and
         {Christensen-Dalsgaard}, J{\o}rgen and {Clampin}, Mark and
         {Deming}, Drake and {Doty}, John and {De Lee}, Nathan and
         {Dressing}, Courtney and {Dunham}, Edward W. and {Endl}, Michael and
         {Fressin}, Francois and {Ge}, Jian and {Henning}, Thomas and
         {Holman}, Matthew J. and {Howard}, Andrew W. and {Ida}, Shigeru and
         {Jenkins}, Jon M. and {Jernigan}, Garrett and {Johnson}, John Asher and
         {Kaltenegger}, Lisa and {Kawai}, Nobuyuki and {Kjeldsen}, Hans and
         {Laughlin}, Gregory and {Levine}, Alan M. and {Lin}, Douglas and
         {Lissauer}, Jack J. and {MacQueen}, Phillip and {Marcy}, Geoffrey and
         {McCullough}, Peter R. and {Morton}, Timothy D. and {Narita}, Norio and
         {Paegert}, Martin and {Palle}, Enric and {Pepe}, Francesco and
         {Pepper}, Joshua and {Quirrenbach}, Andreas and {Rinehart}, Stephen A. and
         {Sasselov}, Dimitar and {Sato}, Bun'ei and {Seager}, Sara and
         {Sozzetti}, Alessandro and {Stassun}, Keivan G. and {Sullivan}, Peter and
         {Szentgyorgyi}, Andrew and {Torres}, Guillermo and {Udry}, Stephane and
         {Villasenor}, Joel},
        title = "{Transiting Exoplanet Survey Satellite (TESS)}",
      journal = {Journal of Astronomical Telescopes, Instruments, and Systems},
         year = 2015,
        month = jan,
       volume = {1},
          eid = {014003},
        pages = {014003},
          doi = {10.1117/1.JATIS.1.1.014003},
       adsurl = {https://ui.adsabs.harvard.edu/abs/2015JATIS...1a4003R},
      adsnote = {Provided by the SAO/NASA Astrophysics Data System}
}

@article{chaushev_2019,
  title={Classifying exoplanet candidates with convolutional neural networks: application to the Next Generation Transit Survey},
  author={Chaushev, Alexander and Raynard, Liam and Goad, Michael R and Eigm{\"u}ller, Philipp and Armstrong, David J and Briegal, Joshua T and Burleigh, Matthew R and Casewell, Sarah L and Gill, Samuel and Jenkins, James S and others},
  journal={Monthly Notices of the Royal Astronomical Society},
  volume={488},
  number={4},
  pages={5232--5250},
  year={2019},
  publisher={Oxford University Press}
}

@article{Gunther:2016,
    author = {Günther, Maximilian N. and Queloz, Didier and Demory, Brice-Olivier and Bouchy, Francois},
    title = "{A new yield simulator for transiting planets and false positives: application to the Next Generation Transit Survey}",
    journal = {Monthly Notices of the Royal Astronomical Society},
    volume = {465},
    number = {3},
    pages = {3379-3389},
    year = {2016},
    month = {11},
    issn = {0035-8711},
    doi = {10.1093/mnras/stw2908},
    url = {https://doi.org/10.1093/mnras/stw2908},
    eprint = {https://academic.oup.com/mnras/article-pdf/465/3/3379/8541987/stw2908.pdf},
}

@article{gunther2019super,
  title={A super-Earth and two sub-Neptunes transiting the nearby and quiet M dwarf TOI-270},
  author={G{\"u}nther, Maximilian N and Pozuelos, Francisco J and Dittmann, Jason A and Dragomir, Diana and Kane, Stephen R and Daylan, Tansu and Feinstein, Adina D and Huang, Chelsea X and Morton, Timothy D and Bonfanti, Andrea and others},
  journal={Nature Astronomy},
  volume={3},
  number={12},
  pages={1099--1108},
  year={2019},
  publisher={Nature Publishing Group}
}

@article{hawkins2004problem,
  title={The problem of overfitting},
  author={Hawkins, Douglas M},
  journal={Journal of chemical information and computer sciences},
  volume={44},
  number={1},
  pages={1--12},
  year={2004},
  publisher={ACS Publications}
}

@article{mandel_2002,
  title={Analytic light curves for planetary transit searches},
  author={Mandel, Kaisey and Agol, Eric},
  journal={The Astrophysical Journal Letters},
  volume={580},
  number={2},
  pages={L171},
  year={2002},
  publisher={IOP Publishing}
}

@article{chen_kipping_2016,
  title={Probabilistic forecasting of the masses and radii of other worlds},
  author={Chen, Jingjing and Kipping, David},
  journal={The Astrophysical Journal},
  volume={834},
  number={1},
  pages={17},
  year={2016},
  publisher={IOP Publishing}
}

@article{lecun2015deep,
  title={Deep learning},
  author={LeCun, Yann and Bengio, Yoshua and Hinton, Geoffrey},
  journal={nature},
  volume={521},
  number={7553},
  pages={436--444},
  year={2015},
  publisher={Nature Publishing Group}
}

@article{schanche2019machine,
  title={Machine-learning approaches to exoplanet transit detection and candidate validation in wide-field ground-based surveys},
  author={Schanche, N and Cameron, A Collier and H{\'e}brard, G and Nielsen, L and Triaud, AHMJ and Almenara, JM and Alsubai, KA and Anderson, DR and Armstrong, DJ and Barros, SCC and others},
  journal={Monthly Notices of the Royal Astronomical Society},
  volume={483},
  number={4},
  pages={5534--5547},
  year={2019},
  publisher={Oxford University Press}
}

@article{pearson2018,
  title={Searching for exoplanets using artificial intelligence},
  author={Pearson, Kyle A and Palafox, Leon and Griffith, Caitlin A},
  journal={Monthly Notices of the Royal Astronomical Society},
  volume={474},
  number={1},
  pages={478--491},
  year={2018},
  publisher={Oxford University Press}
}

@article{ansdell2018scientific,
  title={Scientific domain knowledge improves exoplanet transit classification with deep learning},
  author={Ansdell, Megan and Ioannou, Yani and Osborn, Hugh P and Sasdelli, Michele and Smith, Jeffrey C and Caldwell, Douglas and Jenkins, Jon M and R{\"a}issi, Chedy and Angerhausen, Daniel and others},
  journal={The Astrophysical Journal Letters},
  volume={869},
  number={1},
  pages={L7},
  year={2018},
  publisher={IOP Publishing}
}

@article{feinstein2020flare,
  title={Flare Statistics for Young Stars from a Convolutional Neural Network Analysis of TESS Data},
  author={Feinstein, Adina D and Montet, Benjamin T and Ansdell, Megan and Nord, Brian and Bean, Jacob L and G{\"u}nther, Maximilian N and Gully-Santiago, Michael A and Schlieder, Joshua E},
  journal={arXiv preprint arXiv:2005.07710},
  year={2020}
}

@article{dawson2019toi,
  title={TOI-216b and TOI-216 c: two warm, large exoplanets in or slightly wide of the 2: 1 orbital resonance},
  author={Dawson, Rebekah I and Huang, Chelsea X and Lissauer, Jack J and Collins, Karen A and Sha, Lizhou and Armstrong, James and Conti, Dennis M and Collins, Kevin I and Evans, Phil and Gan, Tianjun and others},
  journal={The Astronomical Journal},
  volume={158},
  number={2},
  pages={65},
  year={2019},
  publisher={IOP Publishing}
}

@article{zucker2018shallow,
  title={Shallow Transits—Deep Learning. I. Feasibility Study of Deep Learning to Detect Periodic Transits of Exoplanets},
  author={Zucker, Shay and Giryes, Raja},
  journal={The Astronomical Journal},
  volume={155},
  number={4},
  pages={147},
  year={2018},
  publisher={IOP Publishing}
}

@article{luger2017planet,
  title={Planet--planet occultations in TRAPPIST-1 and other exoplanet systems},
  author={Luger, Rodrigo and Lustig-Yaeger, Jacob and Agol, Eric},
  journal={The Astrophysical Journal},
  volume={851},
  number={2},
  pages={94},
  year={2017},
  publisher={IOP Publishing}
}

@incollection{hecht_1989,
  title={Neurocomputer applications},
  author={Hecht-Nielsen, Robert},
  booktitle={Neural computers},
  pages={445--453},
  year={1989},
  publisher={Springer}
}

@book{schalkoff1997artificial,
  title={Artificial neural networks},
  author={Schalkoff, Robert J},
  year={1997},
  publisher={McGraw-Hill Higher Education}
}

@article{kubat1999neural,
  title={Neural networks: a comprehensive foundation by Simon Haykin, Macmillan, 1994, ISBN 0-02-352781-7.},
  author={Kubat, Miroslav},
  journal={The Knowledge Engineering Review},
  volume={13},
  number={4},
  pages={409--412},
  year={1999},
  publisher={Cambridge University Press}
}

@article{de2005tutorial,
  title={A tutorial on the cross-entropy method},
  author={De Boer, Pieter-Tjerk and Kroese, Dirk P and Mannor, Shie and Rubinstein, Reuven Y},
  journal={Annals of operations research},
  volume={134},
  number={1},
  pages={19--67},
  year={2005},
  publisher={Springer}
}

@article{aigrain2015testing,
  title={Testing the recovery of stellar rotation signals from Kepler light curves using a blind hare-and-hounds exercise},
  author={Aigrain, S and Llama, Joe and Ceillier, T and Chagas, ML das and Davenport, JRA and Garc{\'\i}a, RA and Hay, KL and Lanza, Antonino Francesco and McQuillan, A and Mazeh, T and others},
  journal={Monthly Notices of the Royal Astronomical Society},
  volume={450},
  number={3},
  pages={3211--3226},
  year={2015},
  publisher={The Royal Astronomical Society}
}

@article{yu2019identifying,
  title={Identifying Exoplanets with Deep Learning. III. Automated Triage and Vetting of TESS Candidates},
  author={Yu, Liang and Vanderburg, Andrew and Huang, Chelsea and Shallue, Christopher J and Crossfield, Ian JM and Gaudi, B Scott and Daylan, Tansu and Dattilo, Anne and Armstrong, David J and Ricker, George R and others},
  journal={The Astronomical Journal},
  volume={158},
  number={1},
  pages={25},
  year={2019},
  publisher={IOP Publishing}
}


@inproceedings{zheng2014time,
  title={Time series classification using multi-channels deep convolutional neural networks},
  author={Zheng, Yi and Liu, Qi and Chen, Enhong and Ge, Yong and Zhao, J Leon},
  booktitle={International Conference on Web-Age Information Management},
  pages={298--310},
  year={2014},
  organization={Springer}
}

@article{coughlin2016planetary,
  title={Planetary candidates observed by Kepler. VII. The first fully uniform catalog based on the entire 48-month data set (Q1--Q17 DR24)},
  author={Coughlin, Jeffrey L and Mullally, F and Thompson, Susan E and Rowe, Jason F and Burke, Christopher J and Latham, David W and Batalha, Natalie M and Ofir, Aviv and Quarles, Billy L and Henze, Christopher E and others},
  journal={The Astrophysical Journal Supplement Series},
  volume={224},
  number={1},
  pages={12},
  year={2016},
  publisher={IOP Publishing}
}

@article{kipping2016transit,
  title={Transit clairvoyance: Enhancing tess follow-up using artificial neural networks},
  author={Kipping, David M and Lam, Christopher},
  journal={Monthly Notices of the Royal Astronomical Society},
  volume={465},
  number={3},
  pages={3495--3505},
  year={2016},
  publisher={The Royal Astronomical Society}
}

@article{kingma2014adam,
  title={Adam: A method for stochastic optimization},
  author={Kingma, Diederik P and Ba, Jimmy},
  journal={arXiv preprint arXiv:1412.6980},
  year={2014}
}


@article{borucki2010kepler,
  title={Kepler planet-detection mission: introduction and first results},
  author={Borucki, William J and Koch, David and Basri, Gibor and Batalha, Natalie and Brown, Timothy and Caldwell, Douglas and Caldwell, John and Christensen-Dalsgaard, J{\o}rgen and Cochran, William D and DeVore, Edna and others},
  journal={Science},
  volume={327},
  number={5968},
  pages={977--980},
  year={2010},
  publisher={American Association for the Advancement of Science}
}

@article{koch2010kepler,
  title={Kepler mission design, realized photometric performance, and early science},
  author={Koch, David G and Borucki, William J and Basri, Gibor and Batalha, Natalie M and Brown, Timothy M and Caldwell, Douglas and Christensen-Dalsgaard, J{\o}rgen and Cochran, William D and DeVore, Edna and Dunham, Edward W and others},
  journal={The Astrophysical Journal Letters},
  volume={713},
  number={2},
  pages={L79},
  year={2010},
  publisher={IOP Publishing}
}

@article{batalha2013planetary,
  title={Planetary candidates observed by Kepler. III. Analysis of the first 16 months of data},
  author={Batalha, Natalie M and Rowe, Jason F and Bryson, Stephen T and Barclay, Thomas and Burke, Christopher J and Caldwell, Douglas A and Christiansen, Jessie L and Mullally, Fergal and Thompson, Susan E and Brown, Timothy M and others},
  journal={The Astrophysical Journal Supplement Series},
  volume={204},
  number={2},
  pages={24},
  year={2013},
  publisher={IOP Publishing}
}

@article{burke2014planetary,
  title={Planetary candidates observed by Kepler IV: Planet sample from Q1-Q8 (22 Months)},
  author={Burke, Christopher J and Bryson, Stephen T and Mullally, F and Rowe, Jason F and Christiansen, Jessie L and Thompson, Susan E and Coughlin, Jeffrey L and Haas, Michael R and Batalha, Natalie M and Caldwell, Douglas A and others},
  journal={The Astrophysical Journal Supplement Series},
  volume={210},
  number={2},
  pages={19},
  year={2014},
  publisher={IOP Publishing}
}

@article{rowe2015planetary,
  title={Planetary candidates observed by Kepler. V. Planet sample from Q1--Q12 (36 months)},
  author={Rowe, Jason F and Coughlin, Jeffrey L and Antoci, Victoria and Barclay, Thomas and Batalha, Natalie M and Borucki, William J and Burke, Christopher J and Bryson, Steven T and Caldwell, Douglas A and Campbell, Jennifer R and others},
  journal={The Astrophysical Journal Supplement Series},
  volume={217},
  number={1},
  pages={16},
  year={2015},
  publisher={IOP Publishing}
}

@article{mullally2015planetary,
  title={Planetary candidates observed by Kepler. VI. Planet sample from Q1--Q16 (47 months)},
  author={Mullally, Fergal and Coughlin, Jeffrey L and Thompson, Susan E and Rowe, Jason and Burke, Christopher and Latham, David W and Batalha, Natalie M and Bryson, Stephen T and Christiansen, Jessie and Henze, Christopher E and others},
  journal={The Astrophysical Journal Supplement Series},
  volume={217},
  number={2},
  pages={31},
  year={2015},
  publisher={IOP Publishing}
}

@article{rowe2014validation,
  title={Validation of Kepler's multiple planet candidates. III. Light curve analysis and announcement of hundreds of new multi-planet systems},
  author={Rowe, Jason F and Bryson, Stephen T and Marcy, Geoffrey W and Lissauer, Jack J and Jontof-Hutter, Daniel and Mullally, Fergal and Gilliland, Ronald L and Issacson, Howard and Ford, Eric and Howell, Steve B and others},
  journal={The Astrophysical Journal},
  volume={784},
  number={1},
  pages={45},
  year={2014},
  publisher={IOP Publishing}
}

@article{morton2016false,
  title={False positive probabilities for all Kepler objects of interest: 1284 newly validated planets and 428 likely false positives},
  author={Morton, Timothy D and Bryson, Stephen T and Coughlin, Jeffrey L and Rowe, Jason F and Ravichandran, Ganesh and Petigura, Erik A and Haas, Michael R and Batalha, Natalie M},
  journal={The Astrophysical Journal},
  volume={822},
  number={2},
  pages={86},
  year={2016},
  publisher={IOP Publishing}
}

@article{ricker2014transiting,
  title={Transiting exoplanet survey satellite},
  author={Ricker, George R and Winn, Joshua N and Vanderspek, Roland and Latham, David W and Bakos, G{\'a}sp{\'a}r {\'A} and Bean, Jacob L and Berta-Thompson, Zachory K and Brown, Timothy M and Buchhave, Lars and Butler, Nathaniel R and others},
  journal={Journal of Astronomical Telescopes, Instruments, and Systems},
  volume={1},
  number={1},
  pages={014003},
  year={2014},
  publisher={International Society for Optics and Photonics}
}

@article{brakensiek2016efficient,
  title={Efficient Geometric Probabilities of Multi-Transiting Exoplanetary Systems from CORBITS},
  author={Brakensiek, Joshua and Ragozzine, Darin},
  journal={The Astrophysical Journal},
  volume={821},
  number={1},
  pages={47},
  year={2016},
  publisher={IOP Publishing}
}

@techreport{catanzarite2015autovetter,
  title={Autovetter Planet Candidate Catalog for Q1-Q17 Data Release 24},
  author={Catanzarite, Joseph H},
  year={2015},
  institution={KSCI-19091-001 https://exoplanetarchive. ipac. caltech. edu/docs/KSCI-19091~…}
}

@incollection{fukushima1982neocognitron,
  title={Neocognitron: A self-organizing neural network model for a mechanism of visual pattern recognition},
  author={Fukushima, Kunihiko and Miyake, Sei},
  booktitle={Competition and cooperation in neural nets},
  pages={267--285},
  year={1982},
  publisher={Springer}
}

@article{kreidberg2015batman,
  title={batman: BAsic transit model cAlculatioN in Python},
  author={Kreidberg, Laura},
  journal={Publications of the Astronomical Society of the Pacific},
  volume={127},
  number={957},
  pages={1161},
  year={2015},
  publisher={IOP Publishing}
}

@article{kane2007simulations,
  title={Simulations for multi-object spectrograph planet surveys},
  author={Kane, Stephen R and Schneider, Donald P and Ge, Jian},
  journal={Monthly Notices of the Royal Astronomical Society},
  volume={377},
  number={4},
  pages={1610--1622},
  year={2007},
  publisher={Blackwell Publishing Ltd Oxford, UK}
}

@inproceedings{ciregan2012multi,
  title={Multi-column deep neural networks for image classification},
  author={Ciregan, Dan and Meier, Ueli and Schmidhuber, J{\"u}rgen},
  booktitle={2012 IEEE conference on computer vision and pattern recognition},
  pages={3642--3649},
  year={2012},
  organization={IEEE}
}

@inproceedings{vaswani2017attention,
  title={Attention is all you need},
  author={Vaswani, Ashish and Shazeer, Noam and Parmar, Niki and Uszkoreit, Jakob and Jones, Llion and Gomez, Aidan N and Kaiser, {\L}ukasz and Polosukhin, Illia},
  booktitle={Advances in neural information processing systems},
  pages={5998--6008},
  year={2017}
}

@article{sutskever2014sequence,
  title={Sequence to sequence learning with neural networks},
  author={Sutskever, Ilya and Vinyals, Oriol and Le, Quoc V},
  journal={Advances in neural information processing systems},
  volume={27},
  year={2014}
}


@article{osborn2020rapid,
  title={Rapid classification of TESS planet candidates with convolutional neural networks},
  author={Osborn, Hugh P and Ansdell, Megan and Ioannou, Yani and Sasdelli, Michele and Angerhausen, Daniel and Caldwell, Douglas and Jenkins, Jon M and R{\"a}issi, Chedy and Smith, Jeffrey C},
  journal={Astronomy \& Astrophysics},
  volume={633},
  pages={A53},
  year={2020},
  publisher={EDP Sciences}
}

@inproceedings{gehring2017convolutional,
  title={Convolutional sequence to sequence learning},
  author={Gehring, Jonas and Auli, Michael and Grangier, David and Yarats, Denis and Dauphin, Yann N},
  booktitle={International Conference on Machine Learning},
  pages={1243--1252},
  year={2017},
  organization={PMLR}
}

@article{rao2021nigraha,
  title={Nigraha: Machine-learning-based pipeline to identify and evaluate planet candidates from TESS},
  author={Rao, Sriram and Mahabal, Ashish and Rao, Niyanth and Raghavendra, Cauligi},
  journal={Monthly Notices of the Royal Astronomical Society},
  volume={502},
  number={2},
  pages={2845--2858},
  year={2021},
  publisher={Oxford University Press}
}
@article{hippke2019optimized,
  title={Optimized transit detection algorithm to search for periodic transits of small planets},
  author={Hippke, Michael and Heller, Ren{\'e}},
  journal={Astronomy \& Astrophysics},
  volume={623},
  pages={A39},
  year={2019},
  publisher={EDP Sciences}
}

@article{paszke2019pytorch,
  title={Pytorch: An imperative style, high-performance deep learning library},
  author={Paszke, Adam and Gross, Sam and Massa, Francisco and Lerer, Adam and Bradbury, James and Chanan, Gregory and Killeen, Trevor and Lin, Zeming and Gimelshein, Natalia and Antiga, Luca and others},
  journal={Advances in neural information processing systems},
  volume={32},
  year={2019}
}

@incollection{ivezic2014statistics,
  title={Statistics, data mining, and machine learning in astronomy},
  author={Ivezi{\'c}, {\v{Z}}eljko and Connolly, Andrew J and VanderPlas, Jacob T and Gray, Alexander},
  booktitle={Statistics, Data Mining, and Machine Learning in Astronomy},
  year={2014},
  publisher={Princeton University Press}
}

@article{stehman1997selecting,
  title={Selecting and interpreting measures of thematic classification accuracy},
  author={Stehman, Stephen V},
  journal={Remote sensing of Environment},
  volume={62},
  number={1},
  pages={77--89},
  year={1997},
  publisher={Elsevier}
}

@article{smith2019four,
  title={A Four-sector Simulated Data Set for the Transiting Exoplanet Survey Satellite},
  author={Smith, Jeffrey C and Tenenbaum, Peter and Jenkins, Jon M and Caldwell, Douglas A and Morris, Robert L and Rose, Mark and Ting, Eric and Twicken, Joseph},
  journal={Research Notes of the AAS},
  volume={3},
  number={7},
  pages={111},
  year={2019},
  publisher={IOP Publishing}
}

@book{goodfellow2016deep,
  title={Deep learning},
  author={Goodfellow, Ian and Bengio, Yoshua and Courville, Aaron},
  year={2016},
  publisher={MIT press}
}


@article{ghader2017does,
  title={What does attention in neural machine translation pay attention to?},
  author={Ghader, Hamidreza and Monz, Christof},
  journal={arXiv preprint arXiv:1710.03348},
  year={2017}
}

@article{rauer2014plato,
  title={The PLATO 2.0 mission},
  author={Rauer, Heike and Catala, Claude and Aerts, Conny and Appourchaux, Thierry and Benz, Willy and Brandeker, Alexis and Christensen-Dalsgaard, J{\o}orgen and Deleuil, Magalie and Gizon, Laurent and Goupil, M-J and others},
  journal={Experimental Astronomy},
  volume={38},
  number={1},
  pages={249--330},
  year={2014},
  publisher={Springer}
}

@article{kostov2019discovery,
  title={Discovery and Vetting of Exoplanets. I. Benchmarking K2 Vetting Tools},
  author={Kostov, Veselin B and Mullally, Susan E and Quintana, Elisa V and Coughlin, Jeffrey L and Mullally, Fergal and Barclay, Thomas and Col{\'o}n, Knicole D and Schlieder, Joshua E and Barentsen, Geert and Burke, Christopher J},
  journal={The Astronomical Journal},
  volume={157},
  number={3},
  pages={124},
  year={2019},
  publisher={IOP Publishing}
}

@article{lin2021galaxy,
  title={Galaxy Morphological Classification with Efficient Vision Transformer},
  author={Lin, Joshua Yao-Yu and Liao, Song-Mao and Huang, Hung-Jin and Kuo, Wei-Ting and Ou, Olivia Hsuan-Min},
  journal={arXiv preprint arXiv:2110.01024},
  year={2021}
}

@article{allam2021paying,
  title={Paying Attention to Astronomical Transients: Photometric Classification with the Time-Series Transformer},
  author={Allam Jr, Tarek and McEwen, Jason D},
  journal={arXiv preprint arXiv:2105.06178},
  year={2021}
}

@article{morvan2022don,
  title={Don't Pay Attention to the Noise: Learning Self-supervised Representations of Light Curves with a Denoising Time Series Transformer},
  author={Morvan, Mario and Nikolaou, Nikolaos and Yip, Kai Hou and Waldmann, Ingo},
  journal={arXiv preprint arXiv:2207.02777},
  year={2022}
}

@incollection{pollacco2006wasp,
  title={The WASP project and SuperWASP camera},
  author={Pollacco, Don and Skillen, I and Cameron, A and Christian, Damian and Irwin, J and Lister, T and Street, Rachel and West, R and Clarkson, W and Evans, N and others},
  booktitle={Close Binaries in the 21st Century: New Opportunities and Challenges},
  pages={251--253},
  year={2006},
  publisher={Springer}
}

@inproceedings{sun2017revisiting,
  title={Revisiting unreasonable effectiveness of data in deep learning era},
  author={Sun, Chen and Shrivastava, Abhinav and Singh, Saurabh and Gupta, Abhinav},
  booktitle={Proceedings of the IEEE international conference on computer vision},
  pages={843--852},
  year={2017}
}

@article{krizhevsky2017imagenet,
  title={Imagenet classification with deep convolutional neural networks},
  author={Krizhevsky, Alex and Sutskever, Ilya and Hinton, Geoffrey E},
  journal={Communications of the ACM},
  volume={60},
  number={6},
  pages={84--90},
  year={2017},
  publisher={AcM New York, NY, USA}
}

@inproceedings{he2016deep,
  title={Deep residual learning for image recognition},
  author={He, Kaiming and Zhang, Xiangyu and Ren, Shaoqing and Sun, Jian},
  booktitle={Proceedings of the IEEE conference on computer vision and pattern recognition},
  pages={770--778},
  year={2016}
}

@article{voulodimos2018deep,
  title={Deep learning for computer vision: A brief review},
  author={Voulodimos, Athanasios and Doulamis, Nikolaos and Doulamis, Anastasios and Protopapadakis, Eftychios},
  journal={Computational intelligence and neuroscience},
  volume={2018},
  year={2018},
  publisher={Hindawi}
}

@article{fox2017explainable,
  title={Explainable planning},
  author={Fox, Maria and Long, Derek and Magazzeni, Daniele},
  journal={arXiv preprint arXiv:1709.10256},
  year={2017}
}

@inproceedings{zhang2019interpreting,
  title={Interpreting cnns via decision trees},
  author={Zhang, Quanshi and Yang, Yu and Ma, Haotian and Wu, Ying Nian},
  booktitle={Proceedings of the IEEE/CVF conference on computer vision and pattern recognition},
  pages={6261--6270},
  year={2019}
}

@article{vilone2020explainable,
  title={Explainable artificial intelligence: a systematic review},
  author={Vilone, Giulia and Longo, Luca},
  journal={arXiv preprint arXiv:2006.00093},
  year={2020}
}

@article{cho2014learning,
  title={Learning phrase representations using RNN encoder-decoder for statistical machine translation},
  author={Cho, Kyunghyun and Van Merri{\"e}nboer, Bart and Gulcehre, Caglar and Bahdanau, Dzmitry and Bougares, Fethi and Schwenk, Holger and Bengio, Yoshua},
  journal={arXiv preprint arXiv:1406.1078},
  year={2014}
}

@article{mislis2016sidra,
  title={SIDRA: a blind algorithm for signal detection in photometric surveys},
  author={Mislis, D and Bachelet, E and Alsubai, KA and Bramich, DM and Parley, N},
  journal={Monthly Notices of the Royal Astronomical Society},
  volume={455},
  number={1},
  pages={626--633},
  year={2016},
  publisher={Oxford University Press}
}

@article{caceres2019autoregressive,
  title={AutoRegressive planet search: methodology},
  author={Caceres, Gabriel A and Feigelson, Eric D and Babu, G Jogesh and Bahamonde, Natalia and Christen, Alejandra and Bertin, Karine and Meza, Cristian and Cur{\'e}, Michel},
  journal={The Astronomical Journal},
  volume={158},
  number={2},
  pages={57},
  year={2019},
  publisher={IOP Publishing}
}

@article{thompson2015machine,
  title={A machine learning technique to identify transit shaped signals},
  author={Thompson, Susan E and Mullally, Fergal and Coughlin, Jeff and Christiansen, Jessie L and Henze, Christopher E and Haas, Michael R and Burke, Christopher J},
  journal={The Astrophysical Journal},
  volume={812},
  number={1},
  pages={46},
  year={2015},
  publisher={IOP Publishing}
}

@article{armstrong2018automatic,
  title={Automatic vetting of planet candidates from ground-based surveys: machine learning with NGTS},
  author={Armstrong, David J and G{\"u}nther, Maximilian N and McCormac, James and Smith, Alexis MS and Bayliss, Daniel and Bouchy, Fran{\c{c}}ois and Burleigh, Matthew R and Casewell, Sarah and Eigm{\"u}ller, Philipp and Gillen, Edward and others},
  journal={Monthly Notices of the Royal Astronomical Society},
  volume={478},
  number={3},
  pages={4225--4237},
  year={2018},
  publisher={Oxford University Press}
}

@article{armstrong2016transit,
  title={Transit shapes and self organising maps as a tool for ranking planetary candidates: Application to kepler and k2},
  author={Armstrong, David J and Pollacco, Don and Santerne, Alexandre},
  journal={Monthly Notices of the Royal Astronomical Society},
  pages={stw2881},
  year={2016},
  publisher={Oxford University Press}
}

@article{thuruthipilly2021finding,
  title={Finding Strong Gravitational Lenses Through Self-Attention},
  author={Thuruthipilly, Hareesh and Zadrozny, Adam and Pollo, Agnieszka},
  journal={arXiv preprint arXiv:2110.09202},
  year={2021}
}

@article{bowles20212,
  title={E (2) Equivariant Self-Attention for Radio Astronomy},
  author={Bowles, Micah and Bromley, Matthew and Allen, Max and Scaife, Anna},
  journal={arXiv preprint arXiv:2111.04742},
  year={2021}
}

@inproceedings{zerveas2021transformer,
  title={A transformer-based framework for multivariate time series representation learning},
  author={Zerveas, George and Jayaraman, Srideepika and Patel, Dhaval and Bhamidipaty, Anuradha and Eickhoff, Carsten},
  booktitle={Proceedings of the 27th ACM SIGKDD Conference on Knowledge Discovery \& Data Mining},
  pages={2114--2124},
  year={2021}
}

@article{dosovitskiy2020image,
  title={An image is worth 16x16 words: Transformers for image recognition at scale},
  author={Dosovitskiy, Alexey and Beyer, Lucas and Kolesnikov, Alexander and Weissenborn, Dirk and Zhai, Xiaohua and Unterthiner, Thomas and Dehghani, Mostafa and Minderer, Matthias and Heigold, Georg and Gelly, Sylvain and others},
  journal={arXiv preprint arXiv:2010.11929},
  year={2020}
}

@article{zhang2015sensitivity,
  title={A sensitivity analysis of (and practitioners' guide to) convolutional neural networks for sentence classification},
  author={Zhang, Ye and Wallace, Byron},
  journal={arXiv preprint arXiv:1510.03820},
  year={2015}
}

@article{srivastava2014dropout,
  title={Dropout: a simple way to prevent neural networks from overfitting},
  author={Srivastava, Nitish and Hinton, Geoffrey and Krizhevsky, Alex and Sutskever, Ilya and Salakhutdinov, Ruslan},
  journal={The journal of machine learning research},
  volume={15},
  number={1},
  pages={1929--1958},
  year={2014},
  publisher={JMLR. org}
}

@article{kovacs2002box,
  title={A box-fitting algorithm in the search for periodic transits},
  author={Kov{\'a}cs, Geza and Zucker, Shay and Mazeh, Tsevi},
  journal={Astronomy \& Astrophysics},
  volume={391},
  number={1},
  pages={369--377},
  year={2002},
  publisher={EDP Sciences}
}

@article{lakew2018comparison,
  title={A comparison of transformer and recurrent neural networks on multilingual neural machine translation},
  author={Lakew, Surafel M and Cettolo, Mauro and Federico, Marcello},
  journal={arXiv preprint arXiv:1806.06957},
  year={2018}
}

@inproceedings{pennington2014glove,
  title={Glove: Global vectors for word representation},
  author={Pennington, Jeffrey and Socher, Richard and Manning, Christopher D},
  booktitle={Proceedings of the 2014 conference on empirical methods in natural language processing (EMNLP)},
  pages={1532--1543},
  year={2014}
}

@article{mikolov2013distributed,
  title={Distributed representations of words and phrases and their compositionality},
  author={Mikolov, Tomas and Sutskever, Ilya and Chen, Kai and Corrado, Greg S and Dean, Jeff},
  journal={Advances in neural information processing systems},
  volume={26},
  year={2013}
}

@inproceedings{jenkins2016tess,
  title={The TESS science processing operations center},
  author={Jenkins, Jon M and Twicken, Joseph D and McCauliff, Sean and Campbell, Jennifer and Sanderfer, Dwight and Lung, David and Mansouri-Samani, Masoud and Girouard, Forrest and Tenenbaum, Peter and Klaus, Todd and others},
  booktitle={Software and Cyberinfrastructure for Astronomy IV},
  volume={9913},
  pages={1232--1251},
  year={2016},
  organization={SPIE}
}

@inproceedings{fausnaugh2018tess,
  title={TESS Data Processing and Quick-look Pipeline},
  author={Fausnaugh, Michael and Huang, Xu and Glidden, Ana and Guerrero, Natalia and others},
  booktitle={American Astronomical Society Meeting Abstracts\# 231},
  volume={231},
  pages={439--09},
  year={2018}
}

@article{olmschenk2021identifying,
  title={Identifying Planetary Transit Candidates in TESS Full-frame Image Light Curves via Convolutional Neural Networks},
  author={Olmschenk, Greg and Silva, Stela Ishitani and Rau, Gioia and Barry, Richard K and Kruse, Ethan and Cacciapuoti, Luca and Kostov, Veselin and Powell, Brian P and Wyrwas, Edward and Schnittman, Jeremy D and others},
  journal={The Astronomical Journal},
  volume={161},
  number={6},
  pages={273},
  year={2021},
  publisher={IOP Publishing}
}

@article{wu2020visual,
  title={Visual transformers: Token-based image representation and processing for computer vision},
  author={Wu, Bichen and Xu, Chenfeng and Dai, Xiaoliang and Wan, Alvin and Zhang, Peizhao and Yan, Zhicheng and Tomizuka, Masayoshi and Gonzalez, Joseph and Keutzer, Kurt and Vajda, Peter},
  journal={arXiv preprint arXiv:2006.03677},
  year={2020}
}

@inproceedings{karita2019comparative,
  title={A comparative study on transformer vs rnn in speech applications},
  author={Karita, Shigeki and Chen, Nanxin and Hayashi, Tomoki and Hori, Takaaki and Inaguma, Hirofumi and Jiang, Ziyan and Someki, Masao and Soplin, Nelson Enrique Yalta and Yamamoto, Ryuichi and Wang, Xiaofei and others},
  booktitle={2019 IEEE Automatic Speech Recognition and Understanding Workshop (ASRU)},
  pages={449--456},
  year={2019},
  organization={IEEE}
}

@inproceedings{dong2018speech,
  title={Speech-transformer: a no-recurrence sequence-to-sequence model for speech recognition},
  author={Dong, Linhao and Xu, Shuang and Xu, Bo},
  booktitle={2018 IEEE International Conference on Acoustics, Speech and Signal Processing (ICASSP)},
  pages={5884--5888},
  year={2018},
  organization={IEEE}
}

@article{li2020behrt,
  title={BEHRT: transformer for electronic health records},
  author={Li, Yikuan and Rao, Shishir and Solares, Jos{\'e} Roberto Ayala and Hassaine, Abdelaali and Ramakrishnan, Rema and Canoy, Dexter and Zhu, Yajie and Rahimi, Kazem and Salimi-Khorshidi, Gholamreza},
  journal={Scientific reports},
  volume={10},
  number={1},
  pages={1--12},
  year={2020},
  publisher={Nature Publishing Group}
}

@article{huang2018music,
  title={Music transformer},
  author={Huang, Cheng-Zhi Anna and Vaswani, Ashish and Uszkoreit, Jakob and Shazeer, Noam and Simon, Ian and Hawthorne, Curtis and Dai, Andrew M and Hoffman, Matthew D and Dinculescu, Monica and Eck, Douglas},
  journal={arXiv preprint arXiv:1809.04281},
  year={2018}
}

@article{han2020survey,
  title={A survey on visual transformer},
  author={Han, Kai and Wang, Yunhe and Chen, Hanting and Chen, Xinghao and Guo, Jianyuan and Liu, Zhenhua and Tang, Yehui and Xiao, An and Xu, Chunjing and Xu, Yixing and others},
  journal={arXiv preprint arXiv:2012.12556},
  volume={2},
  number={4},
  year={2020}
}

@techreport{tenenbaum2018tess,
  title={TESS Science Data Products Description Document: EXP-TESS-ARC-ICD-0014 Rev D},
  author={Tenenbaum, Peter and Jenkins, Jon M},
  year={2018}
}

@article{auvergne2009corot,
  title={The CoRoT satellite in flight: description and performance},
  author={Auvergne, M and Bodin, P and Boisnard, L and Buey, J-T and Chaintreuil, S and Epstein, G and Jouret, M and Lam-Trong, T and Levacher, P and Magnan, A and others},
  journal={Astronomy \& Astrophysics},
  volume={506},
  number={1},
  pages={411--424},
  year={2009},
  publisher={EDP Sciences}
}

@article{bahdanau2014neural,
  title={Neural machine translation by jointly learning to align and translate},
  author={Bahdanau, Dzmitry and Cho, Kyunghyun and Bengio, Yoshua},
  journal={arXiv preprint arXiv:1409.0473},
  year={2014}
}

@article{michel2019sixteen,
  title={Are sixteen heads really better than one?},
  author={Michel, Paul and Levy, Omer and Neubig, Graham},
  journal={Advances in neural information processing systems},
  volume={32},
  year={2019}
}

@article{voita2019analyzing,
  title={Analyzing multi-head self-attention: Specialized heads do the heavy lifting, the rest can be pruned},
  author={Voita, Elena and Talbot, David and Moiseev, Fedor and Sennrich, Rico and Titov, Ivan},
  journal={arXiv preprint arXiv:1905.09418},
  year={2019}
}

@article{howell2014k2,
  title={The K2 mission: characterization and early results},
  author={Howell, Steve B and Sobeck, Charlie and Haas, Michael and Still, Martin and Barclay, Thomas and Mullally, Fergal and Troeltzsch, John and Aigrain, Suzanne and Bryson, Stephen T and Caldwell, Doug and others},
  journal={Publications of the Astronomical Society of the Pacific},
  volume={126},
  number={938},
  pages={398},
  year={2014},
  publisher={IOP Publishing}
}

@MISC{2018ascl.soft12013L,
   author = {{Lightkurve Collaboration} and {Cardoso}, J.~V.~d.~M. and
             {Hedges}, C. and {Gully-Santiago}, M. and {Saunders}, N. and
             {Cody}, A.~M. and {Barclay}, T. and {Hall}, O. and
             {Sagear}, S. and {Turtelboom}, E. and {Zhang}, J. and
             {Tzanidakis}, A. and {Mighell}, K. and {Coughlin}, J. and
             {Bell}, K. and {Berta-Thompson}, Z. and {Williams}, P. and
             {Dotson}, J. and {Barentsen}, G.},
    title = "{Lightkurve: Kepler and TESS time series analysis in Python}",
 keywords = {Software, NASA},
howpublished = {Astrophysics Source Code Library},
     year = 2018,
    month = dec,
archivePrefix = "ascl",
   eprint = {1812.013},
   adsurl = {http://adsabs.harvard.edu/abs/2018ascl.soft12013L},
}

@article{cui2021identify,
  title={Identify Light-curve Signals with Deep Learning Based Object Detection Algorithm. I. Transit Detection},
  author={Cui, Kaiming and Liu, Junjie and Feng, Fabo and Liu, Jifeng},
  journal={The Astronomical Journal},
  volume={163},
  number={1},
  pages={23},
  year={2021},
  publisher={IOP Publishing}
}

@misc{redmon2018yolov3incrementalimprovement,
      title={YOLOv3: An Incremental Improvement}, 
      author={Joseph Redmon and Ali Farhadi},
      year={2018},
      eprint={1804.02767},
      archivePrefix={arXiv},
      primaryClass={cs.CV},
      url={https://arxiv.org/abs/1804.02767}, 
}

@article{10.1093/mnras/stad1173,
    author = {Salinas, Helem and Pichara, Karim and Brahm, Rafael and Pérez-Galarce, Francisco and Mery, Domingo},
    title = "{Distinguishing a planetary transit from false positives: a Transformer-based classification for planetary transit signals}",
    journal = {Monthly Notices of the Royal Astronomical Society},
    volume = {522},
    number = {3},
    pages = {3201-3216},
    year = {2023},
    month = {04},
    issn = {0035-8711},
    doi = {10.1093/mnras/stad1173},
    url = {https://doi.org/10.1093/mnras/stad1173},
    eprint = {https://academic.oup.com/mnras/article-pdf/522/3/3201/50171554/stad1173.pdf},
}


@article{caldwell2020tess,
  title={TESS science processing operations center FFI target list products},
  author={Caldwell, Douglas A and Tenenbaum, Peter and Twicken, Joseph D and Jenkins, Jon M and Ting, Eric and Smith, Jeffrey C and Hedges, Christina and Fausnaugh, Michael M and Rose, Mark and Burke, Christopher},
  journal={Research Notes of the AAS},
  volume={4},
  number={11},
  pages={201},
  year={2020},
  publisher={The American Astronomical Society}
}

@article{bryson2020kepler,
  title={Kepler Data Processing Handbook: Target and Aperture Definitions: Selecting Pixels for Kepler Downlink},
  author={Bryson, Stephen T and Jenkins, Jon M and Klaus, Todd C and Cote, Miles T and Quintana, Elisa V and Campbell, Jennifer R and Zamudio, Khadeejah and Chandrasekaran, Hema and Caldwell, Douglas A and Van Cleve, Jeffrey E and others},
  journal={Kepler Science Document KSCI-19081-003},
  pages={3},
  year={2020}
}

@article{prvsa2022tess,
  title={TESS Eclipsing Binary Stars. I. Short-cadence Observations of 4584 Eclipsing Binaries in Sectors 1--26},
  author={Pr{\v{s}}a, Andrej and Kochoska, Angela and Conroy, Kyle E and Eisner, Nora and Hey, Daniel R and IJspeert, Luc and Kruse, Ethan and Fleming, Scott W and Johnston, Cole and Kristiansen, Martti H and others},
  journal={The Astrophysical Journal Supplement Series},
  volume={258},
  number={1},
  pages={16},
  year={2022},
  publisher={IOP Publishing}
}

@article{ba2016using,
  title={Using fast weights to attend to the recent past},
  author={Ba, Jimmy and Hinton, Geoffrey E and Mnih, Volodymyr and Leibo, Joel Z and Ionescu, Catalin},
  journal={Advances in neural information processing systems},
  volume={29},
  year={2016}
}

@article{wang2019learning,
  title={Learning deep transformer models for machine translation},
  author={Wang, Qiang and Li, Bei and Xiao, Tong and Zhu, Jingbo and Li, Changliang and Wong, Derek F and Chao, Lidia S},
  journal={arXiv preprint arXiv:1906.01787},
  year={2019}
}

@article{krizhevsky2012imagenet,
  title={Imagenet classification with deep convolutional neural networks},
  booktitle = {Advances in Neural Information Processing Systems},
  author={Krizhevsky, Alex and Sutskever, Ilya and Hinton, Geoffrey E},
  journal={Advances in neural information processing systems},
  url = {https://proceedings.neurips.cc/paper_files/paper/2012/file/c399862d3b9d6b76c8436e924a68c45b-Paper.pdf},
  volume={25},
  year={2012}
}


@article{sullivan2015transiting,
  title={The Transiting Exoplanet Survey Satellite: simulations of planet detections and astrophysical false positives},
  author={Sullivan, Peter W and Winn, Joshua N and Berta-Thompson, Zachory K and Charbonneau, David and Deming, Drake and Dressing, Courtney D and Latham, David W and Levine, Alan M and McCullough, Peter R and Morton, Timothy and others},
  journal={The Astrophysical Journal},
  volume={809},
  number={1},
  pages={77},
  year={2015},
  publisher={IOP Publishing}
}

@article{vallenari2023gaia,
  title={Gaia data release 3-summary of the content and survey properties},
  author={Vallenari, Antonella and Brown, Anthony GA and Prusti, Timo and De Bruijne, Jos HJ and Arenou, F and Babusiaux, Carine and Biermann, Michael and Creevey, Orlagh L and Ducourant, Christine and Evans, Dafydd Wyn and others},
  journal={Astronomy \& Astrophysics},
  volume={674},
  pages={A1},
  year={2023},
  publisher={EDP sciences}
}

@article{hodvzic2018wasp,
  title={WASP-128b: a transiting brown dwarf in the dynamical-tide regime},
  author={Hod{\v{z}}i{\'c}, Vedad and Triaud, Amaury HMJ and Anderson, David R and Bouchy, Fran{\c{c}}ois and Cameron, Andrew Collier and Delrez, Laetitia and Gillon, Micha{\"e}l and Hellier, Coel and Jehin, Emmanu{\"e}l and Lendl, Monika and others},
  journal={Monthly Notices of the Royal Astronomical Society},
  volume={481},
  number={4},
  pages={5091--5097},
  year={2018},
  publisher={Oxford University Press}
}

@article{carmichael2020two,
  title={Two intermediate-mass transiting brown dwarfs from the TESS mission},
  author={Carmichael, Theron W and Quinn, Samuel N and Mustill, Alexander J and Huang, Chelsea and Zhou, George and Persson, Carina M and Nielsen, Louise D and Collins, Karen A and Ziegler, Carl and Collins, Kevin I and others},
  journal={The Astronomical Journal},
  volume={160},
  number={1},
  pages={53},
  year={2020},
  publisher={IOP Publishing}
}

@article{ragozzine2010value,
  title={The value of systems with multiple transiting planets},
  author={Ragozzine, Darin and Holman, Matthew J},
  journal={arXiv preprint arXiv:1006.3727},
  year={2010}
}

@article{wang2021aligned,
  title={The Aligned Orbit of the Eccentric Warm Jupiter K2-232b},
  author={Wang, Songhu and Winn, Joshua N and Addison, Brett C and Dai, Fei and Rice, Malena and Holden, Bradford and Burt, Jennifer A and Wang, Xian-Yu and Butler, R Paul and Vogt, Steven S and others},
  journal={The Astronomical Journal},
  volume={162},
  number={2},
  pages={50},
  year={2021},
  publisher={IOP Publishing}
}

@article{foreman2016population,
  title={The population of long-period transiting exoplanets},
  author={Foreman-Mackey, Daniel and Morton, Timothy D and Hogg, David W and Agol, Eric and Sch{\"o}lkopf, Bernhard},
  journal={The Astronomical Journal},
  volume={152},
  number={6},
  pages={206},
  year={2016},
  publisher={IOP Publishing}
}



@article{agol2017transit,
  title={Transit timing and duration variations for the discovery and characterization of exoplanets},
  author={Agol, Eric and Fabrycky, Dan},
  journal={arXiv preprint arXiv:1706.09849},
  year={2017}
}


@article{tey2023identifying,
  title={Identifying Exoplanets with Deep Learning. V. Improved Light-curve Classification for TESS Full-frame Image Observations},
  author={Tey, Evan and Moldovan, Dan and Kunimoto, Michelle and Huang, Chelsea X and Shporer, Avi and Daylan, Tansu and Muthukrishna, Daniel and Vanderburg, Andrew and Dattilo, Anne and Ricker, George R and others},
  journal={The Astronomical Journal},
  volume={165},
  number={3},
  pages={95},
  year={2023},
  publisher={IOP Publishing}
}

@article{hawthorn2024tess,
  title={TESS duotransit candidates from the Southern Ecliptic Hemisphere},
  author={Hawthorn, Faith and Gill, Sam and Bayliss, Daniel and Osborn, Hugh P and Pelisoli, Ingrid and Rodel, Toby and Smith Darnbrook, Kaylen and Wheatley, Peter J and Anderson, David R and Apergis, Ioannis and others},
  journal={Monthly Notices of the Royal Astronomical Society},
  volume={528},
  number={2},
  pages={1841--1862},
  year={2024},
  publisher={Oxford University Press}
}

@article{gill2020ngts1,
  title={NGTS and WASP photometric recovery of a single-transit candidate from TESS},
  author={Gill, Samuel and Bayliss, Daniel and Cooke, Benjamin F and Wheatley, Peter J and Nielsen, Louise D and Lendl, Monika and McCormac, James and Bryant, Edward M and Acton, Jack S and Anderson, David R and others},
  journal={Monthly Notices of the Royal Astronomical Society},
  volume={491},
  number={2},
  pages={1548--1553},
  year={2020},
  publisher={Oxford University Press}
}
@article{gill2020ngts2,
  title={NGTS-11 b (TOI-1847 b): A transiting warm Saturn recovered from a TESS single-transit event},
  author={Gill, Samuel and Wheatley, Peter J and Cooke, Benjamin F and Jord{\'a}n, Andr{\'e}s and Nielsen, Louise D and Bayliss, Daniel and Anderson, David R and Vines, Jose I and Lendl, Monika and Acton, Jack S and others},
  journal={The Astrophysical Journal Letters},
  volume={898},
  number={1},
  pages={L11},
  year={2020},
  publisher={IOP Publishing}
}

@article{lendl2020toi,
  title={TOI-222: a single-transit TESS candidate revealed to be a 34-d eclipsing binary with CORALIE, EulerCam, and NGTS},
  author={Lendl, Monika and Bouchy, Fran{\c{c}}ois and Gill, Samuel and Nielsen, Louise D and Turner, Oliver and Stassun, Keivan and Acton, Jack S and Anderson, David R and Armstrong, David J and Bayliss, Daniel and others},
  journal={Monthly Notices of the Royal Astronomical Society},
  volume={492},
  number={2},
  pages={1761--1769},
  year={2020},
  publisher={Oxford University Press}
}

@article{shorten2019survey,
  title={A survey on image data augmentation for deep learning},
  author={Shorten, Connor and Khoshgoftaar, Taghi M},
  journal={Journal of big data},
  volume={6},
  number={1},
  pages={1--48},
  year={2019},
  publisher={Springer}
}

@article{rauer2016plato,
  title={The PLATO mission},
  author={Rauer, Heike and Aerts, Conny and Cabrera, J and PLATO Team and others},
  journal={Astronomische Nachrichten},
  volume={337},
  number={8-9},
  pages={961--963},
  year={2016},
  publisher={Wiley Online Library}
}

@article{guerrero2021tess,
  title={The TESS objects of interest catalog from the TESS prime mission},
  author={Guerrero, Natalia M and Seager, S and Huang, Chelsea X and Vanderburg, Andrew and Soto, Aylin Garcia and Mireles, Ismael and Hesse, Katharine and Fong, William and Glidden, Ana and Shporer, Avi and others},
  journal={The Astrophysical Journal Supplement Series},
  volume={254},
  number={2},
  pages={39},
  year={2021},
  publisher={IOP Publishing}
}

@article{powers2020evaluation,
  title={Evaluation: from precision, recall and F-measure to ROC, informedness, markedness and correlation},
  author={Powers, David MW},
  journal={arXiv preprint arXiv:2010.16061},
  year={2020}
}

@article{valizadegan2022exominer,
  title={ExoMiner: A highly accurate and explainable deep learning classifier that validates 301 new exoplanets},
  author={Valizadegan, Hamed and Martinho, Miguel JS and Wilkens, Laurent S and Jenkins, Jon M and Smith, Jeffrey C and Caldwell, Douglas A and Twicken, Joseph D and Gerum, Pedro CL and Walia, Nikash and Hausknecht, Kaylie and others},
  journal={The Astrophysical Journal},
  volume={926},
  number={2},
  pages={120},
  year={2022},
  publisher={IOP Publishing}
}

@article{mendez2017equilibrium,
  title={The equilibrium temperature of planets in elliptical orbits},
  author={M{\'e}ndez, Abel and Rivera-Valent{\'\i}n, Edgard G},
  journal={The Astrophysical Journal Letters},
  volume={837},
  number={1},
  pages={L1},
  year={2017},
  publisher={IOP Publishing}
}

@article{magliano2023tess,
  title={The TESS Triple-9 Catalog II: a new set of 999 uniformly vetted exoplanet candidates},
  author={Magliano, Christian and Kostov, Veselin and Cacciapuoti, Luca and Covone, Giovanni and Inno, Laura and Fiscale, Stefano and Kuchner, Marc and Quintana, Elisa V and Salik, Ryan and Saggese, Vito and others},
  journal={Monthly Notices of the Royal Astronomical Society},
  volume={521},
  number={3},
  pages={3749--3764},
  year={2023},
  publisher={Oxford University Press}
}

@misc{exofop2020,
  author       = {{TESS Follow-up Observing Program Working Group}},
  title        = {The Exoplanet Follow-up Observing Program for TESS},
  year         = {2020},
  howpublished = {\url{https://exofop.ipac.caltech.edu/tess/}}}
}


@article{hendrycks2016gaussian,
  title={Gaussian error linear units (gelus)},
  author={Hendrycks, Dan and Gimpel, Kevin},
  journal={arXiv preprint arXiv:1606.08415},
  year={2016}
}

@article{wilson2023transiting,
  title={Transiting Exoplanet Yields for the Roman Galactic Bulge Time Domain Survey Predicted from Pixel-Level Simulations},
  author={Wilson, Robert F and Barclay, Thomas and Powell, Brian P and Schlieder, Joshua and Hedges, Christina and Montet, Benjamin T and Quintana, Elisa and Mcdonald, Iain and Penny, Matthew T and Espinoza, N{\'e}stor and others},
  journal={The Astrophysical Journal Supplement Series},
  volume={269},
  number={1},
  pages={5},
  year={2023},
  publisher={IOP Publishing}
}

@article{selsis2007habitable,
  title={Habitable planets around the star Gliese 581?},
  author={Selsis, Franck and Kasting, James F and Levrard, Benjamin and Paillet, Jimmy and Ribas, Ignasi and Delfosse, Xavier},
  journal={Astronomy \& Astrophysics},
  volume={476},
  number={3},
  pages={1373--1387},
  year={2007},
  publisher={EDP Sciences}
}

@article{zhang2023survey,
  title={A survey of controllable text generation using transformer-based pre-trained language models},
  author={Zhang, Hanqing and Song, Haolin and Li, Shaoyu and Zhou, Ming and Song, Dawei},
  journal={ACM Computing Surveys},
  volume={56},
  number={3},
  pages={1--37},
  year={2023},
  publisher={ACM New York, NY}
}