@article{Shallue_2018,
	doi = {10.3847/1538-3881/aa9e09},
	url = {https://doi.org/10.3847%2F1538-3881%2Faa9e09},
	year = 2018,
	month = {jan},
	publisher = {American Astronomical Society},
	volume = {155},
	number = {2},
	pages = {94},
	author = {Christopher J. Shallue and Andrew Vanderburg},
	title = {Identifying Exoplanets with Deep Learning: A Five-planet Resonant Chain around Kepler-80 and an Eighth Planet around Kepler-90},
	journal = {The Astronomical Journal}
}

@article{allam2021paying,
  title={Paying Attention to Astronomical Transients: Photometric Classification with the Time-Series Transformer},
  author={Allam Jr, Tarek and McEwen, Jason D},
  journal={arXiv preprint arXiv:2105.06178},
  year={2021}
}

@article{ansdell2018scientific,
  title={Scientific domain knowledge improves exoplanet transit classification with deep learning},
  author={Ansdell, Megan and Ioannou, Yani and Osborn, Hugh P and Sasdelli, Michele and Smith, Jeffrey C and Caldwell, Douglas and Jenkins, Jon M and R{\"a}issi, Chedy and Angerhausen, Daniel and others},
  journal={The Astrophysical Journal Letters},
  volume={869},
  number={1},
  pages={L7},
  year={2018},
  publisher={IOP Publishing}
}

@article{armstrong2016transit,
  title={Transit shapes and self organising maps as a tool for ranking planetary candidates: Application to kepler and k2},
  author={Armstrong, David J and Pollacco, Don and Santerne, Alexandre},
  journal={Monthly Notices of the Royal Astronomical Society},
  pages={stw2881},
  year={2016},
  publisher={Oxford University Press}
}

@article{armstrong2018automatic,
  title={Automatic vetting of planet candidates from ground-based surveys: machine learning with NGTS},
  author={Armstrong, David J and G{\"u}nther, Maximilian N and McCormac, James and Smith, Alexis MS and Bayliss, Daniel and Bouchy, Fran{\c{c}}ois and Burleigh, Matthew R and Casewell, Sarah and Eigm{\"u}ller, Philipp and Gillen, Edward and others},
  journal={Monthly Notices of the Royal Astronomical Society},
  volume={478},
  number={3},
  pages={4225--4237},
  year={2018},
  publisher={Oxford University Press}
}

@article{bowles20212,
  title={E (2) Equivariant Self-Attention for Radio Astronomy},
  author={Bowles, Micah and Bromley, Matthew and Allen, Max and Scaife, Anna},
  journal={arXiv preprint arXiv:2111.04742},
  year={2021}
}

@techreport{catanzarite2015autovetter,
  title={Autovetter Planet Candidate Catalog for Q1-Q17 Data Release 24},
  author={Catanzarite, Joseph H},
  year={2015},
  institution={KSCI-19091-001 https://exoplanetarchive. ipac. caltech. edu/docs/KSCI-19091~…}
}

@article{dosovitskiy2020image,
  title={An image is worth 16x16 words: Transformers for image recognition at scale},
  author={Dosovitskiy, Alexey and Beyer, Lucas and Kolesnikov, Alexander and Weissenborn, Dirk and Zhai, Xiaohua and Unterthiner, Thomas and Dehghani, Mostafa and Minderer, Matthias and Heigold, Georg and Gelly, Sylvain and others},
  journal={arXiv preprint arXiv:2010.11929},
  year={2020}
}

@article{kostov2019discovery,
  title={Discovery and Vetting of Exoplanets. I. Benchmarking K2 Vetting Tools},
  author={Kostov, Veselin B and Mullally, Susan E and Quintana, Elisa V and Coughlin, Jeffrey L and Mullally, Fergal and Barclay, Thomas and Col{\'o}n, Knicole D and Schlieder, Joshua E and Barentsen, Geert and Burke, Christopher J},
  journal={The Astronomical Journal},
  volume={157},
  number={3},
  pages={124},
  year={2019},
  publisher={IOP Publishing}
}

@article{kovacs2002box,
  title={A box-fitting algorithm in the search for periodic transits},
  author={Kov{\'a}cs, Geza and Zucker, Shay and Mazeh, Tsevi},
  journal={Astronomy \& Astrophysics},
  volume={391},
  number={1},
  pages={369--377},
  year={2002},
  publisher={EDP Sciences}
}

@article{lecun2015deep,
  title={Deep learning},
  author={LeCun, Yann and Bengio, Yoshua and Hinton, Geoffrey},
  journal={nature},
  volume={521},
  number={7553},
  pages={436--444},
  year={2015},
  publisher={Nature Publishing Group}
}

@article{lin2021galaxy,
  title={Galaxy Morphological Classification with Efficient Vision Transformer},
  author={Lin, Joshua Yao-Yu and Liao, Song-Mao and Huang, Hung-Jin and Kuo, Wei-Ting and Ou, Olivia Hsuan-Min},
  journal={arXiv preprint arXiv:2110.01024},
  year={2021}
}

@article{mislis2016sidra,
  title={SIDRA: a blind algorithm for signal detection in photometric surveys},
  author={Mislis, D and Bachelet, E and Alsubai, KA and Bramich, DM and Parley, N},
  journal={Monthly Notices of the Royal Astronomical Society},
  volume={455},
  number={1},
  pages={626--633},
  year={2016},
  publisher={Oxford University Press}
}

@article{morvan2022don,
  title={Don't Pay Attention to the Noise: Learning Self-supervised Representations of Light Curves with a Denoising Time Series Transformer},
  author={Morvan, Mario and Nikolaou, Nikolaos and Yip, Kai Hou and Waldmann, Ingo},
  journal={arXiv preprint arXiv:2207.02777},
  year={2022}
}

@article{osborn2020rapid,
  title={Rapid classification of TESS planet candidates with convolutional neural networks},
  author={Osborn, Hugh P and Ansdell, Megan and Ioannou, Yani and Sasdelli, Michele and Angerhausen, Daniel and Caldwell, Douglas and Jenkins, Jon M and R{\"a}issi, Chedy and Smith, Jeffrey C},
  journal={Astronomy \& Astrophysics},
  volume={633},
  pages={A53},
  year={2020},
  publisher={EDP Sciences}
}

@article{pearson2018,
  title={Searching for exoplanets using artificial intelligence},
  author={Pearson, Kyle A and Palafox, Leon and Griffith, Caitlin A},
  journal={Monthly Notices of the Royal Astronomical Society},
  volume={474},
  number={1},
  pages={478--491},
  year={2018},
  publisher={Oxford University Press}
}

@article{rao2021nigraha,
  title={Nigraha: Machine-learning-based pipeline to identify and evaluate planet candidates from TESS},
  author={Rao, Sriram and Mahabal, Ashish and Rao, Niyanth and Raghavendra, Cauligi},
  journal={Monthly Notices of the Royal Astronomical Society},
  volume={502},
  number={2},
  pages={2845--2858},
  year={2021},
  publisher={Oxford University Press}
}

@article{thompson2015machine,
  title={A machine learning technique to identify transit shaped signals},
  author={Thompson, Susan E and Mullally, Fergal and Coughlin, Jeff and Christiansen, Jessie L and Henze, Christopher E and Haas, Michael R and Burke, Christopher J},
  journal={The Astrophysical Journal},
  volume={812},
  number={1},
  pages={46},
  year={2015},
  publisher={IOP Publishing}
}

@article{thuruthipilly2021finding,
  title={Finding Strong Gravitational Lenses Through Self-Attention},
  author={Thuruthipilly, Hareesh and Zadrozny, Adam and Pollo, Agnieszka},
  journal={arXiv preprint arXiv:2110.09202},
  year={2021}
}

@article{yu2019identifying,
  title={Identifying Exoplanets with Deep Learning. III. Automated Triage and Vetting of TESS Candidates},
  author={Yu, Liang and Vanderburg, Andrew and Huang, Chelsea and Shallue, Christopher J and Crossfield, Ian JM and Gaudi, B Scott and Daylan, Tansu and Dattilo, Anne and Armstrong, David J and Ricker, George R and others},
  journal={The Astronomical Journal},
  volume={158},
  number={1},
  pages={25},
  year={2019},
  publisher={IOP Publishing}
}

@inproceedings{zerveas2021transformer,
  title={A transformer-based framework for multivariate time series representation learning},
  author={Zerveas, George and Jayaraman, Srideepika and Patel, Dhaval and Bhamidipaty, Anuradha and Eickhoff, Carsten},
  booktitle={Proceedings of the 27th ACM SIGKDD Conference on Knowledge Discovery \& Data Mining},
  pages={2114--2124},
  year={2021}
}

@article{zucker2018shallow,
  title={Shallow Transits—Deep Learning. I. Feasibility Study of Deep Learning to Detect Periodic Transits of Exoplanets},
  author={Zucker, Shay and Giryes, Raja},
  journal={The Astronomical Journal},
  volume={155},
  number={4},
  pages={147},
  year={2018},
  publisher={IOP Publishing}
}

