@inproceedings{cui2024survey,
  title={A survey on multimodal large language models for autonomous driving},
  author={Cui, Can and Ma, Yunsheng and Cao, Xu and Ye, Wenqian and Zhou, Yang and Liang, Kaizhao and Chen, Jintai and Lu, Juanwu and Yang, Zichong and Liao, Kuei-Da and others},
  booktitle={Proceedings of the IEEE/CVF Winter Conference on Applications of Computer Vision},
  pages={958--979},
  year={2024}
}

@article{fang2024towards,
  title={Towards interactive and learnable cooperative driving automation: a large language model-driven decision-making framework},
  author={Fang, Shiyu and Liu, Jiaqi and Ding, Mingyu and Cui, Yiming and Lv, Chen and Hang, Peng and Sun, Jian},
  journal={arXiv preprint arXiv:2409.12812},
  year={2024}
}

@inproceedings{fu2024drive,
  title={Drive like a human: Rethinking autonomous driving with large language models},
  author={Fu, Daocheng and Li, Xin and Wen, Licheng and Dou, Min and Cai, Pinlong and Shi, Botian and Qiao, Yu},
  booktitle={Proceedings of the IEEE/CVF Winter Conference on Applications of Computer Vision},
  pages={910--919},
  year={2024}
}

@article{kiran2021deep,
  title={Deep reinforcement learning for autonomous driving: A survey},
  author={Kiran, B Ravi and Sobh, Ibrahim and Talpaert, Victor and Mannion, Patrick and Al Sallab, Ahmad A and Yogamani, Senthil and P{\'e}rez, Patrick},
  journal={IEEE Transactions on Intelligent Transportation Systems},
  volume={23},
  number={6},
  pages={4909--4926},
  year={2021},
  publisher={IEEE}
}

@article{li2022decision,
  title={Decision making of autonomous vehicles in lane change scenarios: Deep reinforcement learning approaches with risk awareness},
  author={Li, Guofa and Yang, Yifan and Li, Shen and Qu, Xingda and Lyu, Nengchao and Li, Shengbo Eben},
  journal={Transportation research part C: emerging technologies},
  volume={134},
  pages={103452},
  year={2022},
  publisher={Elsevier}
}

@article{liu2024cooperative,
  title={Cooperative decision-making for cavs at unsignalized intersections: A marl approach with attention and hierarchical game priors},
  author={Liu, Jiaqi and Hang, Peng and Na, Xiaoxiang and Huang, Chao and Sun, Jian},
  journal={IEEE Transactions on Intelligent Transportation Systems},
  year={2024},
  publisher={IEEE}
}

@article{liu2024language,
  title={Language-Driven Policy Distillation for Cooperative Driving in Multi-Agent Reinforcement Learning},
  author={Liu, Jiaqi and Xu, Chengkai and Hang, Peng and Sun, Jian and Ding, Mingyu and Zhan, Wei and Tomizuka, Masayoshi},
  journal={arXiv preprint arXiv:2410.24152},
  year={2024}
}

@article{ma2023eureka,
  title={Eureka: Human-level reward design via coding large language models},
  author={Ma, Yecheng Jason and Liang, William and Wang, Guanzhi and Huang, De-An and Bastani, Osbert and Jayaraman, Dinesh and Zhu, Yuke and Fan, Linxi and Anandkumar, Anima},
  journal={arXiv preprint arXiv:2310.12931},
  year={2023}
}

@article{mnih2013playing,
  title={Playing atari with deep reinforcement learning},
  author={Mnih, Volodymyr},
  journal={arXiv preprint arXiv:1312.5602},
  year={2013}
}

@article{schulman2017proximal,
  title={Proximal policy optimization algorithms},
  author={Schulman, John and Wolski, Filip and Dhariwal, Prafulla and Radford, Alec and Klimov, Oleg},
  journal={arXiv preprint arXiv:1707.06347},
  year={2017}
}

@article{sha2023languagempc,
  title={Languagempc: Large language models as decision makers for autonomous driving},
  author={Sha, Hao and Mu, Yao and Jiang, Yuxuan and Chen, Li and Xu, Chenfeng and Luo, Ping and Li, Shengbo Eben and Tomizuka, Masayoshi and Zhan, Wei and Ding, Mingyu},
  journal={arXiv preprint arXiv:2310.03026},
  year={2023}
}

@article{sun2023aligning,
  title={Aligning large multimodal models with factually augmented rlhf},
  author={Sun, Zhiqing and Shen, Sheng and Cao, Shengcao and Liu, Haotian and Li, Chunyuan and Shen, Yikang and Gan, Chuang and Gui, Liang-Yan and Wang, Yu-Xiong and Yang, Yiming and others},
  journal={arXiv preprint arXiv:2309.14525},
  year={2023}
}

@article{trirat2024automl,
  title={AutoML-Agent: A Multi-Agent LLM Framework for Full-Pipeline AutoML},
  author={Trirat, Patara and Jeong, Wonyong and Hwang, Sung Ju},
  journal={arXiv preprint arXiv:2410.02958},
  year={2024}
}

@article{wen2023dilu,
  title={Dilu: A knowledge-driven approach to autonomous driving with large language models},
  author={Wen, Licheng and Fu, Daocheng and Li, Xin and Cai, Xinyu and Ma, Tao and Cai, Pinlong and Dou, Min and Shi, Botian and He, Liang and Qiao, Yu},
  journal={arXiv preprint arXiv:2309.16292},
  year={2023}
}

@article{xu2018reinforcement,
  title={A reinforcement learning approach to autonomous decision making of intelligent vehicles on highways},
  author={Xu, Xin and Zuo, Lei and Li, Xin and Qian, Lilin and Ren, Junkai and Sun, Zhenping},
  journal={IEEE Transactions on Systems, Man, and Cybernetics: Systems},
  volume={50},
  number={10},
  pages={3884--3897},
  year={2018},
  publisher={IEEE}
}

@inproceedings{yu2024rlhf,
  title={Rlhf-v: Towards trustworthy mllms via behavior alignment from fine-grained correctional human feedback},
  author={Yu, Tianyu and Yao, Yuan and Zhang, Haoye and He, Taiwen and Han, Yifeng and Cui, Ganqu and Hu, Jinyi and Liu, Zhiyuan and Zheng, Hai-Tao and Sun, Maosong and others},
  booktitle={Proceedings of the IEEE/CVF Conference on Computer Vision and Pattern Recognition},
  pages={13807--13816},
  year={2024}
}

@article{zhang2024large,
  title={Large language models are semi-parametric reinforcement learning agents},
  author={Zhang, Danyang and Chen, Lu and Zhang, Situo and Xu, Hongshen and Zhao, Zihan and Yu, Kai},
  journal={Advances in Neural Information Processing Systems},
  volume={36},
  year={2024}
}

@article{zhu2021survey,
  title={A survey of deep RL and IL for autonomous driving policy learning},
  author={Zhu, Zeyu and Zhao, Huijing},
  journal={IEEE Transactions on Intelligent Transportation Systems},
  volume={23},
  number={9},
  pages={14043--14065},
  year={2021},
  publisher={IEEE}
}

