@article{liu2024language,
  title={Language-Driven Policy Distillation for Cooperative Driving in Multi-Agent Reinforcement Learning},
  author={Liu, Jiaqi and Xu, Chengkai and Hang, Peng and Sun, Jian and Ding, Mingyu and Zhan, Wei and Tomizuka, Masayoshi},
  journal={arXiv preprint arXiv:2410.24152},
  year={2024}
}

@article{schulman2017proximal,
  title={Proximal policy optimization algorithms},
  author={Schulman, John and Wolski, Filip and Dhariwal, Prafulla and Radford, Alec and Klimov, Oleg},
  journal={arXiv preprint arXiv:1707.06347},
  year={2017}
}

@inproceedings{haarnoja2018soft,
  title={Soft actor-critic: Off-policy maximum entropy deep reinforcement learning with a stochastic actor},
  author={Haarnoja, Tuomas and Zhou, Aurick and Abbeel, Pieter and Levine, Sergey},
  booktitle={International conference on machine learning},
  pages={1861--1870},
  year={2018},
  organization={PMLR}
}

@article{mnih2013playing,
  title={Playing atari with deep reinforcement learning},
  author={Mnih, Volodymyr},
  journal={arXiv preprint arXiv:1312.5602},
  year={2013}
}

@article{haydari2020deep,
  title={Deep reinforcement learning for intelligent transportation systems: A survey},
  author={Haydari, Ammar and Y{\i}lmaz, Yasin},
  journal={IEEE Transactions on Intelligent Transportation Systems},
  volume={23},
  number={1},
  pages={11--32},
  year={2020},
  publisher={IEEE}
}

@article{chen2022milestones,
  title={Milestones in autonomous driving and intelligent vehicles: Survey of surveys},
  author={Chen, Long and Li, Yuchen and Huang, Chao and Li, Bai and Xing, Yang and Tian, Daxin and Li, Li and Hu, Zhongxu and Na, Xiaoxiang and Li, Zixuan and others},
  journal={IEEE Transactions on Intelligent Vehicles},
  volume={8},
  number={2},
  pages={1046--1056},
  year={2022},
  publisher={IEEE}
}

@article{aradi2020survey,
  title={Survey of deep reinforcement learning for motion planning of autonomous vehicles},
  author={Aradi, Szil{\'a}rd},
  journal={IEEE Transactions on Intelligent Transportation Systems},
  volume={23},
  number={2},
  pages={740--759},
  year={2020},
  publisher={IEEE}
}

@article{zhu2018human,
  title={Human-like autonomous car-following model with deep reinforcement learning},
  author={Zhu, Meixin and Wang, Xuesong and Wang, Yinhai},
  journal={Transportation research part C: emerging technologies},
  volume={97},
  pages={348--368},
  year={2018},
  publisher={Elsevier}
}

@article{li2022decision,
  title={Decision making of autonomous vehicles in lane change scenarios: Deep reinforcement learning approaches with risk awareness},
  author={Li, Guofa and Yang, Yifan and Li, Shen and Qu, Xingda and Lyu, Nengchao and Li, Shengbo Eben},
  journal={Transportation research part C: emerging technologies},
  volume={134},
  pages={103452},
  year={2022},
  publisher={Elsevier}
}

@article{kiran2021deep,
  title={Deep reinforcement learning for autonomous driving: A survey},
  author={Kiran, B Ravi and Sobh, Ibrahim and Talpaert, Victor and Mannion, Patrick and Al Sallab, Ahmad A and Yogamani, Senthil and P{\'e}rez, Patrick},
  journal={IEEE Transactions on Intelligent Transportation Systems},
  volume={23},
  number={6},
  pages={4909--4926},
  year={2021},
  publisher={IEEE}
}

@inproceedings{cui2024drive,
  title={Drive as you speak: Enabling human-like interaction with large language models in autonomous vehicles},
  author={Cui, Can and Ma, Yunsheng and Cao, Xu and Ye, Wenqian and Wang, Ziran},
  booktitle={Proceedings of the IEEE/CVF Winter Conference on Applications of Computer Vision},
  pages={902--909},
  year={2024}
}

@inproceedings{fu2024drive,
  title={Drive like a human: Rethinking autonomous driving with large language models},
  author={Fu, Daocheng and Li, Xin and Wen, Licheng and Dou, Min and Cai, Pinlong and Shi, Botian and Qiao, Yu},
  booktitle={Proceedings of the IEEE/CVF Winter Conference on Applications of Computer Vision},
  pages={910--919},
  year={2024}
}

@article{wen2023dilu,
  title={Dilu: A knowledge-driven approach to autonomous driving with large language models},
  author={Wen, Licheng and Fu, Daocheng and Li, Xin and Cai, Xinyu and Ma, Tao and Cai, Pinlong and Dou, Min and Shi, Botian and He, Liang and Qiao, Yu},
  journal={arXiv preprint arXiv:2309.16292},
  year={2023}
}

@inproceedings{cui2024survey,
  title={A survey on multimodal large language models for autonomous driving},
  author={Cui, Can and Ma, Yunsheng and Cao, Xu and Ye, Wenqian and Zhou, Yang and Liang, Kaizhao and Chen, Jintai and Lu, Juanwu and Yang, Zichong and Liao, Kuei-Da and others},
  booktitle={Proceedings of the IEEE/CVF Winter Conference on Applications of Computer Vision},
  pages={958--979},
  year={2024}
}

@article{wang2023voyager,
  title={Voyager: An open-ended embodied agent with large language models},
  author={Wang, Guanzhi and Xie, Yuqi and Jiang, Yunfan and Mandlekar, Ajay and Xiao, Chaowei and Zhu, Yuke and Fan, Linxi and Anandkumar, Anima},
  journal={arXiv preprint arXiv:2305.16291},
  year={2023}
}

@article{sha2023languagempc,
  title={Languagempc: Large language models as decision makers for autonomous driving},
  author={Sha, Hao and Mu, Yao and Jiang, Yuxuan and Chen, Li and Xu, Chenfeng and Luo, Ping and Li, Shengbo Eben and Tomizuka, Masayoshi and Zhan, Wei and Ding, Mingyu},
  journal={arXiv preprint arXiv:2310.03026},
  year={2023}
}

@article{cui2023drivellm,
  title={Drivellm: Charting the path toward full autonomous driving with large language models},
  author={Cui, Yaodong and Huang, Shucheng and Zhong, Jiaming and Liu, Zhenan and Wang, Yutong and Sun, Chen and Li, Bai and Wang, Xiao and Khajepour, Amir},
  journal={IEEE Transactions on Intelligent Vehicles},
  year={2023},
  publisher={IEEE}
}

@article{xu2024drivegpt4,
  title={Drivegpt4: Interpretable end-to-end autonomous driving via large language model},
  author={Xu, Zhenhua and Zhang, Yujia and Xie, Enze and Zhao, Zhen and Guo, Yong and Wong, Kwan-Yee K and Li, Zhenguo and Zhao, Hengshuang},
  journal={IEEE Robotics and Automation Letters},
  year={2024},
  publisher={IEEE}
}

@inproceedings{bouton2019cooperation,
  title={Cooperation-aware reinforcement learning for merging in dense traffic},
  author={Bouton, Maxime and Nakhaei, Alireza and Fujimura, Kikuo and Kochenderfer, Mykel J},
  booktitle={2019 IEEE Intelligent Transportation Systems Conference (ITSC)},
  pages={3441--3447},
  year={2019},
  organization={IEEE}
}

@inproceedings{wang2017formulation,
  title={Formulation of deep reinforcement learning architecture toward autonomous driving for on-ramp merge},
  author={Wang, Pin and Chan, Ching-Yao},
  booktitle={2017 IEEE 20th International Conference on Intelligent Transportation Systems (ITSC)},
  pages={1--6},
  year={2017},
  organization={IEEE}
}

@article{xu2018reinforcement,
  title={A reinforcement learning approach to autonomous decision making of intelligent vehicles on highways},
  author={Xu, Xin and Zuo, Lei and Li, Xin and Qian, Lilin and Ren, Junkai and Sun, Zhenping},
  journal={IEEE Transactions on Systems, Man, and Cybernetics: Systems},
  volume={50},
  number={10},
  pages={3884--3897},
  year={2018},
  publisher={IEEE}
}

@article{sun2023aligning,
  title={Aligning large multimodal models with factually augmented rlhf},
  author={Sun, Zhiqing and Shen, Sheng and Cao, Shengcao and Liu, Haotian and Li, Chunyuan and Shen, Yikang and Gan, Chuang and Gui, Liang-Yan and Wang, Yu-Xiong and Yang, Yiming and others},
  journal={arXiv preprint arXiv:2309.14525},
  year={2023}
}

@inproceedings{yu2024rlhf,
  title={Rlhf-v: Towards trustworthy mllms via behavior alignment from fine-grained correctional human feedback},
  author={Yu, Tianyu and Yao, Yuan and Zhang, Haoye and He, Taiwen and Han, Yifeng and Cui, Ganqu and Hu, Jinyi and Liu, Zhiyuan and Zheng, Hai-Tao and Sun, Maosong and others},
  booktitle={Proceedings of the IEEE/CVF Conference on Computer Vision and Pattern Recognition},
  pages={13807--13816},
  year={2024}
}

@article{zhang2024large,
  title={Large language models are semi-parametric reinforcement learning agents},
  author={Zhang, Danyang and Chen, Lu and Zhang, Situo and Xu, Hongshen and Zhao, Zihan and Yu, Kai},
  journal={Advances in Neural Information Processing Systems},
  volume={36},
  year={2024}
}

@article{trirat2024automl,
  title={AutoML-Agent: A Multi-Agent LLM Framework for Full-Pipeline AutoML},
  author={Trirat, Patara and Jeong, Wonyong and Hwang, Sung Ju},
  journal={arXiv preprint arXiv:2410.02958},
  year={2024}
}

@article{ma2023eureka,
  title={Eureka: Human-level reward design via coding large language models},
  author={Ma, Yecheng Jason and Liang, William and Wang, Guanzhi and Huang, De-An and Bastani, Osbert and Jayaraman, Dinesh and Zhu, Yuke and Fan, Linxi and Anandkumar, Anima},
  journal={arXiv preprint arXiv:2310.12931},
  year={2023}
}

@article{huang2022efficient,
  title={Efficient deep reinforcement learning with imitative expert priors for autonomous driving},
  author={Huang, Zhiyu and Wu, Jingda and Lv, Chen},
  journal={IEEE Transactions on Neural Networks and Learning Systems},
  volume={34},
  number={10},
  pages={7391--7403},
  year={2022},
  publisher={IEEE}
}

@misc{highway-env,
  author = {Leurent, Edouard},
  title = {An Environment for Autonomous Driving Decision-Making},
  year = {2018},
  publisher = {GitHub},
  journal = {GitHub repository},
  howpublished = {\url{https://github.com/eleurent/highway-env}},
}

@article{pleines2022generalization,
  title={Generalization, mayhems and limits in recurrent proximal policy optimization},
  author={Pleines, Marco and Pallasch, Matthias and Zimmer, Frank and Preuss, Mike},
  journal={arXiv preprint arXiv:2205.11104},
  year={2022}
}

@article{mnih2016asynchronous,
  title={Asynchronous Methods for Deep Reinforcement Learning},
  author={Mnih, Volodymyr},
  journal={arXiv preprint arXiv:1602.01783},
  year={2016}
}
@article{fang2024towards,
  title={Towards interactive and learnable cooperative driving automation: a large language model-driven decision-making framework},
  author={Fang, Shiyu and Liu, Jiaqi and Ding, Mingyu and Cui, Yiming and Lv, Chen and Hang, Peng and Sun, Jian},
  journal={arXiv preprint arXiv:2409.12812},
  year={2024}
}
@article{liu2024cooperative,
  title={Cooperative decision-making for cavs at unsignalized intersections: A marl approach with attention and hierarchical game priors},
  author={Liu, Jiaqi and Hang, Peng and Na, Xiaoxiang and Huang, Chao and Sun, Jian},
  journal={IEEE Transactions on Intelligent Transportation Systems},
  year={2024},
  publisher={IEEE}
}

@article{achiam2023gpt,
  title={Gpt-4 technical report},
  author={Achiam, Josh and Adler, Steven and Agarwal, Sandhini and Ahmad, Lama and Akkaya, Ilge and Aleman, Florencia Leoni and Almeida, Diogo and Altenschmidt, Janko and Altman, Sam and Anadkat, Shyamal and others},
  journal={arXiv preprint arXiv:2303.08774},
  year={2023}
}
@inproceedings{liu2023mtd,
  title={Mtd-gpt: A multi-task decision-making gpt model for autonomous driving at unsignalized intersections},
  author={Liu, Jiaqi and Hang, Peng and Qi, Xiao and Wang, Jianqiang and Sun, Jian},
  booktitle={2023 IEEE 26th International Conference on Intelligent Transportation Systems (ITSC)},
  pages={5154--5161},
  year={2023},
  organization={IEEE}
}

@article{tampuu2020survey,
  title={A survey of end-to-end driving: Architectures and training methods},
  author={Tampuu, Ardi and Matiisen, Tambet and Semikin, Maksym and Fishman, Dmytro and Muhammad, Naveed},
  journal={IEEE Transactions on Neural Networks and Learning Systems},
  volume={33},
  number={4},
  pages={1364--1384},
  year={2020},
  publisher={IEEE}
}

@inproceedings{qiao2018automatically,
  title={Automatically generated curriculum based reinforcement learning for autonomous vehicles in urban environment},
  author={Qiao, Zhiqian and Muelling, Katharina and Dolan, John M and Palanisamy, Praveen and Mudalige, Priyantha},
  booktitle={2018 IEEE Intelligent Vehicles Symposium (IV)},
  pages={1233--1238},
  year={2018},
  organization={IEEE}
}

@article{hurst2024gpt,
  title={Gpt-4o system card},
  author={Hurst, Aaron and Lerer, Adam and Goucher, Adam P and Perelman, Adam and Ramesh, Aditya and Clark, Aidan and Ostrow, AJ and Welihinda, Akila and Hayes, Alan and Radford, Alec and others},
  journal={arXiv preprint arXiv:2410.21276},
  year={2024}
}

@article{zhao2023development,
  title={Development of a cyber-physical-system perspective based simulation platform for optimizing connected automated vehicles dedicated lanes},
  author={Zhao, Xiangmo and Gao, Ying and Jin, Shaojie and Xu, Zhigang and Liu, Zhiguang and Fan, Wei and Liu, Peng},
  journal={Expert Systems with Applications},
  volume={213},
  pages={118972},
  year={2023},
  publisher={Elsevier}
}

@article{kang2020modeling,
  title={Modeling and Simulation of Merging Behavior at Urban Expressway On-ramp},
  author={Kang, Zuo and Liu, Qiyuan and Jian, Sun},
  journal={Journal of System Simulation},
  volume={29},
  number={9},
  pages={1895--1906},
  year={2020}
}

@inproceedings{yang2023llm4drive,
  title={Llm4drive: A survey of large language models for autonomous driving},
  author={Yang, Zhenjie and Jia, Xiaosong and Li, Hongyang and Yan, Junchi},
  booktitle={NeurIPS 2024 Workshop on Open-World Agents},
  year={2023}
}

@article{zhu2021survey,
  title={A survey of deep RL and IL for autonomous driving policy learning},
  author={Zhu, Zeyu and Zhao, Huijing},
  journal={IEEE Transactions on Intelligent Transportation Systems},
  volume={23},
  number={9},
  pages={14043--14065},
  year={2021},
  publisher={IEEE}
}

@article{wei2022chain,
  title={Chain-of-thought prompting elicits reasoning in large language models},
  author={Wei, Jason and Wang, Xuezhi and Schuurmans, Dale and Bosma, Maarten and Xia, Fei and Chi, Ed and Le, Quoc V and Zhou, Denny and others},
  journal={Advances in neural information processing systems},
  volume={35},
  pages={24824--24837},
  year={2022}
}

@article{grondman2012survey,
  title={A survey of actor-critic reinforcement learning: Standard and natural policy gradients},
  author={Grondman, Ivo and Busoniu, Lucian and Lopes, Gabriel AD and Babuska, Robert},
  journal={IEEE Transactions on Systems, Man, and Cybernetics, part C (applications and reviews)},
  volume={42},
  number={6},
  pages={1291--1307},
  year={2012},
  publisher={IEEE}
}





































