@article{moore1981principal,
  title={Principal component analysis in linear systems: Controllability, observability, and model reduction},
  author={Moore, Bruce},
  journal={IEEE transactions on automatic control},
  volume={26},
  number={1},
  pages={17--32},
  year={1981},
  publisher={IEEE}
}

@article{abdi2010principal,
  title={Principal component analysis},
  author={Abdi, Herv{\'e} and Williams, Lynne J},
  journal={Wiley interdisciplinary reviews: computational statistics},
  volume={2},
  number={4},
  pages={433--459},
  year={2010},
  publisher={Wiley Online Library}
}

@inproceedings{hassani2022cross,
  title={Cross-domain few-shot graph classification},
  author={Hassani, Kaveh},
  booktitle={Proceedings of the AAAI Conference on Artificial Intelligence},
  volume={36},
  number={6},
  pages={6856--6864},
  year={2022}
}
@inproceedings{kipf2016semi,
  title={Semi-Supervised Classification with Graph Convolutional Networks},
  author={Kipf, Thomas N and Welling, Max},
  booktitle={International Conference on Learning Representations},
  year={2016}
}

@inproceedings{qu2017attention,
  title={An attention-based collaboration framework for multi-view network representation learning},
  author={Qu, Meng and Tang, Jian and Shang, Jingbo and Ren, Xiang and Zhang, Ming and Han, Jiawei},
  booktitle={Proceedings of the 2017 ACM on Conference on Information and Knowledge Management},
  pages={1767--1776},
  year={2017}
}

@article{dong2022survey,
  title={A survey on in-context learning},
  author={Dong, Qingxiu and Li, Lei and Dai, Damai and Zheng, Ce and Ma, Jingyuan and Li, Rui and Xia, Heming and Xu, Jingjing and Wu, Zhiyong and Liu, Tianyu and others},
  journal={arXiv preprint arXiv:2301.00234},
  year={2022}
}

@inproceedings{yan2024inductive,
  title={Inductive Graph Alignment Prompt: Bridging the Gap between Graph Pre-training and Inductive Fine-tuning From Spectral Perspective},
  author={Yan, Yuchen and Zhang, Peiyan and Fang, Zheng and Long, Qingqing},
  booktitle={Proceedings of the ACM on Web Conference 2024},
  pages={4328--4339},
  year={2024}
}

@inproceedings{zhao2024all,
  title={All in one and one for all: A simple yet effective method towards cross-domain graph pretraining},
  author={Zhao, Haihong and Chen, Aochuan and Sun, Xiangguo and Cheng, Hong and Li, Jia},
  booktitle={Proceedings of the 30th ACM SIGKDD Conference on Knowledge Discovery and Data Mining},
  pages={4443--4454},
  year={2024}
}

@inproceedings{sun2022beyond,
  title={Beyond Homophily: Structure-aware Path Aggregation Graph Neural Network.},
  author={Sun, Yifei and Deng, Haoran and Yang, Yang and Wang, Chunping and Xu, Jiarong and Huang, Renhong and Cao, Linfeng and Wang, Yang and Chen, Lei},
  booktitle={IJCAI},
  pages={2233--2240},
  year={2022}
}

@article{zheng2022graph,
  title={Graph neural networks for graphs with heterophily: A survey},
  author={Zheng, Xin and Wang, Yi and Liu, Yixin and Li, Ming and Zhang, Miao and Jin, Di and Yu, Philip S and Pan, Shirui},
  journal={arXiv preprint arXiv:2202.07082},
  year={2022}
}

@inproceedings{sun2023all,
  title={All in one: Multi-task prompting for graph neural networks},
  author={Sun, Xiangguo and Cheng, Hong and Li, Jia and Liu, Bo and Guan, Jihong},
  booktitle={Proceedings of the 29th ACM SIGKDD Conference on Knowledge Discovery and Data Mining},
  pages={2120--2131},
  year={2023}
}

@article{dong2019unified,
  title={Unified language model pre-training for natural language understanding and generation},
  author={Dong, Li and Yang, Nan and Wang, Wenhui and Wei, Furu and Liu, Xiaodong and Wang, Yu and Gao, Jianfeng and Zhou, Ming and Hon, Hsiao-Wuen},
  journal={Advances in neural information processing systems},
  volume={32},
  year={2019}
}

@article{wu2019adversarial,
  title={Adversarial examples on graph data: Deep insights into attack and defense},
  author={Wu, Huijun and Wang, Chen and Tyshetskiy, Yuriy and Docherty, Andrew and Lu, Kai and Zhu, Liming},
  journal={arXiv preprint arXiv:1903.01610},
  year={2019}
}

@article{zhu2020beyond,
  title={Beyond homophily in graph neural networks: Current limitations and effective designs},
  author={Zhu, Jiong and Yan, Yujun and Zhao, Lingxiao and Heimann, Mark and Akoglu, Leman and Koutra, Danai},
  journal={Advances in neural information processing systems},
  volume={33},
  pages={7793--7804},
  year={2020}
}

@inproceedings{jin2020graph,
  title={Graph structure learning for robust graph neural networks},
  author={Jin, Wei and Ma, Yao and Liu, Xiaorui and Tang, Xianfeng and Wang, Suhang and Tang, Jiliang},
  booktitle={Proceedings of the 26th ACM SIGKDD international conference on knowledge discovery \& data mining},
  pages={66--74},
  year={2020}
}

@article{zhu2021deep,
  title={Deep graph structure learning for robust representations: A survey},
  author={Zhu, Yanqiao and Xu, Weizhi and Zhang, Jinghao and Liu, Qiang and Wu, Shu and Wang, Liang},
  journal={arXiv preprint arXiv:2103.03036},
  volume={14},
  pages={1--1},
  year={2021},
  publisher={Mar}
}

@article{sen2008collective,
  title={Collective classification in network data},
  author={Sen, Prithviraj and Namata, Galileo and Bilgic, Mustafa and Getoor, Lise and Galligher, Brian and Eliassi-Rad, Tina},
  journal={AI magazine},
  volume={29},
  number={3},
  pages={93--93},
  year={2008}
}

@inproceedings{namata2012query,
  title={Query-driven active surveying for collective classification},
  author={Namata, Galileo and London, Ben and Getoor, Lise and Huang, Bert and Edu, U},
  booktitle={10th international workshop on mining and learning with graphs},
  volume={8},
  pages={1},
  year={2012}
}

@article{pei2020geom,
  title={Geom-gcn: Geometric graph convolutional networks},
  author={Pei, Hongbin and Wei, Bingzhe and Chang, Kevin Chen-Chuan and Lei, Yu and Yang, Bo},
  journal={arXiv preprint arXiv:2002.05287},
  year={2020}
}


@article{velickovic2017graph,
  title={Graph attention networks},
  author={Velickovic, Petar and Cucurull, Guillem and Casanova, Arantxa and Romero, Adriana and Lio, Pietro and Bengio, Yoshua and others},
  journal={stat},
  volume={1050},
  number={20},
  pages={10--48550},
  year={2017}
}

@article{you2020graph,
  title={Graph contrastive learning with augmentations},
  author={You, Yuning and Chen, Tianlong and Sui, Yongduo and Chen, Ting and Wang, Zhangyang and Shen, Yang},
  journal={Advances in neural information processing systems},
  volume={33},
  pages={5812--5823},
  year={2020}
}

@article{velickovic2019deep,
  title={Deep graph infomax.},
  author={Velickovic, Petar and Fedus, William and Hamilton, William L and Li{\`o}, Pietro and Bengio, Yoshua and Hjelm, R Devon},
  journal={ICLR (Poster)},
  volume={2},
  number={3},
  pages={4},
  year={2019}
}

@inproceedings{sun2022gppt,
  title={Gppt: Graph pre-training and prompt tuning to generalize graph neural networks},
  author={Sun, Mingchen and Zhou, Kaixiong and He, Xin and Wang, Ying and Wang, Xin},
  booktitle={Proceedings of the 28th ACM SIGKDD Conference on Knowledge Discovery and Data Mining},
  pages={1717--1727},
  year={2022}
}

@article{fang2024universal,
  title={Universal prompt tuning for graph neural networks},
  author={Fang, Taoran and Zhang, Yunchao and Yang, Yang and Wang, Chunping and Chen, Lei},
  journal={Advances in Neural Information Processing Systems},
  volume={36},
  year={2024}
}


@inproceedings{yu2025samgpt,
  title={SAMGPT: Text-free Graph Foundation Model for Multi-domain Pre-training and Cross-domain Adaptation},
  author={Yu, Xingtong and Gong, Zechuan and Zhou, Chang and Fang, Yuan and Zhang, Hui},
  year={2025},
  booktitle={THE WEB CONFERENCE 2025}
}
@article{li2024gslb,
  title={GSLB: the graph structure learning benchmark},
  author={Li, Zhixun and Sun, Xin and Luo, Yifan and Zhu, Yanqiao and Chen, Dingshuo and Luo, Yingtao and Zhou, Xiangxin and Liu, Qiang and Wu, Shu and Wang, Liang and others},
  journal={Advances in Neural Information Processing Systems},
  volume={36},
  year={2024}
}

@inproceedings{yao2022pcl,
  title={Pcl: Proxy-based contrastive learning for domain generalization},
  author={Yao, Xufeng and Bai, Yang and Zhang, Xinyun and Zhang, Yuechen and Sun, Qi and Chen, Ran and Li, Ruiyu and Yu, Bei},
  booktitle={Proceedings of the IEEE/CVF Conference on Computer Vision and Pattern Recognition},
  pages={7097--7107},
  year={2022}
}
@article{traud2012social,
  title={Social structure of facebook networks},
  author={Traud, Amanda L and Mucha, Peter J and Porter, Mason A},
  journal={Physica A: Statistical Mechanics and its Applications},
  volume={391},
  number={16},
  pages={4165--4180},
  year={2012},
  publisher={Elsevier}
}
@inproceedings{ebesu2017neural,
  title={Neural citation network for context-aware citation recommendation},
  author={Ebesu, Travis and Fang, Yi},
  booktitle={Proceedings of the 40th international ACM SIGIR conference on research and development in information retrieval},
  pages={1093--1096},
  year={2017}
}
@article{zhang2021graph,
  title={Graph neural networks and their current applications in bioinformatics},
  author={Zhang, Xiao-Meng and Liang, Li and Liu, Lin and Tang, Ming-Jing},
  journal={Frontiers in genetics},
  volume={12},
  pages={690049},
  year={2021},
  publisher={Frontiers Media SA}
}
@article{zhang2024multi,
  title={Multi-domain Knowledge Graph Collaborative Pre-training and Prompt Tuning for Diverse Downstream Tasks},
  author={Zhang, Yichi and Hu, Binbin and Chen, Zhuo and Guo, Lingbing and Liu, Ziqi and Zhang, Zhiqiang and Liang, Lei and Chen, Huajun and Zhang, Wen},
  journal={arXiv preprint arXiv:2405.13085},
  year={2024}
}
@article{wang2022generalizing,
  title={Generalizing to unseen domains: A survey on domain generalization},
  author={Wang, Jindong and Lan, Cuiling and Liu, Chang and Ouyang, Yidong and Qin, Tao and Lu, Wang and Chen, Yiqiang and Zeng, Wenjun and Philip, S Yu},
  journal={IEEE transactions on knowledge and data engineering},
  volume={35},
  number={8},
  pages={8052--8072},
  year={2022},
  publisher={IEEE}
}
@article{zhang2024survey,
  title={A Survey of Deep Graph Learning under Distribution Shifts: from Graph Out-of-Distribution Generalization to Adaptation},
  author={Zhang, Kexin and Liu, Shuhan and Wang, Song and Shi, Weili and Chen, Chen and Li, Pan and Li, Sheng and Li, Jundong and Ding, Kaize},
  journal={arXiv preprint arXiv:2410.19265},
  year={2024}
}
@article{liang2024factorized,
  title={Factorized contrastive learning: Going beyond multi-view redundancy},
  author={Liang, Paul Pu and Deng, Zihao and Ma, Martin Q and Zou, James Y and Morency, Louis-Philippe and Salakhutdinov, Ruslan},
  journal={Advances in Neural Information Processing Systems},
  volume={36},
  year={2023}
}
@article{zugner2020adversarial,
  title={Adversarial attacks on graph neural networks: Perturbations and their patterns},
  author={Z{\"u}gner, Daniel and Borchert, Oliver and Akbarnejad, Amir and G{\"u}nnemann, Stephan},
  journal={ACM Transactions on Knowledge Discovery from Data (TKDD)},
  volume={14},
  number={5},
  pages={1--31},
  year={2020},
  publisher={ACM New York, NY, USA}
}
@inproceedings{zhu2022does,
  title={How does heterophily impact the robustness of graph neural networks? theoretical connections and practical implications},
  author={Zhu, Jiong and Jin, Junchen and Loveland, Donald and Schaub, Michael T and Koutra, Danai},
  booktitle={Proceedings of the 28th ACM SIGKDD Conference on Knowledge Discovery and Data Mining},
  pages={2637--2647},
  year={2022}
}
@article{pan2023high,
  title={High-order multi-view clustering for generic data},
  author={Pan, Erlin and Kang, Zhao},
  journal={Information Fusion},
  volume={100},
  pages={101947},
  year={2023},
  publisher={Elsevier}
}
@inproceedings{pan2023beyond,
  title={Beyond homophily: Reconstructing structure for graph-agnostic clustering},
  author={Pan, Erlin and Kang, Zhao},
  booktitle={International Conference on Machine Learning},
  pages={26868--26877},
  year={2023},
  organization={PMLR}
}
@inproceedings{wu2019simplifying,
  title={Simplifying graph convolutional networks},
  author={Wu, Felix and Souza, Amauri and Zhang, Tianyi and Fifty, Christopher and Yu, Tao and Weinberger, Kilian},
  booktitle={International conference on machine learning},
  pages={6861--6871},
  year={2019},
  organization={PMLR}
}
@inproceedings{shen2024balanced,
  title={Balanced multi-relational graph clustering},
  author={Shen, Zhixiang and He, Haolan and Kang, Zhao},
  booktitle={Proceedings of the 32nd ACM International Conference on Multimedia},
  pages={4120--4128},
  year={2024}
}
@inproceedings{li2024pc,
  title={Pc-conv: Unifying homophily and heterophily with two-fold filtering},
  author={Li, Bingheng and Pan, Erlin and Kang, Zhao},
  booktitle={Proceedings of the AAAI Conference on Artificial Intelligence},
  volume={38},
  number={12},
  pages={13437--13445},
  year={2024}
}
@inproceedings{wang2019heterogeneous,
  title={Heterogeneous graph attention network},
  author={Wang, Xiao and Ji, Houye and Shi, Chuan and Wang, Bai and Ye, Yanfang and Cui, Peng and Yu, Philip S},
  booktitle={The world wide web conference},
  pages={2022--2032},
  year={2019}
}
@inproceedings{kipf2016variational,
  title={Variational graph auto-encoders},
  author={Kipf, Thomas N and Welling, Max},
 booktitle={Bayesian Deep Learning Workshop (NIPS)},
  year={2016}
}
@inproceedings{velivckovic2018deep,
  title={Deep Graph Infomax},
  author={Veli{\v{c}}kovi{\'c}, Petar and Fedus, William and Hamilton, William L and Li{\`o}, Pietro and Bengio, Yoshua and Hjelm, R Devon},
  booktitle={International Conference on Learning Representations},
  year={2018}
}
@inproceedings{fan2020one2multi,
  title={One2multi graph autoencoder for multi-view graph clustering},
  author={Fan, Shaohua and Wang, Xiao and Shi, Chuan and Lu, Emiao and Lin, Ken and Wang, Bai},
  booktitle={proceedings of the web conference 2020},
  pages={3070--3076},
  year={2020}
}
@article{wang2020microsoft,
  title={Microsoft academic graph: When experts are not enough},
  author={Wang, Kuansan and Shen, Zhihong and Huang, Chiyuan and Wu, Chieh-Han and Dong, Yuxiao and Kanakia, Anshul},
  journal={Quantitative Science Studies},
  volume={1},
  number={1},
  pages={396--413},
  year={2020},
  publisher={MIT Press One Rogers Street, Cambridge, MA 02142-1209, USA journals-info~…}
}
@inproceedings{mo2023disentangled,
  title={Disentangled multiplex graph representation learning},
  author={Mo, Yujie and Lei, Yajie and Shen, Jialie and Shi, Xiaoshuang and Shen, Heng Tao and Zhu, Xiaofeng},
  booktitle={International Conference on Machine Learning},
  pages={24983--25005},
  year={2023},
  organization={PMLR}
}
@inproceedings{qian2024upper,
  title={Upper Bounding Barlow Twins: A Novel Filter for Multi-Relational Clustering},
  author={Qian, Xiaowei and Li, Bingheng and Kang, Zhao},
  booktitle={Proceedings of the AAAI Conference on Artificial Intelligence},
  volume={38},
  number={13},
  pages={14660--14668},
  year={2024}
}
@article{mo2023multiplex,
  title={Multiplex Graph Representation Learning Via Dual Correlation Reduction},
  author={Mo, Yujie and Chen, Yuhuan and Lei, Yajie and Peng, Liang and Shi, Xiaoshuang and Yuan, Changan and Zhu, Xiaofeng},
  journal={IEEE Transactions on Knowledge and Data Engineering},
  year={2023},
  publisher={IEEE}
}
@article{lin2023multi,
  title={Multi-View Attributed Graph Clustering},
  author={Lin, Zhiping and Kang, Zhao and Zhang, Lizong and Tian, Ling},
  journal={IEEE Transactions on Knowledge \& Data Engineering},
  volume={35},
  number={02},
  pages={1872--1880},
  year={2023},
  publisher={IEEE Computer Society}
}
@inproceedings{jing2021hdmi,
  title={Hdmi: High-order deep multiplex infomax},
  author={Jing, Baoyu and Park, Chanyoung and Tong, Hanghang},
  booktitle={Proceedings of the Web Conference 2021},
  pages={2414--2424},
  year={2021}
}
@article{yun2019graph,
  title={Graph transformer networks},
  author={Yun, Seongjun and Jeong, Minbyul and Kim, Raehyun and Kang, Jaewoo and Kim, Hyunwoo J},
  journal={Advances in neural information processing systems},
  volume={32},
  year={2019}
}

@inproceedings{lu2019relation,
  title={Relation structure-aware heterogeneous information network embedding},
  author={Lu, Yuanfu and Shi, Chuan and Hu, Linmei and Liu, Zhiyuan},
  booktitle={Proceedings of the AAAI conference on artificial intelligence},
  volume={33},
  number={01},
  pages={4456--4463},
  year={2019}
}

@inproceedings{franceschi2019learning,
  title={Learning discrete structures for graph neural networks},
  author={Franceschi, Luca and Niepert, Mathias and Pontil, Massimiliano and He, Xiao},
  booktitle={International conference on machine learning},
  pages={1972--1982},
  year={2019},
  organization={PMLR}
}

@article{tian2020makes,
  title={What makes for good views for contrastive learning?},
  author={Tian, Yonglong and Sun, Chen and Poole, Ben and Krishnan, Dilip and Schmid, Cordelia and Isola, Phillip},
  journal={Advances in neural information processing systems},
  volume={33},
  pages={6827--6839},
  year={2020}
}


@inproceedings{yu2021graph,
  title={Graph-revised convolutional network},
  author={Yu, Donghan and Zhang, Ruohong and Jiang, Zhengbao and Wu, Yuexin and Yang, Yiming},
  booktitle={Machine Learning and Knowledge Discovery in Databases: European Conference, ECML PKDD 2020, Ghent, Belgium, September 14--18, 2020, Proceedings, Part III},
  pages={378--393},
  year={2021},
  organization={Springer}
}

@article{chen2020iterative,
  title={Iterative deep graph learning for graph neural networks: Better and robust node embeddings},
  author={Chen, Yu and Wu, Lingfei and Zaki, Mohammed},
  journal={Advances in neural information processing systems},
  volume={33},
  pages={19314--19326},
  year={2020}
}

@inproceedings{wang2021graph,
  title={Graph structure estimation neural networks},
  author={Wang, Ruijia and Mou, Shuai and Wang, Xiao and Xiao, Wanpeng and Ju, Qi and Shi, Chuan and Xie, Xing},
  booktitle={Proceedings of the web conference 2021},
  pages={342--353},
  year={2021}
}

@article{wu2022nodeformer,
  title={Nodeformer: A scalable graph structure learning transformer for node classification},
  author={Wu, Qitian and Zhao, Wentao and Li, Zenan and Wipf, David P and Yan, Junchi},
  journal={Advances in Neural Information Processing Systems},
  volume={35},
  pages={27387--27401},
  year={2022}
}


@inproceedings{liu2022towards,
  title={Towards unsupervised deep graph structure learning},
  author={Liu, Yixin and Zheng, Yu and Zhang, Daokun and Chen, Hongxu and Peng, Hao and Pan, Shirui},
  booktitle={Proceedings of the ACM Web Conference 2022},
  pages={1392--1403},
  year={2022}
}

@inproceedings{li2022reliable,
  title={Reliable representations make a stronger defender: Unsupervised structure refinement for robust gnn},
  author={Li, Kuan and Liu, Yang and Ao, Xiang and Chi, Jianfeng and Feng, Jinghua and Yang, Hao and He, Qing},
  booktitle={Proceedings of the 28th ACM SIGKDD Conference on Knowledge Discovery and Data Mining},
  pages={925--935},
  year={2022}
}


@inproceedings{zhao2023self,
  title={Self-supervised graph structure refinement for graph neural networks},
  author={Zhao, Jianan and Wen, Qianlong and Ju, Mingxuan and Zhang, Chuxu and Ye, Yanfang},
  booktitle={Proceedings of the Sixteenth ACM International Conference on Web Search and Data Mining},
  pages={159--167},
  year={2023}
}

@article{pan2021multi,
  title={Multi-view contrastive graph clustering},
  author={Pan, Erlin and Kang, Zhao},
  journal={Advances in neural information processing systems},
  volume={34},
  pages={2148--2159},
  year={2021}
}
@article{suresh2021adversarial,
  title={Adversarial graph augmentation to improve graph contrastive learning},
  author={Suresh, Susheel and Li, Pan and Hao, Cong and Neville, Jennifer},
  journal={Advances in Neural Information Processing Systems},
  volume={34},
  pages={15920--15933},
  year={2021}
}
@inproceedings{wang2022collaborative,
  title={Collaborative knowledge distillation for heterogeneous information network embedding},
  author={Wang, Can and Zhou, Sheng and Yu, Kang and Chen, Defang and Li, Bolang and Feng, Yan and Chen, Chun},
  booktitle={Proceedings of the ACM Web Conference 2022},
  pages={1631--1639},
  year={2022}
}
@inproceedings{baranwal2022effects,
  title={Effects of Graph Convolutions in Multi-layer Networks},
  author={Baranwal, Aseem and Fountoulakis, Kimon and Jagannath, Aukosh},
  booktitle={The Eleventh International Conference on Learning Representations},
  year={2022}
}
@inproceedings{park2020unsupervised,
  title={Unsupervised attributed multiplex network embedding},
  author={Park, Chanyoung and Kim, Donghyun and Han, Jiawei and Yu, Hwanjo},
  booktitle={Proceedings of the AAAI conference on artificial intelligence},
  volume={34},
  number={04},
  pages={5371--5378},
  year={2020}
}
@article{wu2020comprehensive,
  title={A comprehensive survey on graph neural networks},
  author={Wu, Zonghan and Pan, Shirui and Chen, Fengwen and Long, Guodong and Zhang, Chengqi and Philip, S Yu},
  journal={IEEE Transactions on Neural Networks and Learning Systems},
  volume={32},
  number={1},
  pages={4--24},
  year={2020},
  publisher={IEEE}
}
@article{liu2021self,
  title={Self-supervised learning: Generative or contrastive},
  author={Liu, Xiao and Zhang, Fanjin and Hou, Zhenyu and Mian, Li and Wang, Zhaoyu and Zhang, Jing and Tang, Jie},
  journal={IEEE Transactions on Knowledge and Data Engineering},
  volume={35},
  number={1},
  pages={857--876},
  year={2021},
  publisher={IEEE}
}
@inproceedings{zhang2020multiplex,
  title={Multiplex graph neural networks for multi-behavior recommendation},
  author={Zhang, Weifeng and Mao, Jingwen and Cao, Yi and Xu, Congfu},
  booktitle={Proceedings of the 29th ACM international conference on information \& knowledge management},
  pages={2313--2316},
  year={2020}
}
@inproceedings{jiang2021pre,
  title={Pre-training on large-scale heterogeneous graph},
  author={Jiang, Xunqiang and Jia, Tianrui and Fang, Yuan and Shi, Chuan and Lin, Zhe and Wang, Hui},
  booktitle={Proceedings of the 27th ACM SIGKDD conference on knowledge discovery \& data mining},
  pages={756--766},
  year={2021}
}
@inproceedings{federici2020learning,
  title={Learning Robust Representations via Multi-View Information Bottleneck},
  author={Federici, Marco and Dutta, Anjan and Forr{\'e}, Patrick and Kushman, Nate and Akata, Zeynep},
  booktitle={8th International Conference on Learning Representations},
  year={2020},
}
@article{fatemi2021slaps,
  title={Slaps: Self-supervision improves structure learning for graph neural networks},
  author={Fatemi, Bahare and El Asri, Layla and Kazemi, Seyed Mehran},
  journal={Advances in Neural Information Processing Systems},
  volume={34},
  pages={22667--22681},
  year={2021}
}
@inproceedings{tosh2021contrastive,
  title={Contrastive learning, multi-view redundancy, and linear models},
  author={Tosh, Christopher and Krishnamurthy, Akshay and Hsu, Daniel},
  booktitle={Algorithmic Learning Theory},
  pages={1179--1206},
  year={2021},
  organization={PMLR}
}
@inproceedings{tsai2020self,
  title={Self-supervised Learning from a Multi-view Perspective},
  author={Tsai, Yao-Hung Hubert and Wu, Yue and Salakhutdinov, Ruslan and Morency, Louis-Philippe},
  booktitle={International Conference on Learning Representations},
  year={2020}
}
@inproceedings{ling2023dual,
  title={Dual label-guided graph refinement for multi-view graph clustering},
  author={Ling, Yawen and Chen, Jianpeng and Ren, Yazhou and Pu, Xiaorong and Xu, Jie and Zhu, Xiaofeng and He, Lifang},
  booktitle={Proceedings of the AAAI Conference on Artificial Intelligence},
  volume={37},
  number={7},
  pages={8791--8798},
  year={2023}
}
@inproceedings{maddison2016concrete,
  title={The Concrete Distribution: A Continuous Relaxation of Discrete Random Variables},
  author={Maddison, Chris J and Mnih, Andriy and Teh, Yee Whye},
  booktitle={International Conference on Learning Representations},
  year={2016}
}
@inproceedings{jang2017categorical,
  title={Categorical Reparametrization with Gumble-Softmax},
  author={Jang, Eric and Gu, Shixiang and Poole, Ben},
  booktitle={International Conference on Learning Representations (ICLR 2017)},
  year={2017},
}
@inproceedings{wang2022rethinking,
  title={Rethinking minimal sufficient representation in contrastive learning},
  author={Wang, Haoqing and Guo, Xun and Deng, Zhi-Hong and Lu, Yan},
  booktitle={Proceedings of the IEEE/CVF Conference on Computer Vision and Pattern Recognition},
  pages={16041--16050},
  year={2022}
}
@article{vincent2010stacked,
  title={Stacked denoising autoencoders: Learning useful representations in a deep network with a local denoising criterion.},
  author={Vincent, Pascal and Larochelle, Hugo and Lajoie, Isabelle and Bengio, Yoshua and Manzagol, Pierre-Antoine and Bottou, L{\'e}on},
  journal={Journal of machine learning research},
  volume={11},
  number={12},
  year={2010}
}
@inproceedings{li2023s,
  title={What's Behind the Mask: Understanding Masked Graph Modeling for Graph Autoencoders},
  author={Li, Jintang and Wu, Ruofan and Sun, Wangbin and Chen, Liang and Tian, Sheng and Zhu, Liang and Meng, Changhua and Zheng, Zibin and Wang, Weiqiang},
  booktitle={Proceedings of the 29th ACM SIGKDD Conference on Knowledge Discovery and Data Mining},
  pages={1268--1279},
  year={2023}
}
@article{liu2024towards,
  title={Towards self-interpretable graph-level anomaly detection},
  author={Liu, Yixin and Ding, Kaize and Lu, Qinghua and Li, Fuyi and Zhang, Leo Yu and Pan, Shirui},
  journal={Advances in Neural Information Processing Systems},
  volume={36},
  year={2024}
}
@article{yang2023data,
  title={Data-centric graph learning: A survey},
  author={Yang, Cheng and Bo, Deyu and Liu, Jixi and Peng, Yufei and Chen, Boyu and Dai, Haoran and Sun, Ao and Yu, Yue and Xiao, Yixin and Zhang, Qi and others},
  journal={arXiv preprint arXiv:2310.04987},
  year={2023}
}
@article{jaiswal2020survey,
  title={A survey on contrastive self-supervised learning},
  author={Jaiswal, Ashish and Babu, Ashwin Ramesh and Zadeh, Mohammad Zaki and Banerjee, Debapriya and Makedon, Fillia},
  journal={Technologies},
  volume={9},
  number={1},
  pages={2},
  year={2020},
  publisher={MDPI}
}
@inproceedings{chen2021exploring,
  title={Exploring simple siamese representation learning},
  author={Chen, Xinlei and He, Kaiming},
  booktitle={Proceedings of the IEEE/CVF conference on computer vision and pattern recognition},
  pages={15750--15758},
  year={2021}
}
@inproceedings{gao2021simcse,
  title={SimCSE: Simple Contrastive Learning of Sentence Embeddings},
  author={Gao, Tianyu and Yao, Xingcheng and Chen, Danqi},
  booktitle={2021 Conference on Empirical Methods in Natural Language Processing, EMNLP 2021},
  pages={6894--6910},
  year={2021},
  organization={Association for Computational Linguistics (ACL)}
}
@article{schneider2019wav2vec,
  title={wav2vec: Unsupervised Pre-Training for Speech Recognition},
  author={Schneider, Steffen and Baevski, Alexei and Collobert, Ronan and Auli, Michael},
  journal={Interspeech 2019},
  year={2019},
  publisher={ISCA}
}
@article{akbari2021vatt,
  title={Vatt: Transformers for multimodal self-supervised learning from raw video, audio and text},
  author={Akbari, Hassan and Yuan, Liangzhe and Qian, Rui and Chuang, Wei-Hong and Chang, Shih-Fu and Cui, Yin and Gong, Boqing},
  journal={Advances in Neural Information Processing Systems},
  volume={34},
  pages={24206--24221},
  year={2021}
}
@inproceedings{radford2021learning,
  title={Learning transferable visual models from natural language supervision},
  author={Radford, Alec and Kim, Jong Wook and Hallacy, Chris and Ramesh, Aditya and Goh, Gabriel and Agarwal, Sandhini and Sastry, Girish and Askell, Amanda and Mishkin, Pamela and Clark, Jack and others},
  booktitle={International conference on machine learning},
  pages={8748--8763},
  year={2021},
  organization={PMLR}
}
@inproceedings{lin2021completer,
  title={Completer: Incomplete multi-view clustering via contrastive prediction},
  author={Lin, Yijie and Gou, Yuanbiao and Liu, Zitao and Li, Boyun and Lv, Jiancheng and Peng, Xi},
  booktitle={Proceedings of the IEEE/CVF conference on computer vision and pattern recognition},
  pages={11174--11183},
  year={2021}
}
@inproceedings{sadikaj2023semi,
  title={Semi-Supervised Embedding of Attributed Multiplex Networks},
  author={Sadikaj, Ylli and Rass, Justus and Velaj, Yllka and Plant, Claudia},
  booktitle={Proceedings of the ACM Web Conference 2023},
  pages={578--587},
  year={2023}
}
@article{khoshraftar2024survey,
  title={A survey on graph representation learning methods},
  author={Khoshraftar, Shima and An, Aijun},
  journal={ACM Transactions on Intelligent Systems and Technology},
  volume={15},
  number={1},
  pages={1--55},
  year={2024},
  publisher={ACM New York, NY}
}
@article{liu2022multilayer,
  title={Multilayer graph contrastive clustering network},
  author={Liu, Liang and Kang, Zhao and Ruan, Jiajia and He, Xixu},
  journal={Information Sciences},
  volume={613},
  pages={256--267},
  year={2022},
  publisher={Elsevier}
}
@inproceedings{peng2023unsupervised,
  title={Unsupervised Multiplex Graph Learning with Complementary and Consistent Information},
  author={Peng, Liang and Wang, Xin and Zhu, Xiaofeng},
  booktitle={Proceedings of the 31st ACM International Conference on Multimedia},
  pages={454--462},
  year={2023}
}
@article{liu2022graph,
  title={Graph self-supervised learning: A survey},
  author={Liu, Yixin and Jin, Ming and Pan, Shirui and Zhou, Chuan and Zheng, Yu and Xia, Feng and Philip, S Yu},
  journal={IEEE Transactions on Knowledge and Data Engineering},
  volume={35},
  number={6},
  pages={5879--5900},
  year={2022},
  publisher={IEEE}
}
@inproceedings{zhao2021data,
  title={Data augmentation for graph neural networks},
  author={Zhao, Tong and Liu, Yozen and Neves, Leonardo and Woodford, Oliver and Jiang, Meng and Shah, Neil},
  booktitle={Proceedings of the AAAI conference on artificial intelligence},
  volume={35},
  number={12},
  pages={11015--11023},
  year={2021}
}
@inproceedings{zhao2021heterogeneous,
  title={Heterogeneous graph structure learning for graph neural networks},
  author={Zhao, Jianan and Wang, Xiao and Shi, Chuan and Hu, Binbin and Song, Guojie and Ye, Yanfang},
  booktitle={Proceedings of the AAAI conference on artificial intelligence},
  volume={35},
  number={5},
  pages={4697--4705},
  year={2021}
}
@article{achille2018emergence,
  title={Emergence of invariance and disentanglement in deep representations},
  author={Achille, Alessandro and Soatto, Stefano},
  journal={Journal of Machine Learning Research},
  volume={19},
  number={50},
  pages={1--34},
  year={2018}
}
@article{cui2024novel,
  title={A novel approach for effective multi-view clustering with information-theoretic perspective},
  author={Cui, Chenhang and Ren, Yazhou and Pu, Jingyu and Li, Jiawei and Pu, Xiaorong and Wu, Tianyi and Shi, Yutao and He, Lifang},
  journal={Advances in Neural Information Processing Systems},
  volume={36},
  year={2024}
}
@article{wen2024mveb,
  title={MVEB: Self-Supervised Learning With Multi-View Entropy Bottleneck},
  author={Wen, Liangjian and Wang, Xiasi and Liu, Jianzhuang and Xu, Zenglin},
  journal={IEEE Transactions on Pattern Analysis and Machine Intelligence},
  year={2024},
  publisher={IEEE}
}
@inproceedings{wenmutual,
  title={Mutual Information Gradient Estimation for Representation Learning},
  author={Wen, Liangjian and Zhou, Yiji and He, Lirong and Zhou, Mingyuan and Xu, Zenglin},
  booktitle={International Conference on Learning Representations},
year={2020}
}
@inproceedings{muandet2013domain,
  title={Domain generalization via invariant feature representation},
  author={Muandet, Krikamol and Balduzzi, David and Sch{\"o}lkopf, Bernhard},
  booktitle={International conference on machine learning},
  pages={10--18},
  year={2013},
  organization={PMLR}
}
@inproceedings{zügner2018adversarial,
title={Adversarial Attacks on Graph Neural Networks via Meta Learning},
author={Daniel Zügner and Stephan Günnemann},
booktitle={International Conference on Learning Representations},
year={2019},
}
@inproceedings{hu2020gpt,
  title={Gpt-gnn: Generative pre-training of graph neural networks},
  author={Hu, Ziniu and Dong, Yuxiao and Wang, Kuansan and Chang, Kai-Wei and Sun, Yizhou},
  booktitle={Proceedings of the 26th ACM SIGKDD international conference on knowledge discovery \& data mining},
  pages={1857--1867},
  year={2020}
}
@article{jin2020self,
  title={Self-supervised learning on graphs: Deep insights and new direction},
  author={Jin, Wei and Derr, Tyler and Liu, Haochen and Wang, Yiqi and Wang, Suhang and Liu, Zitao and Tang, Jiliang},
  journal={arXiv preprint arXiv:2006.10141},
  year={2020}
}
@inproceedings{xia2022simgrace,
  title={Simgrace: A simple framework for graph contrastive learning without data augmentation},
  author={Xia, Jun and Wu, Lirong and Chen, Jintao and Hu, Bozhen and Li, Stan Z},
  booktitle={Proceedings of the ACM Web Conference 2022},
  pages={1070--1079},
  year={2022}
}
@article{gao2020making,
  title={Making pre-trained language models better few-shot learners},
  author={Gao, Tianyu and Fisch, Adam and Chen, Danqi},
  journal={arXiv preprint arXiv:2012.15723},
  year={2020}
}
@article{zhou2022domain,
  title={Domain generalization: A survey},
  author={Zhou, Kaiyang and Liu, Ziwei and Qiao, Yu and Xiang, Tao and Loy, Chen Change},
  journal={IEEE Transactions on Pattern Analysis and Machine Intelligence},
  volume={45},
  number={4},
  pages={4396--4415},
  year={2022},
  publisher={IEEE}
}
@article{blanchard2011generalizing,
  title={Generalizing from several related classification tasks to a new unlabeled sample},
  author={Blanchard, Gilles and Lee, Gyemin and Scott, Clayton},
  journal={Advances in neural information processing systems},
  volume={24},
  year={2011}
}
@article{pandey2021domain,
  title={Domain generalization via inference-time label-preserving target projections},
  author={Pandey, Prashant and Raman, Mrigank and Varambally, Sumanth and AP, Prathosh},
  journal={arXiv preprint arXiv:2103.01134},
  year={2021}
}
@article{cha2021swad,
  title={Swad: Domain generalization by seeking flat minima},
  author={Cha, Junbum and Chun, Sanghyuk and Lee, Kyungjae and Cho, Han-Cheol and Park, Seunghyun and Lee, Yunsung and Park, Sungrae},
  journal={Advances in Neural Information Processing Systems},
  volume={34},
  pages={22405--22418},
  year={2021}
}
@inproceedings{li2018learning,
  title={Learning to generalize: Meta-learning for domain generalization},
  author={Li, Da and Yang, Yongxin and Song, Yi-Zhe and Hospedales, Timothy},
  booktitle={Proceedings of the AAAI conference on artificial intelligence},
  volume={32},
  number={1},
  year={2018}
}
@article{balaji2018metareg,
  title={Metareg: Towards domain generalization using meta-regularization},
  author={Balaji, Yogesh and Sankaranarayanan, Swami and Chellappa, Rama},
  journal={Advances in neural information processing systems},
  volume={31},
  year={2018}
}
@inproceedings{vidit2023clip,
  title={Clip the gap: A single domain generalization approach for object detection},
  author={Vidit, Vidit and Engilberge, Martin and Salzmann, Mathieu},
  booktitle={Proceedings of the IEEE/CVF conference on computer vision and pattern recognition},
  pages={3219--3229},
  year={2023}
}
@inproceedings{cheng2024disentangled,
  title={Disentangled Prompt Representation for Domain Generalization},
  author={Cheng, De and Xu, Zhipeng and Jiang, Xinyang and Wang, Nannan and Li, Dongsheng and Gao, Xinbo},
  booktitle={Proceedings of the IEEE/CVF Conference on Computer Vision and Pattern Recognition},
  pages={23595--23604},
  year={2024}
}
@article{li2022learning,
  title={Learning invariant graph representations for out-of-distribution generalization},
  author={Li, Haoyang and Zhang, Ziwei and Wang, Xin and Zhu, Wenwu},
  journal={Advances in Neural Information Processing Systems},
  volume={35},
  pages={11828--11841},
  year={2022}
}

@article{lim2021large,
  title={Large scale learning on non-homophilous graphs: New benchmarks and strong simple methods},
  author={Lim, Derek and Hohne, Felix and Li, Xiuyu and Huang, Sijia Linda and Gupta, Vaishnavi and Bhalerao, Omkar and Lim, Ser Nam},
  journal={Advances in Neural Information Processing Systems},
  volume={34},
  pages={20887--20902},
  year={2021}
}
@article{albuquerque2019generalizing,
  title={Generalizing to unseen domains via distribution matching},
  author={Albuquerque, Isabela and Monteiro, Jo{\~a}o and Darvishi, Mohammad and Falk, Tiago H and Mitliagkas, Ioannis},
  journal={arXiv preprint arXiv:1911.00804},
  year={2019}
}
@article{shen2024beyond,
  title={Beyond Redundancy: Information-aware Unsupervised Multiplex Graph Structure Learning},
  author={Shen, Zhixiang and Wang, Shuo and Kang, Zhao},
  journal={Advances in neural information processing systems},
  year={2024}
}
@inproceedings{chen2024polygcl,
  title={PolyGCL: GRAPH CONTRASTIVE LEARNING via Learnable Spectral Polynomial Filters},
  author={Chen, Jingyu and Lei, Runlin and Wei, Zhewei},
  booktitle={The Twelfth International Conference on Learning Representations},
  year={2024}
}
@inproceedings{chien2021adaptive,
title={Adaptive Universal Generalized PageRank Graph Neural Network},
author={Eli Chien and Jianhao Peng and Pan Li and Olgica Milenkovic},
booktitle={International Conference on Learning Representations},
year={2021}
}