@article{blanchard2011generalizing,
  title={Generalizing from several related classification tasks to a new unlabeled sample},
  author={Blanchard, Gilles and Lee, Gyemin and Scott, Clayton},
  journal={Advances in neural information processing systems},
  volume={24},
  year={2011}
}

@article{fang2024universal,
  title={Universal prompt tuning for graph neural networks},
  author={Fang, Taoran and Zhang, Yunchao and Yang, Yang and Wang, Chunping and Chen, Lei},
  journal={Advances in Neural Information Processing Systems},
  volume={36},
  year={2024}
}

@article{gao2020making,
  title={Making pre-trained language models better few-shot learners},
  author={Gao, Tianyu and Fisch, Adam and Chen, Danqi},
  journal={arXiv preprint arXiv:2012.15723},
  year={2020}
}

@inproceedings{hu2020gpt,
  title={Gpt-gnn: Generative pre-training of graph neural networks},
  author={Hu, Ziniu and Dong, Yuxiao and Wang, Kuansan and Chang, Kai-Wei and Sun, Yizhou},
  booktitle={Proceedings of the 26th ACM SIGKDD international conference on knowledge discovery \& data mining},
  pages={1857--1867},
  year={2020}
}

@article{jin2020self,
  title={Self-supervised learning on graphs: Deep insights and new direction},
  author={Jin, Wei and Derr, Tyler and Liu, Haochen and Wang, Yiqi and Wang, Suhang and Liu, Zitao and Tang, Jiliang},
  journal={arXiv preprint arXiv:2006.10141},
  year={2020}
}

@inproceedings{sun2022gppt,
  title={Gppt: Graph pre-training and prompt tuning to generalize graph neural networks},
  author={Sun, Mingchen and Zhou, Kaixiong and He, Xin and Wang, Ying and Wang, Xin},
  booktitle={Proceedings of the 28th ACM SIGKDD Conference on Knowledge Discovery and Data Mining},
  pages={1717--1727},
  year={2022}
}

@article{velickovic2019deep,
  title={Deep graph infomax.},
  author={Velickovic, Petar and Fedus, William and Hamilton, William L and Li{\`o}, Pietro and Bengio, Yoshua and Hjelm, R Devon},
  journal={ICLR (Poster)},
  volume={2},
  number={3},
  pages={4},
  year={2019}
}

@inproceedings{xia2022simgrace,
  title={Simgrace: A simple framework for graph contrastive learning without data augmentation},
  author={Xia, Jun and Wu, Lirong and Chen, Jintao and Hu, Bozhen and Li, Stan Z},
  booktitle={Proceedings of the ACM Web Conference 2022},
  pages={1070--1079},
  year={2022}
}

@article{you2020graph,
  title={Graph contrastive learning with augmentations},
  author={You, Yuning and Chen, Tianlong and Sui, Yongduo and Chen, Ting and Wang, Zhangyang and Shen, Yang},
  journal={Advances in neural information processing systems},
  volume={33},
  pages={5812--5823},
  year={2020}
}

@inproceedings{yu2025samgpt,
  title={SAMGPT: Text-free Graph Foundation Model for Multi-domain Pre-training and Cross-domain Adaptation},
  author={Yu, Xingtong and Gong, Zechuan and Zhou, Chang and Fang, Yuan and Zhang, Hui},
  year={2025},
  booktitle={THE WEB CONFERENCE 2025}
}

@inproceedings{zhao2024all,
  title={All in one and one for all: A simple yet effective method towards cross-domain graph pretraining},
  author={Zhao, Haihong and Chen, Aochuan and Sun, Xiangguo and Cheng, Hong and Li, Jia},
  booktitle={Proceedings of the 30th ACM SIGKDD Conference on Knowledge Discovery and Data Mining},
  pages={4443--4454},
  year={2024}
}

@article{zhou2022domain,
  title={Domain generalization: A survey},
  author={Zhou, Kaiyang and Liu, Ziwei and Qiao, Yu and Xiang, Tao and Loy, Chen Change},
  journal={IEEE Transactions on Pattern Analysis and Machine Intelligence},
  volume={45},
  number={4},
  pages={4396--4415},
  year={2022},
  publisher={IEEE}
}

