@article{jung2023essential,
  title={Essential properties and explanation effectiveness of explainable artificial intelligence in healthcare: A systematic review},
  author={Jung, Jinsun and Lee, Hyungbok and Jung, Hyunggu and Kim, Hyeoneui},
  journal={Heliyon},
  year={2023},
  publisher={Elsevier}
}
@article{chaddad2024generalizable,
  title={Generalizable and Explainable Deep Learning for Medical Image Computing: An Overview},
  author={Chaddad, Ahmad and Hu, Yan and Wu, Yihang and Wen, Binbin and Kateb, Reem},
  journal={Current Opinion in Biomedical Engineering},
  pages={100567},
  year={2024},
  publisher={Elsevier}
}
@article{mandrekar2010receiver,
  title={Receiver operating characteristic curve in diagnostic test assessment},
  author={Mandrekar, Jayawant N},
  journal={Journal of Thoracic Oncology},
  volume={5},
  number={9},
  pages={1315--1316},
  year={2010},
  publisher={Elsevier}
}
@article{vickers2006decision,
  title={Decision curve analysis: a novel method for evaluating prediction models},
  author={Vickers, Andrew J and Elkin, Elena B},
  journal={Medical Decision Making},
  volume={26},
  number={6},
  pages={565--574},
  year={2006},
  publisher={Sage Publications Sage CA: Thousand Oaks, CA}
}
@article{lundberg2017unified,
  title={A unified approach to interpreting model predictions},
  author={Lundberg, Scott M and Lee, Su-In},
  journal={Advances in neural information processing systems},
  volume={30},
  year={2017}
}

@article{reddi2019convergence,
  title={On the convergence of adam and beyond},
  author={Reddi, Sashank J and Kale, Satyen and Kumar, Sanjiv},
  journal={arXiv preprint arXiv:1904.09237},
  year={2019}
}
@inproceedings{huang2017densely,
  title={Densely connected convolutional networks},
  author={Huang, Gao and Liu, Zhuang and Van Der Maaten, Laurens and Weinberger, Kilian Q},
  booktitle={Proceedings of the IEEE conference on computer vision and pattern recognition},
  pages={4700--4708},
  year={2017}
}
@inproceedings{selvaraju2017grad,
  title={Grad-cam: Visual explanations from deep networks via gradient-based localization},
  author={Selvaraju, Ramprasaath R and Cogswell, Michael and Das, Abhishek and Vedantam, Ramakrishna and Parikh, Devi and Batra, Dhruv},
  booktitle={Proceedings of the IEEE international conference on computer vision},
  pages={618--626},
  year={2017}
}
@article{wang2021avnc,
  title={AVNC: attention-based VGG-style network for COVID-19 diagnosis by CBAM},
  author={Wang, Shui-Hua and Fernandes, Steven Lawrence and Zhu, Ziquan and Zhang, Yu-Dong},
  journal={IEEE Sensors Journal},
  volume={22},
  number={18},
  pages={17431--17438},
  year={2021},
  publisher={IEEE}
}
@article{jin2023guidelines,
  title={Guidelines and evaluation of clinical explainable AI in medical image analysis},
  author={Jin, Weina and Li, Xiaoxiao and Fatehi, Mostafa and Hamarneh, Ghassan},
  journal={Medical Image Analysis},
  volume={84},
  pages={102684},
  year={2023},
  publisher={Elsevier}
}
@article{chaddad2023federated,
 title={Federated learning for healthcare applications},
  author={Chaddad, Ahmad and Wu, Yihang and Desrosiers, Christian},
  journal={IEEE Internet of Things Journal},
  volume={11},
  number={5},
  pages={7339--7358},
  year={2024},
  publisher={IEEE}
}

@article{bhattarai2024explainable,
  title={Explainable AI-based Deep-SHAP for mapping the multivariate relationships between regional neuroimaging biomarkers and cognition},
  author={Bhattarai, Puskar and Thakuri, Deepa Singh and Nie, Yuzheng and Chand, Ganesh B},
  journal={European Journal of Radiology},
  volume={174},
  pages={111403},
  year={2024},
  publisher={Elsevier}
}
@article{chaddad2023explainable,
  title={Explainable, domain-adaptive, and federated artificial intelligence in medicine},
  author={Chaddad, Ahmad and Lu, Qizong and Li, Jiali and Katib, Yousef and Kateb, Reem and Tanougast, Camel and Bouridane, Ahmed and Abdulkadir, Ahmed},
  journal={IEEE/CAA Journal of Automatica Sinica},
  volume={10},
  number={4},
  pages={859--876},
  year={2023},
  publisher={IEEE}
}
@article{abhishek2023automated,
  title={Automated detection and classification of leukemia on a subject-independent test dataset using deep transfer learning supported by Grad-CAM visualization},
  author={Abhishek, Arjun and Jha, Rajib Kumar and Sinha, Ruchi and Jha, Kamlesh},
  journal={Biomedical Signal Processing and Control},
  volume={83},
  pages={104722},
  year={2023},
  publisher={Elsevier}
}
@misc{eyes,
    author = {Guna Venkat Doddi},
    title = {eye disease dataset},
    year = {2023},
    note = {\url{https://www.kaggle.com/datasets/gunavenkatdoddi/eye-diseases-classification}}
}
@misc{alz,
    author = {},
    title = {Augmented Alzheimer MRI Dataset},
    year = {2022},
    note = {\url{https://www.kaggle.com/datasets/uraninjo/augmented-alzheimer-mri-dataset}}
}
@misc{brain,
    title = {Brain Tumor dataset},
    howpublished = {Kaggle},
    year = {2021},
    note = {\url{https://www.kaggle.com/datasets/masoudnickparvar/brain-tumor-mri-dataset}}
}
@misc{figshare,
    title = {Figshare Brain Tumor Dataset},
    year = {2020},
    note = {\url{https://figshare.com/articles/dataset/brain_tumor_dataset/1512427}}
}
@misc{SARTAJ,
    title = {SARTAJ Brain Tumor Dataset},
    year = {2020},
    note = {\url{https://github.com/SartajBhuvaji/Brain_Tumor_Classification_Using_Deep_Learning_Algorithms}}
}

@article{hassija2024interpreting,
  title={Interpreting black-box models: a review on explainable artificial intelligence},
  author={Hassija, Vikas and Chamola, Vinay and Mahapatra, Atmesh and Singal, Abhinandan and Goel, Divyansh and Huang, Kaizhu and Scardapane, Simone and Spinelli, Indro and Mahmud, Mufti and Hussain, Amir},
  journal={Cognitive Computation},
  volume={16},
  number={1},
  pages={45--74},
  year={2024},
  publisher={Springer}
}

@article{amiri2024deep,
  title={The deep learning applications in IoT-based bio-and medical informatics: a systematic literature review},
  author={Amiri, Zahra and Heidari, Arash and Navimipour, Nima Jafari and Esmaeilpour, Mansour and Yazdani, Yalda},
  journal={Neural Computing and Applications},
  volume={36},
  number={11},
  pages={5757--5797},
  year={2024},
  publisher={Springer}
}
@article{al2024deep,
  title={Deep learning for unmanned aerial vehicles detection: A review},
  author={Al-lQubaydhi, Nader and Alenezi, Abdulrahman and Alanazi, Turki and Senyor, Abdulrahman and Alanezi, Naif and Alotaibi, Bandar and Alotaibi, Munif and Razaque, Abdul and Hariri, Salim},
  journal={Computer Science Review},
  volume={51},
  pages={100614},
  year={2024},
  publisher={Elsevier}
}

@misc{Br35HJ,
    title = {Br35H Brain Tumor Detection 2020 Dataset},
    year = {2020},
    note = {\url{https://paperswithcode.com/dataset/br35h_brain_tumor_detection_2020}}
}
@article{van2022explainable,
  title={Explainable artificial intelligence (XAI) in deep learning-based medical image analysis},
  author={Van der Velden, Bas HM and Kuijf, Hugo J and Gilhuijs, Kenneth GA and Viergever, Max A},
  journal={Medical Image Analysis},
  volume={79},
  pages={102470},
  year={2022},
  publisher={Elsevier}
}@article{wang2023scientific,
  title={Scientific discovery in the age of artificial intelligence},
  author={Wang, Hanchen and Fu, Tianfan and Du, Yuanqi and Gao, Wenhao and Huang, Kexin and Liu, Ziming and Chandak, Payal and Liu, Shengchao and Van Katwyk, Peter and Deac, Andreea and others},
  journal={Nature},
  volume={620},
  number={7972},
  pages={47--60},
  year={2023},
  publisher={Nature Publishing Group UK London}
}
@article{ben2022neural,
  title={Neural responsivity to reward versus punishment shortly after trauma predicts long-term development of posttraumatic stress symptoms},
  author={Ben-Zion, Ziv and Shany, Ofir and Admon, Roee and Keynan, Nimrod Jackob and Avisdris, Netanell and Balter, Shira Reznik and Shalev, Arieh Y and Liberzon, Israel and Hendler, Talma},
  journal={Biological psychiatry: cognitive neuroscience and neuroimaging},
  volume={7},
  number={2},
  pages={150--161},
  year={2022},
  publisher={Elsevier}
}
@article{termritthikun2023explainable,
  title={Explainable knowledge distillation for on-device chest x-ray classification},
  author={Termritthikun, Chakkrit and Umer, Ayaz and Suwanwimolkul, Suwichaya and Xia, Feng and Lee, Ivan},
  journal={IEEE/ACM Transactions on Computational Biology and Bioinformatics},
  year={2023},
  publisher={IEEE}
}
@article{lee2023distillation,
  title={Distillation for High-Quality Knowledge Extraction via Explainable Oracle Approach},
  author={Lee, MyungHak and Cho, Wooseong and Kim, Sungsik and Kim, Jinkyu and Lee, Jaekoo},
  year={2023}
}
@INPROCEEDINGS{10095109,
  author={Batic, Djordje and Tanoni, Giulia and Stankovic, Lina and Stankovic, Vladimir and Principi, Emanuele},
  booktitle={ICASSP 2023 - 2023 IEEE International Conference on Acoustics, Speech and Signal Processing (ICASSP)}, 
  title={Improving Knowledge Distillation for Non-Intrusive Load Monitoring Through Explainability Guided Learning}, 
  year={2023},
  volume={},
  number={},
  pages={1-5},
  keywords={Performance evaluation;Load monitoring;Adaptation models;Signal processing algorithms;Signal processing;Smart meters;Complexity theory;Non-Intrusive Load Monitoring;Energy Disaggregation;Knowledge Distillation;Neural Networks;XAI},
  doi={10.1109/ICASSP49357.2023.10095109}}
@article{hinton2015distilling,
  title={Distilling the knowledge in a neural network},
  author={Hinton, Geoffrey and Vinyals, Oriol and Dean, Jeff},
  journal={arXiv preprint arXiv:1503.02531},
  year={2015}
}

@inproceedings{wang2023dafkd,
  title={Dafkd: Domain-aware federated knowledge distillation},
  author={Wang, Haozhao and Li, Yichen and Xu, Wenchao and Li, Ruixuan and Zhan, Yufeng and Zeng, Zhigang},
  booktitle={Proceedings of the IEEE/CVF conference on Computer Vision and Pattern Recognition},
  pages={20412--20421},
  year={2023}
}
@inproceedings{li2023automated,
  title={Automated knowledge distillation via monte carlo tree search},
  author={Li, Lujun and Dong, Peijie and Wei, Zimian and Yang, Ya},
  booktitle={Proceedings of the IEEE/CVF International Conference on Computer Vision},
  pages={17413--17424},
  year={2023}
}

@article{wang2023ssd,
  title={Ssd-kd: A self-supervised diverse knowledge distillation method for lightweight skin lesion classification using dermoscopic images},
  author={Wang, Yongwei and Wang, Yuheng and Cai, Jiayue and Lee, Tim K and Miao, Chunyan and Wang, Z Jane},
  journal={Medical Image Analysis},
  volume={84},
  pages={102693},
  year={2023},
  publisher={Elsevier}
}
@inproceedings{xu2023constructing,
  title={Constructing deep spiking neural networks from artificial neural networks with knowledge distillation},
  author={Xu, Qi and Li, Yaxin and Shen, Jiangrong and Liu, Jian K and Tang, Huajin and Pan, Gang},
  booktitle={Proceedings of the IEEE/CVF Conference on Computer Vision and Pattern Recognition},
  pages={7886--7895},
  year={2023}
}
@inproceedings{lin2023supervised,
  title={Supervised masked knowledge distillation for few-shot transformers},
  author={Lin, Han and Han, Guangxing and Ma, Jiawei and Huang, Shiyuan and Lin, Xudong and Chang, Shih-Fu},
  booktitle={Proceedings of the IEEE/CVF Conference on Computer Vision and Pattern Recognition},
  pages={19649--19659},
  year={2023}
}
@inproceedings{yu2023data,
  title={Data-free knowledge distillation via feature exchange and activation region constraint},
  author={Yu, Shikang and Chen, Jiachen and Han, Hu and Jiang, Shuqiang},
  booktitle={Proceedings of the IEEE/CVF Conference on Computer Vision and Pattern Recognition},
  pages={24266--24275},
  year={2023}
}
@article{zeng2024distilling,
  title={Distilling object detectors with mask-guided feature and relation-based knowledge},
  author={Zeng, Liang and Ma, Liyan and Luo, Xiangfeng and Guo, Yinsai and Chen, Xue},
  journal={International Journal of Computational Science and Engineering},
  volume={27},
  number={2},
  pages={195--203},
  year={2024},
  publisher={Inderscience Publishers (IEL)}
}
@article{zhang2024knowledge,
  title={Knowledge Distillation via Token-level Relationship Graph based on the Big Data technologies},
  author={Zhang, Shuoxi and Liu, Hanpeng and He, Kun},
  journal={Big Data Research},
  pages={100438},
  year={2024},
  publisher={Elsevier}
}
@article{han2023three,
  title={A three-way classification with fuzzy decision trees},
  author={Han, Xiaoyu and Zhu, Xiubin and Pedrycz, Witold and Li, Zhiwu},
  journal={Applied Soft Computing},
  volume={132},
  pages={109788},
  year={2023},
  publisher={Elsevier}
}
@inproceedings{ahmed2023analyzing,
  title={Analyzing The Employee Turnover by Using Decision Tree Algorithm},
  author={Ahmed, Saadaldeen Rashid and Ahmed, Aso Kurdo and Jwmaa, Swran Jawamir},
  booktitle={2023 5th International Congress on Human-Computer Interaction, Optimization and Robotic Applications (HORA)},
  pages={1--4},
  year={2023},
  organization={IEEE}
}
@article{brophy2023adapting,
  title={Adapting and evaluating influence-estimation methods for gradient-boosted decision trees},
  author={Brophy, Jonathan and Hammoudeh, Zayd and Lowd, Daniel},
  journal={Journal of Machine Learning Research},
  volume={24},
  number={154},
  pages={1--48},
  year={2023}
}
@article{zheng2023adaptive,
  title={Adaptive neural decision tree for EEG based emotion recognition},
  author={Zheng, Yongqiang and Ding, Jie and Liu, Feng and Wang, Dongqing},
  journal={Information Sciences},
  volume={643},
  pages={119160},
  year={2023},
  publisher={Elsevier}
}
@inproceedings{patel2023logistic,
  title={A Logistic Regression and Decision Tree Based Hybrid Approach to Predict Alzheimer's Disease},
  author={Patel, Richa Kamleshkumar and Aggarwal, Eshant and Solanki, Kamna and Dahiya, Omdev and Yadav, Suman Avdhesh and others},
  booktitle={2023 International Conference on Computational Intelligence and Sustainable Engineering Solutions (CISES)},
  pages={722--726},
  year={2023},
  organization={IEEE}
}
@article{li2023logistic,
  title={Logistic Regression Matching Pursuit algorithm for text classification},
  author={Li, Qing and Zhao, Shuai and Zhao, Shancheng and Wen, Jinming},
  journal={Knowledge-Based Systems},
  volume={277},
  pages={110761},
  year={2023},
  publisher={Elsevier}
}

@article{raihan2023detection,
  title={Detection of the chronic kidney disease using XGBoost classifier and explaining the influence of the attributes on the model using SHAP},
  author={Raihan, Md Johir and Khan, Md Al-Masrur and Kee, Seong-Hoon and Nahid, Abdullah-Al},
  journal={Scientific Reports},
  volume={13},
  number={1},
  pages={6263},
  year={2023},
  publisher={Nature Publishing Group UK London}
}
@article{alabi2023machine,
  title={Machine learning explainability in nasopharyngeal cancer survival using LIME and SHAP},
  author={Alabi, Rasheed Omobolaji and Elmusrati, Mohammed and Leivo, Ilmo and Almangush, Alhadi and M{\"a}kitie, Antti A},
  journal={Scientific Reports},
  volume={13},
  number={1},
  pages={8984},
  year={2023},
  publisher={Nature Publishing Group UK London}
}

@article{song2023new,
  title={A new xAI framework with feature explainability for tumors decision-making in Ultrasound data: comparing with Grad-CAM},
  author={Song, Di and Yao, Jincao and Jiang, Yitao and Shi, Siyuan and Cui, Chen and Wang, Liping and Wang, Lijing and Wu, Huaiyu and Tian, Hongtian and Ye, Xiuqin and others},
  journal={Computer Methods and Programs in Biomedicine},
  volume={235},
  pages={107527},
  year={2023},
  publisher={Elsevier}
}
@article{xie2023detect,
  title={Detect, Grow, Seg: A weakly supervision method for medical image segmentation based on bounding box},
  author={Xie, Yuhan and Zhang, Zhiyong and Chen, Shaolong and Qiu, Changzhen},
  journal={Biomedical Signal Processing and Control},
  volume={86},
  pages={105158},
  year={2023},
  publisher={Elsevier}
}
@article{khan2022knowledge,
  title={Knowledge distillation approach towards melanoma detection},
  author={Khan, Md Shakib and Alam, Kazi Nabiul and Dhruba, Abdur Rab and Zunair, Hasib and Mohammed, Nabeel},
  journal={Computers in Biology and Medicine},
  volume={146},
  pages={105581},
  year={2022},
  publisher={Elsevier}
}
@article{park2022self,
  title={Self-evolving vision transformer for chest X-ray diagnosis through knowledge distillation},
  author={Park, Sangjoon and Kim, Gwanghyun and Oh, Yujin and Seo, Joon Beom and Lee, Sang Min and Kim, Jin Hwan and Moon, Sungjun and Lim, Jae-Kwang and Park, Chang Min and Ye, Jong Chul},
  journal={Nature communications},
  volume={13},
  number={1},
  pages={3848},
  year={2022},
  publisher={Nature Publishing Group UK London}
}
@article{liu2023segmentation,
  title={Segmentation with mixed supervision: Confidence maximization helps knowledge distillation},
  author={Liu, Bingyuan and Desrosiers, Christian and Ayed, Ismail Ben and Dolz, Jose},
  journal={Medical Image Analysis},
  volume={83},
  pages={102670},
  year={2023},
  publisher={Elsevier}
}
@article{elbatel2023fopro,
  title={FoPro-KD: fourier prompted effective knowledge distillation for long-tailed medical image recognition},
  author={Elbatel, Marawan and Mart{\'\i}, Robert and Li, Xiaomeng},
  journal={IEEE Transactions on Medical Imaging},
  year={2023},
  publisher={IEEE}
}
@article{zhou2024distilling,
  title={Distilling knowledge from an ensemble of vision transformers for improved classification of breast ultrasound},
  author={Zhou, George and Mosadegh, Bobak},
  journal={Academic Radiology},
  volume={31},
  number={1},
  pages={104--120},
  year={2024},
  publisher={Elsevier}
}
@inproceedings{zhang2023medkd,
  title={MEDKD: Enhancing Medical Image Classification with Multiple Expert Decoupled Knowledge Distillation for Long-Tail Data},
  author={Zhang, Fuheng and Li, Sirui and Wei, Tianyunxi and Lin, Li and Huang, Yijin and Cheng, Pujin and Tang, Xiaoying},
  booktitle={International Workshop on Machine Learning in Medical Imaging},
  pages={314--324},
  year={2023},
  organization={Springer}
}
@inproceedings{zhao2022decoupled,
  title={Decoupled knowledge distillation},
  author={Zhao, Borui and Cui, Quan and Song, Renjie and Qiu, Yiyu and Liang, Jiajun},
  booktitle={Proceedings of the IEEE/CVF Conference on computer vision and pattern recognition},
  pages={11953--11962},
  year={2022}
}
@article{zhao2023mskd,
  title={MSKD: Structured knowledge distillation for efficient medical image segmentation},
  author={Zhao, Libo and Qian, Xiaolong and Guo, Yinghui and Song, Jiaqi and Hou, Jinbao and Gong, Jun},
  journal={Computers in Biology and Medicine},
  volume={164},
  pages={107284},
  year={2023},
  publisher={Elsevier}
}
@article{samaras2023classification,
  title={Classification models for assessing coronary artery disease instances using clinical and biometric data: an explainable man-in-the-loop approach},
  author={Samaras, Agorastos-Dimitrios and Moustakidis, Serafeim and Apostolopoulos, Ioannis D and Papandrianos, Nikolaos and Papageorgiou, Elpiniki},
  journal={Scientific Reports},
  volume={13},
  number={1},
  pages={6668},
  year={2023},
  publisher={Nature Publishing Group UK London}
}
@article{dharmarathne2024novel,
  title={A novel machine learning approach for diagnosing diabetes with a self-explainable interface},
  author={Dharmarathne, Gangani and Jayasinghe, Thilini N and Bogahawaththa, Madhusha and Meddage, DPP and Rathnayake, Upaka},
  journal={Healthcare Analytics},
  volume={5},
  pages={100301},
  year={2024},
  publisher={Elsevier}
}
@article{perera2024new,
  title={A new frontier in streamflow modeling in ungauged basins with sparse data: A modified generative adversarial network with explainable AI},
  author={Perera, UAKK and Coralage, DTS and Ekanayake, IU and Alawatugoda, Janaka and Meddage, DPP},
  journal={Results in Engineering},
  volume={21},
  pages={101920},
  year={2024},
  publisher={Elsevier}
}
@article{liu2023explainable,
  title={An explainable knowledge distillation method with XGBoost for ICU mortality prediction},
  author={Liu, Mucan and Guo, Chonghui and Guo, Sijia},
  journal={Computers in Biology and Medicine},
  volume={152},
  pages={106466},
  year={2023},
  publisher={Elsevier}
}
@inproceedings{mengisti2024explainable,
  title={Explainable AI: Leaf-based medicinal plant classification using knowledge distillation},
  author={Mengisti Berihu Girmay, Samuel Obeng},
  booktitle={44. GIL-Jahrestagung, Biodiversit{\"a}t f{\"o}rdern durch digitale Landwirtschaft},
  pages={23--34},
  year={2024},
  organization={Gesellschaft f{\"u}r Informatik eV}
}
@article{li2024hybrid,
  title={A hybrid framework based on knowledge distillation for explainable disease diagnosis},
  author={Li, Xihua and Shen, Qikun},
  journal={Expert Systems with Applications},
  volume={238},
  pages={121844},
  year={2024},
  publisher={Elsevier}
}
@misc{doddi2023eye,
  author = {Guna Venkat Doddi},
  title = {Eye Diseases Classification},
  year = {2023},
  howpublished = {https://www.kaggle.com/datasets/gunavenkatdoddi/eye-diseases-classification}
}
@misc{br35h2020,
  author={Ahmed Hamada},
  title = {BR35H Brain Tumor Detection 2020},
  year = {2020},
  howpublished = {https://paperswithcode.com/dataset/br35h-brain-tumor-detection-2020}
}
@misc{BrainTumorClassification,
  author       = {Sartaj Bhuvaji},
  title        = {Brain Tumor Classification Using Deep Learning Algorithms},
  year={2020},
  howpublished = {\url{https://github.com/SartajBhuvaji/Brain-Tumor-Classification-Using-Deep-Learning-Algorithms}},
  note         = {Accessed: 2024-12-10}
}
@misc{BrainTumorDataset,
  author       = {Figshare},
  title        = {Brain Tumor Dataset},
  year={2017-04-03},
  howpublished = {\url{https://figshare.com/articles/dataset/brain_tumor_dataset/1512427}},
  note         = {Accessed: 2024-12-10}
}
@misc{AugmentedAlzheimerMRIDataset,
  author       = {Kaggle},
  title        = {Augmented Alzheimer MRI Dataset},
  year={2022},
  howpublished = {\url{https://www.kaggle.com/datasets/uraninjo/augmented-alzheimer-mri-dataset}},
  note         = {Accessed: 2024-12-10}
}
@article{gou2021knowledge,
  title={Knowledge distillation: A survey},
  author={Gou, Jianping and Yu, Baosheng and Maybank, Stephen J and Tao, Dacheng},
  journal={International Journal of Computer Vision},
  volume={129},
  number={6},
  pages={1789--1819},
  year={2021},
  publisher={Springer}
}
######
@misc{nickparvar2021brain,
  author       = {Masoud Nickparvar},
  title        = {Brain Tumor MRI Dataset},
  year         = {2021},
  publisher    = {Kaggle},
  howpublished = {\url{https://www.kaggle.com/datasets/masoudnickparvar/brain-tumor-mri-dataset}},
  note         = {Accessed: 2024-12-11},
  keywords     = {Health, Cancer, Image, Deep Learning, Multiclass Classification, Medicine, Transfer Learning}
}
@article{chaddad2023survey,
  title={Survey of explainable AI techniques in healthcare},
  author={Chaddad, Ahmad and Peng, Jihao and Xu, Jian and Bouridane, Ahmed},
  journal={Sensors},
  volume={23},
  number={2},
  pages={634},
  year={2023},
  publisher={MDPI}
}
@inproceedings{wen2023use,
  title={The Use of Explainable Artificial Intelligence in Medicine},
  author={Wen, Binbin and Chaddad, Ahmad},
  booktitle={2023 IEEE International Conference on E-health Networking, Application \& Services (Healthcom)},
  pages={251--252},
  year={2023},
  organization={IEEE}
}
