@article{abhishek2023automated,
  title={Automated detection and classification of leukemia on a subject-independent test dataset using deep transfer learning supported by Grad-CAM visualization},
  author={Abhishek, Arjun and Jha, Rajib Kumar and Sinha, Ruchi and Jha, Kamlesh},
  journal={Biomedical Signal Processing and Control},
  volume={83},
  pages={104722},
  year={2023},
  publisher={Elsevier}
}

@article{alabi2023machine,
  title={Machine learning explainability in nasopharyngeal cancer survival using LIME and SHAP},
  author={Alabi, Rasheed Omobolaji and Elmusrati, Mohammed and Leivo, Ilmo and Almangush, Alhadi and M{\"a}kitie, Antti A},
  journal={Scientific Reports},
  volume={13},
  number={1},
  pages={8984},
  year={2023},
  publisher={Nature Publishing Group UK London}
}

@article{chaddad2023survey,
  title={Survey of explainable AI techniques in healthcare},
  author={Chaddad, Ahmad and Peng, Jihao and Xu, Jian and Bouridane, Ahmed},
  journal={Sensors},
  volume={23},
  number={2},
  pages={634},
  year={2023},
  publisher={MDPI}
}

@article{gou2021knowledge,
  title={Knowledge distillation: A survey},
  author={Gou, Jianping and Yu, Baosheng and Maybank, Stephen J and Tao, Dacheng},
  journal={International Journal of Computer Vision},
  volume={129},
  number={6},
  pages={1789--1819},
  year={2021},
  publisher={Springer}
}

@article{liu2023segmentation,
  title={Segmentation with mixed supervision: Confidence maximization helps knowledge distillation},
  author={Liu, Bingyuan and Desrosiers, Christian and Ayed, Ismail Ben and Dolz, Jose},
  journal={Medical Image Analysis},
  volume={83},
  pages={102670},
  year={2023},
  publisher={Elsevier}
}

@article{park2022self,
  title={Self-evolving vision transformer for chest X-ray diagnosis through knowledge distillation},
  author={Park, Sangjoon and Kim, Gwanghyun and Oh, Yujin and Seo, Joon Beom and Lee, Sang Min and Kim, Jin Hwan and Moon, Sungjun and Lim, Jae-Kwang and Park, Chang Min and Ye, Jong Chul},
  journal={Nature communications},
  volume={13},
  number={1},
  pages={3848},
  year={2022},
  publisher={Nature Publishing Group UK London}
}

@inproceedings{patel2023logistic,
  title={A Logistic Regression and Decision Tree Based Hybrid Approach to Predict Alzheimer's Disease},
  author={Patel, Richa Kamleshkumar and Aggarwal, Eshant and Solanki, Kamna and Dahiya, Omdev and Yadav, Suman Avdhesh and others},
  booktitle={2023 International Conference on Computational Intelligence and Sustainable Engineering Solutions (CISES)},
  pages={722--726},
  year={2023},
  organization={IEEE}
}

@article{raihan2023detection,
  title={Detection of the chronic kidney disease using XGBoost classifier and explaining the influence of the attributes on the model using SHAP},
  author={Raihan, Md Johir and Khan, Md Al-Masrur and Kee, Seong-Hoon and Nahid, Abdullah-Al},
  journal={Scientific Reports},
  volume={13},
  number={1},
  pages={6263},
  year={2023},
  publisher={Nature Publishing Group UK London}
}

@article{song2023new,
  title={A new xAI framework with feature explainability for tumors decision-making in Ultrasound data: comparing with Grad-CAM},
  author={Song, Di and Yao, Jincao and Jiang, Yitao and Shi, Siyuan and Cui, Chen and Wang, Liping and Wang, Lijing and Wu, Huaiyu and Tian, Hongtian and Ye, Xiuqin and others},
  journal={Computer Methods and Programs in Biomedicine},
  volume={235},
  pages={107527},
  year={2023},
  publisher={Elsevier}
}

@article{termritthikun2023explainable,
  title={Explainable knowledge distillation for on-device chest x-ray classification},
  author={Termritthikun, Chakkrit and Umer, Ayaz and Suwanwimolkul, Suwichaya and Xia, Feng and Lee, Ivan},
  journal={IEEE/ACM Transactions on Computational Biology and Bioinformatics},
  year={2023},
  publisher={IEEE}
}

