@String(PAMI = {IEEE Trans. Pattern Anal. Mach. Intell.})
@String(IJCV = {Int. J. Comput. Vis.})
@String(CVPR= {IEEE Conf. Comput. Vis. Pattern Recog.})
@String(ICCV= {Int. Conf. Comput. Vis.})
@String(ECCV= {Eur. Conf. Comput. Vis.})
@String(NIPS= {Adv. Neural Inform. Process. Syst.})
@String(ICPR = {Int. Conf. Pattern Recog.})
@String(BMVC= {Brit. Mach. Vis. Conf.})
@String(TOG= {ACM Trans. Graph.})
@String(TIP  = {IEEE Trans. Image Process.})
@String(TVCG  = {IEEE Trans. Vis. Comput. Graph.})
@String(TMM  = {IEEE Trans. Multimedia})
@String(ACMMM= {ACM Int. Conf. Multimedia})
@String(ICME = {Int. Conf. Multimedia and Expo})
@String(ICASSP=	{ICASSP})
@String(ICIP = {IEEE Int. Conf. Image Process.})
@String(ACCV  = {ACCV})
@String(ICLR = {Int. Conf. Learn. Represent.})
@String(IJCAI = {IJCAI})
@String(PR   = {Pattern Recognition})
@String(AAAI = {AAAI})
@String(CVPRW= {IEEE Conf. Comput. Vis. Pattern Recog. Worksh.})
@String(CSVT = {IEEE Trans. Circuit Syst. Video Technol.})

@String(SPL	= {IEEE Sign. Process. Letters})
@String(VR   = {Vis. Res.})
@String(JOV	 = {J. Vis.})
@String(TVC  = {The Vis. Comput.})
@String(JCST  = {J. Comput. Sci. Tech.})
@String(CGF  = {Comput. Graph. Forum})
@String(CVM = {Computational Visual Media})


@String(PAMI  = {IEEE TPAMI})
@String(IJCV  = {IJCV})
@String(CVPR  = {CVPR})
@String(ICCV  = {ICCV})
@String(ECCV  = {ECCV})
@String(NIPS  = {NeurIPS})
@String(ICPR  = {ICPR})
@String(BMVC  =	{BMVC})
@String(TOG   = {ACM TOG})
@String(TIP   = {IEEE TIP})
@String(TVCG  = {IEEE TVCG})
@String(TCSVT = {IEEE TCSVT})
@String(TMM   =	{IEEE TMM})
@String(ACMMM = {ACM MM})
@String(ICME  =	{ICME})
@String(ICASSP=	{ICASSP})
@String(ICIP  = {ICIP})
@String(ACCV  = {ACCV})
@String(ICLR  = {ICLR})
@String(IJCAI = {IJCAI})
@String(PR = {PR})
@String(AAAI = {AAAI})
@String(CVPRW= {CVPRW})
@String(CSVT = {IEEE TCSVT})



@misc{Authors14,
 author = {FirstName LastName},
 title = {The frobnicatable foo filter},
 note = {Face and Gesture submission ID 324. Supplied as supplemental material {\tt fg324.pdf}},
 year = 2014
}

@misc{Authors14b,
 author = {FirstName LastName},
 title = {Frobnication tutorial},
 note = {Supplied as supplemental material {\tt tr.pdf}},
 year = 2014
}

@article{Alpher02,
author = {FirstName Alpher},
title = {Frobnication},
journal = PAMI,
volume = 12,
number = 1,
pages = {234--778},
year = 2002
}

@article{Alpher03,
author = {FirstName Alpher and  FirstName Fotheringham-Smythe},
title = {Frobnication revisited},
journal = {Journal of Foo},
volume = 13,
number = 1,
pages = {234--778},
year = 2003
}

@article{Alpher04,
author = {FirstName Alpher and FirstName Fotheringham-Smythe and FirstName Gamow},
title = {Can a machine frobnicate?},
journal = {Journal of Foo},
volume = 14,
number = 1,
pages = {234--778},
year = 2004
}

@inproceedings{Alpher05,
author = {FirstName Alpher and FirstName Gamow},
title = {Can a computer frobnicate?},
booktitle = CVPR,
pages = {234--778},
year = 2005
}


@Article{Lamp86,
  author =       "A.B. Smith and C.D. Jones and E.F. Roberts",
  title =        "Article Title",
  journal = 	 "Journal",
  year = 	 "1920",
  volume = 	 "62",
  pages = 	 "291-294",
  month = 	 "January"
}



@article{kemelmacher2016transfiguring,
  title={Transfiguring portraits},
  author={Kemelmacher-Shlizerman, Ira},
  journal={ACM TOG},
  volume={35},
  number={4},
  pages={1--8},
  year={2016},
  publisher={ACM New York, NY, USA}
}

@inproceedings{thies2016face2face,
  title={Face2face: Real-time face capture and reenactment of rgb videos},
  author={Thies, Justus and Zollhofer, Michael and Stamminger, Marc and Theobalt, Christian and Nie{\ss}ner, Matthias},
  booktitle={Proceedings on CVPR},
  pages={2387--2395},
  year={2016}
}

@inproceedings{koujan2020head2head,
  title={Head2head: Video-based neural head synthesis},
  author={Koujan, Mohammad Rami and Doukas, Michail Christos and Roussos, Anastasios and Zafeiriou, Stefanos},
  booktitle={FG 2020},
  pages={16--23},
  year={2020},
  organization={IEEE}
}

@inproceedings{nirkin2019fsgan,
  title={Fsgan: Subject agnostic face swapping and reenactment},
  author={Nirkin, Yuval and Keller, Yosi and Hassner, Tal},
  booktitle={ICCV},
  pages={7184--7193},
  year={2019}
}

@inproceedings{pumarola2018ganimation,
  title={Ganimation: Anatomically-aware facial animation from a single image},
  author={Pumarola, Albert and Agudo, Antonio and Martinez, Aleix M and Sanfeliu, Alberto and Moreno-Noguer, Francesc},
  booktitle={ECCV},
  year={2018}
}

@inproceedings{wu2018reenactgan,
  title={Reenactgan: Learning to reenact faces via boundary transfer},
  author={Wu, Wayne and Zhang, Yunxuan and Li, Cheng and Qian, Chen and Loy, Chen Change},
  booktitle={ECCV},
  pages={603--619},
  year={2018}
}

@article{natsume2018rsgan,
  title={Rsgan: face swapping and editing using face and hair representation in latent spaces},
  author={Natsume, Ryota and Yatagawa, Tatsuya and Morishima, Shigeo},
  journal={arXiv preprint arXiv:1804.03447},
  year={2018}
}

@article{tolosana2020deepfakes,
  title={Deepfakes and beyond: A survey of face manipulation and fake detection},
  author={Tolosana, Ruben and Vera-Rodriguez, Ruben and Fierrez, Julian and Morales, Aythami and Ortega-Garcia, Javier},
  journal={Information Fusion},
  volume={64},
  pages={131--148},
  year={2020},
  publisher={Elsevier}
}


@article{song2020denoising,
  title={Denoising diffusion implicit models},
  author={Song, Jiaming and Meng, Chenlin and Ermon, Stefano},
  journal={arXiv preprint arXiv:2010.02502},
  year={2020}
}

@article{song2019generative,
  title={Generative modeling by estimating gradients of the data distribution},
  author={Song, Yang and Ermon, Stefano},
  journal={NIPS},
  volume={32},
  year={2019}
}

@article{akhtar2018threat,
  title={Threat of adversarial attacks on deep learning in computer vision: A survey},
  author={Akhtar, Naveed and Mian, Ajmal},
  journal={Ieee Access},
  volume={6},
  pages={14410--14430},
  year={2018},
  publisher={IEEE}
}

@article{yang2022diffusion,
  title={Diffusion models: A comprehensive survey of methods and applications},
  author={Yang, Ling and Zhang, Zhilong and Song, Yang and Hong, Shenda and Xu, Runsheng and Zhao, Yue and Shao, Yingxia and Zhang, Wentao and Cui, Bin and Yang, Ming-Hsuan},
  journal={arXiv preprint arXiv:2209.00796},
  year={2022}
}

@article{ruiz2022dreambooth,
  title={Dreambooth: Fine tuning text-to-image diffusion models for subject-driven generation},
  author={Ruiz, Nataniel and Li, Yuanzhen and Jampani, Varun and Pritch, Yael and Rubinstein, Michael and Aberman, Kfir},
  journal={arXiv preprint arXiv:2208.12242},
  year={2022}
}

@article{radford2015unsupervised,
  title={Unsupervised representation learning with deep convolutional generative adversarial networks},
  author={Radford, Alec and Metz, Luke and Chintala, Soumith},
  journal={arXiv preprint arXiv:1511.06434},
  year={2015}
}

@article{li2021textbox,
  title={Textbox: A unified, modularized, and extensible framework for text generation},
  author={Li, Junyi and Tang, Tianyi and He, Gaole and Jiang, Jinhao and Hu, Xiaoxuan and Xie, Puzhao and Chen, Zhipeng and Yu, Zhuohao and Zhao, Wayne Xin and Wen, Ji-Rong},
  journal={arXiv preprint arXiv:2101.02046},
  year={2021}
}

@article{nagano2018pagan,
  title={paGAN: real-time avatars using dynamic textures.},
  author={Nagano, Koki and Seo, Jaewoo and Xing, Jun and Wei, Lingyu and Li, Zimo and Saito, Shunsuke and Agarwal, Aviral and Fursund, Jens and Li, Hao and Roberts, Richard and others},
  journal={ACM Trans. Graph.},
  volume={37},
  number={6},
  pages={258--1},
  year={2018}
}

@article{dhariwal2021diffusion,
  title={Diffusion models beat gans on image synthesis},
  author={Dhariwal, Prafulla and Nichol, Alexander},
  journal={NIPS},
  volume={34},
  pages={8780--8794},
  year={2021}
}



@inproceedings{siarohin2021motion,
  title={Motion-supervised co-part segmentation},
  author={Siarohin, Aliaksandr and Roy, Subhankar and Lathuili{\`e}re, St{\'e}phane and Tulyakov, Sergey and Ricci, Elisa and Sebe, Nicu},
  booktitle={2020 25th International Conference on Pattern Recognition (ICPR)},
  pages={9650--9657},
  year={2021},
  organization={IEEE}
}

@incollection{spall2012stochastic,
  title={Stochastic optimization},
  author={Spall, James C},
  booktitle={Handbook of computational statistics},
  pages={173--201},
  year={2012},
  publisher={Springer}
}


@article{wu2021watermarking,
  title={Watermarking Neural Networks with Watermarked Images},
  author={Wu, Hanzhou and Liu, Gen and Yao, Yuwei and Zhang, Xinpeng},
  journal={IEEE Transactions on Circuits and Systems for Video Technology},
  volume={31},
  number={7},
  pages={2591--2605},
  year={2021},
  publisher={IEEE}
}

@article{liu2018blind,
  title={Blind Dual Watermarking for Color Imagesâ€™ Authentication and Copyright Protection},
  author={Liu, Xiao-Long and Lin, Chia-Chen and Yuan, Shyan-Ming},
  journal={IEEE Transactions on Circuits and Systems for Video Technology},
  volume={28},
  number={5},
  pages={1047--1061},
  year={2018},
  publisher={IEEE}
}

@article{zong2015histogram,
  title={Robust Histogram Shape-Based Method for Image Watermarking},
  author={Zong, Tianrui and Xiang, Yong and Natgunanathan, Iynkaran and Guo, Song and Zhou, Wanlei and Beliakov, Gleb},
  journal={IEEE Transactions on Circuits and Systems for Video Technology},
  volume={25},
  number={5},
  pages={717--729},
  year={2015},
  publisher={IEEE}
}

@article{wang2024template,
  title={Robust Image Watermarking with Synchronization Using Template Enhanced-Extracted Network},
  author={Wang, Ke and Wu, Shaowu and Yin, Xiaolin and Lu, Wei and Luo, Xiangyang and Yang, Rui},
  journal={IEEE Transactions on Circuits and Systems for Video Technology},
  year={2024},
  publisher={IEEE}
}

@article{huang2023texture,
  title={Robust Texture-Aware Local Adaptive Image Watermarking With Perceptual Guarantee},
  author={Huang, Ying and Guan, Hu and Liu, Jie and Zhang, Shuwu and Niu, Baoning and Zhang, Guixuan},
  journal={IEEE Transactions on Circuits and Systems for Video Technology},
  volume={33},
  number={9},
  pages={4660--4674},
  year={2023},
  publisher={IEEE}
}



@inproceedings{karras2019style,
  title={A style-based generator architecture for generative adversarial networks},
  author={Karras, Tero and Laine, Samuli and Aila, Timo},
  booktitle={CVPR},
  pages={4401--4410},
  year={2019}
}

@article{karras2017progressive,
  title={Progressive growing of gans for improved quality, stability, and variation},
  author={Karras, Tero and Aila, Timo and Laine, Samuli and Lehtinen, Jaakko},
  journal={arXiv preprint arXiv:1710.10196},
  year={2017}
}

@inproceedings{ronneberger2015u,
  title={U-net: Convolutional networks for biomedical image segmentation},
  author={Ronneberger, Olaf and Fischer, Philipp and Brox, Thomas},
  booktitle={MICCAI},
  pages={234--241},
  year={2015},
  organization={Springer}
}

@article{cao2022survey,
  title={A survey on generative diffusion model},
  author={Cao, Hanqun and Tan, Cheng and Gao, Zhangyang and Chen, Guangyong and Heng, Pheng-Ann and Li, Stan Z},
  journal={arXiv preprint arXiv:2209.02646},
  year={2022}
}

@article{kingma2019introduction,
  title={An introduction to variational autoencoders},
  author={Kingma, Diederik P and Welling, Max and others},
  journal={Foundations and Trends{\textregistered} in Machine Learning},
  volume={12},
  number={4},
  pages={307--392},
  year={2019},
  publisher={Now Publishers, Inc.}
}


@article{ho2020denoising,
  title={Denoising diffusion probabilistic models},
  author={Ho, Jonathan and Jain, Ajay and Abbeel, Pieter},
  journal={NIPS},
  volume={33},
  pages={6840--6851},
  year={2020}
}

@article{mirsky2021creation,
  title={The creation and detection of deepfakes: A survey},
  author={Mirsky, Yisroel and Lee, Wenke},
  journal={ACM Computing Surveys (CSUR)},
  volume={54},
  number={1},
  pages={1--41},
  year={2021},
  publisher={ACM New York, NY, USA}
}

@article{jamaludin2019you,
  title={You said that?: Synthesising talking faces from audio},
  author={Jamaludin, Amir and Chung, Joon Son and Zisserman, Andrew},
  journal={International Journal of Computer Vision},
  volume={127},
  pages={1767--1779},
  year={2019},
  publisher={Springer}
}

@inproceedings{korshunova2017fast,
  title={Fast face-swap using convolutional neural networks},
  author={Korshunova, Iryna and Shi, Wenzhe and Dambre, Joni and Theis, Lucas},
  booktitle={Proceedings of the IEEE international conference on computer vision},
  pages={3677--3685},
  year={2017}
}

@inproceedings{yu2019attributing,
  title={Attributing fake images to gans: Learning and analyzing gan fingerprints},
  author={Yu, Ning and Davis, Larry S and Fritz, Mario},
  booktitle={Proceedings of the IEEE/CVF international conference on computer vision},
  pages={7556--7566},
  year={2019}
}

@article{bracewell1989fourier,
  title={The fourier transform},
  author={Bracewell, Ronald N},
  journal={Scientific American},
  volume={260},
  number={6},
  pages={86--95},
  year={1989},
  publisher={JSTOR}
}



@article{creswell2018generative,
  title={Generative adversarial networks: An overview},
  author={Creswell, Antonia and White, Tom and Dumoulin, Vincent and Arulkumaran, Kai and Sengupta, Biswa and Bharath, Anil A},
  journal={IEEE signal processing magazine},
  volume={35},
  number={1},
  pages={53--65},
  year={2018},
  publisher={IEEE}
}

@article{goodfellow2020generative,
  title={Generative adversarial networks},
  author={Goodfellow, Ian and Pouget-Abadie, Jean and Mirza, Mehdi and Xu, Bing and Warde-Farley, David and Ozair, Sherjil and Courville, Aaron and Bengio, Yoshua},
  journal={Communications of the ACM},
  volume={63},
  number={11},
  pages={139--144},
  year={2020},
  publisher={ACM New York, NY, USA}
}

@article{suwajanakorn2017synthesizing,
  title={Synthesizing obama: learning lip sync from audio},
  author={Suwajanakorn, Supasorn and Seitz, Steven M and Kemelmacher-Shlizerman, Ira},
  journal={ACM Transactions on Graphics (ToG)},
  volume={36},
  number={4},
  pages={1--13},
  year={2017},
  publisher={ACM New York, NY, USA}
}

@article{bitesizedeepfakes,
  title={Deepfakes: what are they and why would i make one?},
  author={Bitesize, BBC},
  year={2019},
  journal={URL https://www. bbc. co. uk/bitesize/articles/zfkwcqt}
}

@inproceedings{matern2019exploiting,
  title={Exploiting visual artifacts to expose deepfakes and face manipulations},
  author={Matern, Falko and Riess, Christian and Stamminger, Marc},
  booktitle={2019 IEEE Winter Applications of Computer Vision Workshops (WACVW)},
  pages={83--92},
  year={2019},
  organization={IEEE}
}

@inproceedings{rossler2019faceforensics++,
  title={Faceforensics++: Learning to detect manipulated facial images},
  author={Rossler, Andreas and Cozzolino, Davide and Verdoliva, Luisa and Riess, Christian and Thies, Justus and Nie{\ss}ner, Matthias},
  booktitle={Proceedings of the IEEE/CVF international conference on computer vision},
  pages={1--11},
  year={2019}
}

@inproceedings{li2020face,
  title={Face x-ray for more general face forgery detection},
  author={Li, Lingzhi and Bao, Jianmin and Zhang, Ting and Yang, Hao and Chen, Dong and Wen, Fang and Guo, Baining},
  booktitle={Proceedings of the IEEE/CVF conference on computer vision and pattern recognition},
  pages={5001--5010},
  year={2020}
}

@inproceedings{li2018ictu,
  title={In ictu oculi: Exposing ai created fake videos by detecting eye blinking},
  author={Li, Yuezun and Chang, Ming-Ching and Lyu, Siwei},
  booktitle={2018 IEEE International workshop on information forensics and security (WIFS)},
  pages={1--7},
  year={2018},
  organization={IEEE}
}

@inproceedings{masi2020two,
  title={Two-branch recurrent network for isolating deepfakes in videos},
  author={Masi, Iacopo and Killekar, Aditya and Mascarenhas, Royston Marian and Gurudatt, Shenoy Pratik and AbdAlmageed, Wael},
  booktitle={European conference on computer vision},
  pages={667--684},
  year={2020},
  organization={Springer}
}

@inproceedings{wu2020sstnet,
  title={Sstnet: Detecting manipulated faces through spatial, steganalysis and temporal features},
  author={Wu, Xi and Xie, Zhen and Gao, YuTao and Xiao, Yu},
  booktitle={ICASSP 2020-2020 IEEE International Conference on Acoustics, Speech and Signal Processing (ICASSP)},
  pages={2952--2956},
  year={2020},
  organization={IEEE}
}

@inproceedings{zhao2021multi,
  title={Multi-attentional deepfake detection},
  author={Zhao, Hanqing and Zhou, Wenbo and Chen, Dongdong and Wei, Tianyi and Zhang, Weiming and Yu, Nenghai},
  booktitle={Proceedings of the IEEE/CVF conference on computer vision and pattern recognition},
  pages={2185--2194},
  year={2021}
}

@article{o2015introduction,
  title={An introduction to convolutional neural networks},
  author={O'Shea, Keiron and Nash, Ryan},
  journal={arXiv preprint arXiv:1511.08458},
  year={2015}
}

@ARTICLE{6795963,
  author={Hochreiter, Sepp and Schmidhuber, JÃ¼rgen},
  journal={Neural Computation}, 
  title={Long Short-Term Memory}, 
  year={1997},
  volume={9},
  number={8},
  pages={1735-1780},
  doi={10.1162/neco.1997.9.8.1735}}
  
@InProceedings{Donahue_2015_CVPR,
author = {Donahue, Jeffrey and Anne Hendricks, Lisa and Guadarrama, Sergio and Rohrbach, Marcus and Venugopalan, Subhashini and Saenko, Kate and Darrell, Trevor},
title = {Long-Term Recurrent Convolutional Networks for Visual Recognition and Description},
booktitle = {Proceedings of the IEEE Conference on Computer Vision and Pattern Recognition (CVPR)},
month = {June},
year = {2015}
}

@inproceedings{li2021exposing,
  title={Exposing Deepfake Videos by Tracking Eye Movements},
  author={Li, Meng and Liu, Beibei and Hu, Yongjian and Wang, Yufei},
  booktitle={2020 25th International Conference on Pattern Recognition (ICPR)},
  pages={5184--5189},
  year={2021},
  organization={IEEE}
}

@inproceedings{malik2019towards,
  title={Towards vulnerability analysis of voice-driven interfaces and countermeasures for replay attacks},
  author={Malik, Khalid Mahmood and Malik, Hafiz and Baumann, Roland},
  booktitle={2019 IEEE Conference on Multimedia Information Processing and Retrieval (MIPR)},
  pages={523--528},
  year={2019},
  organization={IEEE}
}

@article{harwell2019artificial,
  title={An artificial-intelligence first: voice-mimicking software reportedly used in a major theft},
  author={Harwell, Drew},
  journal={Washington Post},
  volume={4},
  year={2019}
}



@article{dolhansky2020deepfake,
  title={The deepfake detection challenge (dfdc) dataset},
  author={Dolhansky, Brian and Bitton, Joanna and Pflaum, Ben and Lu, Jikuo and Howes, Russ and Wang, Menglin and Ferrer, Cristian Canton},
  journal={arXiv preprint arXiv:2006.07397},
  year={2020}
}

@article{sun2019optimizing,
  title={Optimizing network performance for distributed dnn training on gpu clusters: Imagenet/alexnet training in 1.5 minutes},
  author={Sun, Peng and Feng, Wansen and Han, Ruobing and Yan, Shengen and Wen, Yonggang},
  journal={arXiv preprint arXiv:1902.06855},
  year={2019}
}

@inproceedings{zhang2013deformable,
  title={Deformable part descriptors for fine-grained recognition and attribute prediction},
  author={Zhang, Ning and Farrell, Ryan and Iandola, Forrest and Darrell, Trevor},
  booktitle={Proceedings of the IEEE International Conference on Computer Vision},
  pages={729--736},
  year={2013}
}

@inproceedings{zhang2014part,
  title={Part-based R-CNNs for fine-grained category detection},
  author={Zhang, Ning and Donahue, Jeff and Girshick, Ross and Darrell, Trevor},
  booktitle={European conference on computer vision},
  pages={834--849},
  year={2014},
  organization={Springer}
}

@inproceedings{girshick2014rich,
  title={Rich feature hierarchies for accurate object detection and semantic segmentation},
  author={Girshick, Ross and Donahue, Jeff and Darrell, Trevor and Malik, Jitendra},
  booktitle={Proceedings of the IEEE conference on computer vision and pattern recognition},
  pages={580--587},
  year={2014}
}

@inproceedings{simon2015neural,
  title={Neural activation constellations: Unsupervised part model discovery with convolutional networks},
  author={Simon, Marcel and Rodner, Erik},
  booktitle={Proceedings of the IEEE international conference on computer vision},
  pages={1143--1151},
  year={2015}
}

@inproceedings{fu2017look,
  title={Look closer to see better: Recurrent attention convolutional neural network for fine-grained image recognition},
  author={Fu, Jianlong and Zheng, Heliang and Mei, Tao},
  booktitle={Proceedings of the IEEE conference on computer vision and pattern recognition},
  pages={4438--4446},
  year={2017}
}
@inproceedings{zheng2017learning,
  title={Learning multi-attention convolutional neural network for fine-grained image recognition},
  author={Zheng, Heliang and Fu, Jianlong and Mei, Tao and Luo, Jiebo},
  booktitle={Proceedings of the IEEE international conference on computer vision},
  pages={5209--5217},
  year={2017}
}

@article{cozzolino2018forensictransfer,
  title={Forensictransfer: Weakly-supervised domain adaptation for forgery detection},
  author={Cozzolino, Davide and Thies, Justus and R{\"o}ssler, Andreas and Riess, Christian and Nie{\ss}ner, Matthias and Verdoliva, Luisa},
  journal={arXiv preprint arXiv:1812.02510},
  year={2018}
}

@InProceedings{Fu_2017_CVPR,
author = {Fu, Jianlong and Zheng, Heliang and Mei, Tao},
title = {Look Closer to See Better: Recurrent Attention Convolutional Neural Network for Fine-Grained Image Recognition},
booktitle = {Proceedings of the IEEE Conference on Computer Vision and Pattern Recognition (CVPR)},
month = {July},
year = {2017}
}

@InProceedings{Chen_2017_CVPR,
author = {Chen, Long and Zhang, Hanwang and Xiao, Jun and Nie, Liqiang and Shao, Jian and Liu, Wei and Chua, Tat-Seng},
title = {SCA-CNN: Spatial and Channel-Wise Attention in Convolutional Networks for Image Captioning},
booktitle = {Proceedings of the IEEE Conference on Computer Vision and Pattern Recognition (CVPR)},
month = {July},
year = {2017}
}

@inproceedings{bayar2016deep,
  title={A deep learning approach to universal image manipulation detection using a new convolutional layer},
  author={Bayar, Belhassen and Stamm, Matthew C},
  booktitle={Proceedings of the 4th ACM workshop on information hiding and multimedia security},
  pages={5--10},
  year={2016}
}

@ARTICLE{6786458,
  author={Cambria, Erik and White, Bebo},
  journal={IEEE Computational Intelligence Magazine}, 
  title={Jumping NLP Curves: A Review of Natural Language Processing Research [Review Article]}, 
  year={2014},
  volume={9},
  number={2},
  pages={48-57},
  doi={10.1109/MCI.2014.2307227}}
  
  @InProceedings{Arnab_2021_ICCV,
    author    = {Arnab, Anurag and Dehghani, Mostafa and Heigold, Georg and Sun, Chen and Lu\v{c}i\'c, Mario and Schmid, Cordelia},
    title     = {ViViT: A Video Vision Transformer},
    booktitle = {Proceedings of the IEEE/CVF International Conference on Computer Vision (ICCV)},
    month     = {October},
    year      = {2021},
    pages     = {6836-6846}
}

@article{shaw2018self,
  title={Self-attention with relative position representations},
  author={Shaw, Peter and Uszkoreit, Jakob and Vaswani, Ashish},
  journal={arXiv preprint arXiv:1803.02155},
  year={2018}
}

@InProceedings{He_2016_CVPR,
author = {He, Kaiming and Zhang, Xiangyu and Ren, Shaoqing and Sun, Jian},
title = {Deep Residual Learning for Image Recognition},
booktitle = {Proceedings of the IEEE Conference on Computer Vision and Pattern Recognition (CVPR)},
month = {June},
year = {2016}
}

@InProceedings{Huang_2017_CVPR,
author = {Huang, Gao and Liu, Zhuang and van der Maaten, Laurens and Weinberger, Kilian Q.},
title = {Densely Connected Convolutional Networks},
booktitle = {Proceedings of the IEEE Conference on Computer Vision and Pattern Recognition (CVPR)},
month = {July},
year = {2017}
}

@inproceedings{chollet2017xception,
  title={Xception: Deep learning with depthwise separable convolutions},
  author={Chollet, Fran{\c{c}}ois},
  booktitle={Proceedings of the IEEE conference on computer vision and pattern recognition},
  pages={1251--1258},
  year={2017}
}

@inproceedings{he2016deep,
  title={Deep residual learning for image recognition},
  author={He, Kaiming and Zhang, Xiangyu and Ren, Shaoqing and Sun, Jian},
  booktitle={Proceedings of the IEEE conference on computer vision and pattern recognition},
  pages={770--778},
  year={2016}
}

@inproceedings{nguyen2019capsule,
  title={Capsule-forensics: Using capsule networks to detect forged images and videos},
  author={Nguyen, Huy H and Yamagishi, Junichi and Echizen, Isao},
  booktitle={ICASSP 2019-2019 IEEE International Conference on Acoustics, Speech and Signal Processing (ICASSP)},
  pages={2307--2311},
  year={2019},
  organization={IEEE}
}

@inproceedings{tran2015learning,
  title={Learning spatiotemporal features with 3d convolutional networks},
  author={Tran, Du and Bourdev, Lubomir and Fergus, Rob and Torresani, Lorenzo and Paluri, Manohar},
  booktitle={Proceedings of the IEEE international conference on computer vision},
  pages={4489--4497},
  year={2015}
}

@inproceedings{nguyen2019multi,
  title={Multi-task learning for detecting and segmenting manipulated facial images and videos},
  author={Nguyen, Huy H and Fang, Fuming and Yamagishi, Junichi and Echizen, Isao},
  booktitle={2019 IEEE 10th International Conference on Biometrics Theory, Applications and Systems (BTAS)},
  pages={1--8},
  year={2019},
  organization={IEEE}
}

@inproceedings{afchar2018mesonet,
  title={Mesonet: a compact facial video forgery detection network},
  author={Afchar, Darius and Nozick, Vincent and Yamagishi, Junichi and Echizen, Isao},
  booktitle={2018 IEEE international workshop on information forensics and security (WIFS)},
  pages={1--7},
  year={2018},
  organization={IEEE}
}


@inproceedings{sohl2015deep,
  title={Deep unsupervised learning using nonequilibrium thermodynamics},
  author={Sohl-Dickstein, Jascha and Weiss, Eric and Maheswaranathan, Niru and Ganguli, Surya},
  booktitle={ICML},
  pages={2256--2265},
  year={2015},
  organization={PMLR}
}

@inproceedings{li2019exposing,
  title={Exposing DeepFake Videos By Detecting Face Warping Artifacts},
  author={Li, Yuezun and Lyu, Siwei},
  booktitle={IEEE Conference on Computer Vision and Pattern Recognition Workshops (CVPRW)},
  year={2019}
}

@article{li2018exposing,
  title={Exposing deepfake videos by detecting face warping artifacts},
  author={Li, Yuezun and Lyu, Siwei},
  journal={arXiv preprint arXiv:1811.00656},
  year={2018}
}

@inproceedings{coccomini2022combining,
  title={Combining efficientnet and vision transformers for video deepfake detection},
  author={Coccomini, Davide Alessandro and Messina, Nicola and Gennaro, Claudio and Falchi, Fabrizio},
  booktitle={International Conference on Image Analysis and Processing},
  pages={219--229},
  year={2022},
  organization={Springer}
}

@article{heo2021deepfake,
  title={Deepfake detection scheme based on vision transformer and distillation},
  author={Heo, Young-Jin and Choi, Young-Ju and Lee, Young-Woon and Kim, Byung-Gyu},
  journal={arXiv preprint arXiv:2104.01353},
  year={2021}
}

@inproceedings{gu2021spatiotemporal,
  title={Spatiotemporal inconsistency learning for deepfake video detection},
  author={Gu, Zhihao and Chen, Yang and Yao, Taiping and Ding, Shouhong and Li, Jilin and Huang, Feiyue and Ma, Lizhuang},
  booktitle={Proceedings of the 29th ACM International Conference on Multimedia},
  pages={3473--3481},
  year={2021}
}

@article{horn1981determining,
  title={Determining optical flow},
  author={Horn, Berthold KP and Schunck, Brian G},
  journal={Artificial intelligence},
  volume={17},
  number={1-3},
  pages={185--203},
  year={1981},
  publisher={Elsevier}
}

@inproceedings{yang2019exposing,
  title={Exposing deep fakes using inconsistent head poses},
  author={Yang, Xin and Li, Yuezun and Lyu, Siwei},
  booktitle={ICASSP 2019-2019 IEEE International Conference on Acoustics, Speech and Signal Processing (ICASSP)},
  pages={8261--8265},
  year={2019},
  organization={IEEE}
}

@inproceedings{liy2018exposingaicreated,
  title={ExposingAICreated FakeVideosbyDetectingEyeBlinking},
  author={LIY, CHANG M and InIctuOculi, LYUS},
  booktitle={2018IEEEInterG national Workshop on Information Forensics and Security (WIFS). IEEE},
  year={2018}
}

@article{king2009dlib,
  title={Dlib-ml: A machine learning toolkit},
  author={King, Davis E},
  journal={The Journal of Machine Learning Research},
  volume={10},
  pages={1755--1758},
  year={2009},
  publisher={JMLR. org}
}

@article{jiang2021all,
  title={All tokens matter: Token labeling for training better vision transformers},
  author={Jiang, Zi-Hang and Hou, Qibin and Yuan, Li and Zhou, Daquan and Shi, Yujun and Jin, Xiaojie and Wang, Anran and Feng, Jiashi},
  journal={Advances in Neural Information Processing Systems},
  volume={34},
  pages={18590--18602},
  year={2021}
}

@article{westerlund2019emergence,
  title={The emergence of deepfake technology: A review},
  author={Westerlund, Mika},
  journal={TIM Review},
  volume={9},
  number={11},
  year={2019}
}

@article{roettgers2018porn,
  title={Porn Producers Offer to Help Hollywood Take Down Deepfake Videos},
  author={Roettgers, Janko},
  journal={Variety. February},
  volume={21},
  year={2018}
}

@article{vaswani2017attention,
  title={Attention is all you need},
  author={Vaswani, Ashish and Shazeer, Noam and Parmar, Niki and Uszkoreit, Jakob and Jones, Llion and Gomez, Aidan N and Kaiser, {\L}ukasz and Polosukhin, Illia},
  journal={Advances in neural information processing systems},
  volume={30},
  year={2017}
}

@inproceedings{song2020efficient,
  title={Efficient residual dense block search for image super-resolution},
  author={Song, Dehua and Xu, Chang and Jia, Xu and Chen, Yiyi and Xu, Chunjing and Wang, Yunhe},
  booktitle={Proceedings of the AAAI Conference on Artificial Intelligence},
  volume={34},
  pages={12007--12014},
  year={2020}
}

@article{lu2021detection,
  title={Detection of deepfake videos using long distance attention},
  author={Lu, Wei and Liu, Lingyi and Luo, Junwei and Zhao, Xianfeng and Zhou, Yicong and Huang, Jiwu},
  journal={arXiv preprint arXiv:2106.12832},
  year={2021}
}



@article{hu2019see,
  title={See better before looking closer: Weakly supervised data augmentation network for fine-grained visual classification},
  author={Hu, Tao and Qi, Honggang and Huang, Qingming and Lu, Yan},
  journal={arXiv preprint arXiv:1901.09891},
  year={2019}
}

@inproceedings{hu2018squeeze,
  title={Squeeze-and-excitation networks},
  author={Hu, Jie and Shen, Li and Sun, Gang},
  booktitle={Proceedings of the IEEE conference on computer vision and pattern recognition},
  pages={7132--7141},
  year={2018}
}


@inproceedings{tan2019efficientnet,
  title={Efficientnet: Rethinking model scaling for convolutional neural networks},
  author={Tan, Mingxing and Le, Quoc},
  booktitle={International conference on machine learning},
  pages={6105--6114},
  year={2019},
  organization={PMLR}
}

@inproceedings{githug,
title={GitHub Merge: [Safety Checker] Add Safety Checker
Module.},
  author={P. von Platen.},
  booktitle={https://github.com/CompVis/stable-diffusion/commit/
d0c714ae4afa1c011269a956d6f260f84f77025e},
  pages={6105--6114},
  year={2020},
}



@inproceedings{rombach2022high,
  title={High-resolution image synthesis with latent diffusion models},
  author={Rombach, Robin and Blattmann, Andreas and Lorenz, Dominik and Esser, Patrick and Ommer, Bj{\"o}rn},
  booktitle={CVPR},
  pages={10684--10695},
  year={2022}
}


@INPROCEEDINGS{10034609,
  author={Chen, Yunzhuo and Akhtar, Naveed and Haldar, Nur Al Hasan and Mian, Ajmal},
  booktitle={2022 International Conference on Digital Image Computing: Techniques and Applications (DICTA)}, 
  title={Deepfake Detection with Spatio-Temporal Consistency and Attention}, 
  year={2022},
  volume={},
  number={},
  pages={1-8},
  doi={10.1109/DICTA56598.2022.10034609}}


@article{wijmans1995solution,
  title={The solution-diffusion model: a review},
  author={Wijmans, Johannes G and Baker, Richard W},
  journal={Journal of membrane science},
  volume={107},
  number={1-2},
  pages={1--21},
  year={1995},
  publisher={Elsevier}
}

@inproceedings{saharia2022palette,
  title={Palette: Image-to-image diffusion models},
  author={Saharia, Chitwan and Chan, William and Chang, Huiwen and Lee, Chris and Ho, Jonathan and Salimans, Tim and Fleet, David and Norouzi, Mohammad},
  booktitle={ACM SIGGRAPH 2022 Conference Proceedings},
  pages={1--10},
  year={2022}
}

@article{ho2022cascaded,
  title={Cascaded diffusion models for high fidelity image generation},
  author={Ho, Jonathan and Saharia, Chitwan and Chan, William and Fleet, David J and Norouzi, Mohammad and Salimans, Tim},
  journal={The Journal of Machine Learning Research},
  volume={23},
  number={1},
  pages={2249--2281},
  year={2022},
  publisher={JMLRORG}
}


@inproceedings{gu2022vector,
  title={Vector quantized diffusion model for text-to-image synthesis},
  author={Gu, Shuyang and Chen, Dong and Bao, Jianmin and Wen, Fang and Zhang, Bo and Chen, Dongdong and Yuan, Lu and Guo, Baining},
  booktitle={Proceedings of the IEEE/CVF Conference on Computer Vision and Pattern Recognition},
  pages={10696--10706},
  year={2022}
}

@article{hafner2021clip,
  title={CLIP and complementary methods},
  author={Hafner, Markus and Katsantoni, Maria and K{\"o}ster, Tino and Marks, James and Mukherjee, Joyita and Staiger, Dorothee and Ule, Jernej and Zavolan, Mihaela},
  journal={Nature Reviews Methods Primers},
  volume={1},
  number={1},
  pages={20},
  year={2021},
  publisher={Nature Publishing Group UK London}
}

@article{luisier2010image,
  title={Image denoising in mixed Poisson--Gaussian noise},
  author={Luisier, Florian and Blu, Thierry and Unser, Michael},
  journal={IEEE Transactions on image processing},
  volume={20},
  number={3},
  pages={696--708},
  year={2010},
  publisher={IEEE}
}

@inproceedings{do2005contourlet,
  title={The contourlet transform: an efficient directional multiresolution image representation},
  author={Do, Minh N and Vetterli, Martin},
  journal={IEEE Transactions on image processing},
  volume={14},
  number={12},
  pages={2091--2106},
  year={2005},
  publisher={IEEE}
}


@article{sebastian2012gray,
  title={Gray level co-occurrence matrices: generalisation and some new features},
  author={Sebastian V, Bino and Unnikrishnan, A and Balakrishnan, Kannan},
  journal={arXiv preprint arXiv:1205.4831},
  year={2012}
}



@inproceedings{cozzolino2017recasting,
  title={Recasting residual-based local descriptors as convolutional neural networks: an application to image forgery detection},
  author={Cozzolino, Davide and Poggi, Giovanni and Verdoliva, Luisa},
  booktitle={Proceedings of the 5th ACM workshop on information hiding and multimedia security},
  pages={159--164},
  year={2017}
}

@inproceedings{tahmid2017density,
  title={Density based smart traffic control system using canny edge detection algorithm for congregating traffic information},
  author={Tahmid, Taqi and Hossain, Eklas},
  booktitle={2017 3rd International Conference on Electrical Information and Communication Technology (EICT)},
  pages={1--5},
  year={2017},
  organization={IEEE}
}


@article{he2005laplacian,
  title={Laplacian score for feature selection},
  author={He, Xiaofei and Cai, Deng and Niyogi, Partha},
  journal={Advances in neural information processing systems},
  volume={18},
  year={2005}
}

@inproceedings{frank2020leveraging,
  title={Leveraging frequency analysis for deep fake image recognition},
  author={Frank, Joel and Eisenhofer, Thorsten and Sch{\"o}nherr, Lea and Fischer, Asja and Kolossa, Dorothea and Holz, Thorsten},
  booktitle={International conference on machine learning},
  pages={3247--3258},
  year={2020},
  organization={PMLR}
}


@article{barratt2018note,
  title={A note on the inception score},
  author={Barratt, Shane and Sharma, Rishi},
  journal={arXiv preprint arXiv:1801.01973},
  year={2018}
}


@inproceedings{chong2020effectively,
  title={Effectively unbiased fid and inception score and where to find them},
  author={Chong, Min Jin and Forsyth, David},
  booktitle={Proceedings of the IEEE/CVF conference on computer vision and pattern recognition},
  pages={6070--6079},
  year={2020}
}

@inproceedings{obukhov2020quality,
  title={Quality assessment method for GAN based on modified metrics inception score and Fr{\'e}chet inception distance},
  author={Obukhov, Artem and Krasnyanskiy, Mikhail},
  booktitle={Software Engineering Perspectives in Intelligent Systems: Proceedings of 4th Computational Methods in Systems and Software 2020, Vol. 1 4},
  pages={102--114},
  year={2020},
  organization={Springer}
}


@article{doersch2016tutorial,
  title={Tutorial on variational autoencoders},
  author={Doersch, Carl},
  journal={arXiv preprint arXiv:1606.05908},
  year={2016}
}


@inproceedings{oussidi2018deep,
  title={Deep generative models: Survey},
  author={Oussidi, Achraf and Elhassouny, Azeddine},
  booktitle={2018 International conference on intelligent systems and computer vision (ISCV)},
  pages={1--8},
  year={2018},
  organization={IEEE}
}

@article{lecun2006tutorial,
  title={A tutorial on energy-based learning},
  author={LeCun, Yann and Chopra, Sumit and Hadsell, Raia and Ranzato, M and Huang, Fujie},
  journal={Predicting structured data},
  volume={1},
  number={0},
  year={2006}
}

@inproceedings{ngiam2011learning,
  title={Learning deep energy models},
  author={Ngiam, Jiquan and Chen, Zhenghao and Koh, Pang W and Ng, Andrew Y},
  booktitle={Proceedings of the 28th international conference on machine learning (ICML-11)},
  pages={1105--1112},
  year={2011}
}


@article{wang2017generative,
  title={Generative adversarial networks: introduction and outlook},
  author={Wang, Kunfeng and Gou, Chao and Duan, Yanjie and Lin, Yilun and Zheng, Xinhu and Wang, Fei-Yue},
  journal={IEEE/CAA Journal of Automatica Sinica},
  volume={4},
  number={4},
  pages={588--598},
  year={2017},
  publisher={IEEE}
}


@inproceedings{rezende2015variational,
  title={Variational inference with normalizing flows},
  author={Rezende, Danilo and Mohamed, Shakir},
  booktitle={International conference on machine learning},
  pages={1530--1538},
  year={2015},
  organization={PMLR}
}


@article{geyer1992practical,
  title={Practical markov chain monte carlo},
  author={Geyer, Charles J},
  journal={Statistical science},
  pages={473--483},
  year={1992},
  publisher={JSTOR}
}


@article{luo2021predicting,
  title={Predicting molecular conformation via dynamic graph score matching},
  author={Luo, Shitong and Shi, Chence and Xu, Minkai and Tang, Jian},
  journal={Advances in Neural Information Processing Systems},
  volume={34},
  pages={19784--19795},
  year={2021}
}

@article{zhang2018stackgan++,
  title={Stackgan++: Realistic image synthesis with stacked generative adversarial networks},
  author={Zhang, Han and Xu, Tao and Li, Hongsheng and Zhang, Shaoting and Wang, Xiaogang and Huang, Xiaolei and Metaxas, Dimitris N},
  journal={IEEE transactions on pattern analysis and machine intelligence},
  volume={41},
  number={8},
  pages={1947--1962},
  year={2018},
  publisher={IEEE}
}

@inproceedings{xu2018attngan,
  title={Attngan: Fine-grained text to image generation with attentional generative adversarial networks},
  author={Xu, Tao and Zhang, Pengchuan and Huang, Qiuyuan and Zhang, Han and Gan, Zhe and Huang, Xiaolei and He, Xiaodong},
  booktitle={Proceedings of the IEEE conference on computer vision and pattern recognition},
  pages={1316--1324},
  year={2018}
}

@article{binkowski2018demystifying,
  title={Demystifying mmd gans},
  author={Bi{\'n}kowski, Miko{\l}aj and Sutherland, Danica J and Arbel, Michael and Gretton, Arthur},
  journal={arXiv preprint arXiv:1801.01401},
  year={2018}
}

@article{heusel2017gans,
  title={Gans trained by a two time-scale update rule converge to a local nash equilibrium},
  author={Heusel, Martin and Ramsauer, Hubert and Unterthiner, Thomas and Nessler, Bernhard and Hochreiter, Sepp},
  journal={Advances in neural information processing systems},
  volume={30},
  year={2017}
}

@article{salimans2016improved,
  title={Improved techniques for training gans},
  author={Salimans, Tim and Goodfellow, Ian and Zaremba, Wojciech and Cheung, Vicki and Radford, Alec and Chen, Xi},
  journal={Advances in neural information processing systems},
  volume={29},
  year={2016}
}

@article{zhou2019hype,
  title={HYPE: human-eye perceptual evaluation of generative models},
  author={Zhou, Sharon and Gordon, Mitchell and Krishna, Ranjay and Narcomey, Austin and Morina, Durim and Bernstein, Michael S},
  year={2019}
}

@article{daras2022discovering,
  title={Discovering the hidden vocabulary of dalle-2},
  author={Daras, Giannis and Dimakis, Alexandros G},
  journal={arXiv preprint arXiv:2206.00169},
  year={2022}
}

@article{rescher1983mid,
  title={Mid-journey: An unfinished autobiography},
  author={Rescher, Nicholas},
  year={1983}
}

@inproceedings{chang2020tinygan,
  title={Tinygan: Distilling biggan for conditional image generation},
  author={Chang, Ting-Yun and Lu, Chi-Jen},
  booktitle={Proceedings of the Asian Conference on Computer Vision},
  year={2020}
}

@article{brock2018large,
  title={Large scale GAN training for high fidelity natural image synthesis},
  author={Brock, Andrew and Donahue, Jeff and Simonyan, Karen},
  journal={arXiv preprint arXiv:1809.11096},
  year={2018}
}

@inproceedings{alqahtani2019analysis,
  title={An analysis of evaluation metrics of GANs},
  author={Alqahtani, Hamed and Kavakli-Thorne, Manolya and Kumar, Gulshan and SBSSTC, Ferozepur},
  booktitle={International Conference on Information Technology and Applications (ICITA)},
  volume={7},
  year={2019}
}

@article{ramesh2022hierarchical,
  title={Hierarchical text-conditional image generation with clip latents},
  author={Ramesh, Aditya and Dhariwal, Prafulla and Nichol, Alex and Chu, Casey and Chen, Mark},
  journal={arXiv preprint arXiv:2204.06125},
  volume={1},
  number={2},
  pages={3},
  year={2022}
}

@article{hoogeboom2021autoregressive,
  title={Autoregressive diffusion models},
  author={Hoogeboom, Emiel and Gritsenko, Alexey A and Bastings, Jasmijn and Poole, Ben and Berg, Rianne van den and Salimans, Tim},
  journal={arXiv preprint arXiv:2110.02037},
  year={2021}
}

@article{de2021diffusion,
  title={Diffusion Schr{\"o}dinger bridge with applications to score-based generative modeling},
  author={De Bortoli, Valentin and Thornton, James and Heng, Jeremy and Doucet, Arnaud},
  journal={Advances in Neural Information Processing Systems},
  volume={34},
  pages={17695--17709},
  year={2021}
}

@article{xia2022low,
  title={Low-Dose CT Using Denoising Diffusion Probabilistic Model for 20$$\backslash$times $ Speedup},
  author={Xia, Wenjun and Lyu, Qing and Wang, Ge},
  journal={arXiv preprint arXiv:2209.15136},
  year={2022}
}

@article{giannone2022few,
  title={Few-shot diffusion models},
  author={Giannone, Giorgio and Nielsen, Didrik and Winther, Ole},
  journal={arXiv preprint arXiv:2205.15463},
  year={2022}
}

@article{hoogeboom2021argmax,
  title={Argmax flows and multinomial diffusion: Learning categorical distributions},
  author={Hoogeboom, Emiel and Nielsen, Didrik and Jaini, Priyank and Forr{\'e}, Patrick and Welling, Max},
  journal={Advances in Neural Information Processing Systems},
  volume={34},
  pages={12454--12465},
  year={2021}
}


@inproceedings{yan2016attribute2image,
  title={Attribute2image: Conditional image generation from visual attributes},
  author={Yan, Xinchen and Yang, Jimei and Sohn, Kihyuk and Lee, Honglak},
  booktitle={Computer Vision--ECCV 2016: 14th European Conference, Amsterdam, The Netherlands, October 11--14, 2016, Proceedings, Part IV 14},
  pages={776--791},
  year={2016},
  organization={Springer}
}

@article{zhou2017activation,
  title={Activation maximization generative adversarial nets},
  author={Zhou, Zhiming and Cai, Han and Rong, Shu and Song, Yuxuan and Ren, Kan and Zhang, Weinan and Yu, Yong and Wang, Jun},
  journal={arXiv preprint arXiv:1703.02000},
  year={2017}
}

@inproceedings{fortet1953convergence,
  title={Convergence de la r{\'e}partition empirique vers la r{\'e}partition th{\'e}orique},
  author={Fortet, Robert and Mourier, Edith},
  booktitle={Annales scientifiques de l'{\'E}cole Normale Sup{\'e}rieure},
  volume={70},
  number={3},
  pages={267--285},
  year={1953}
}

@article{krizhevsky2012imagenet,
  title={Imagenet classification with deep convolutional neural networks},
  author={Krizhevsky, Alex and Sutskever, Ilya and Hinton, Geoffrey E},
  journal={Advances in neural information processing systems},
  volume={25},
  year={2012}
}

@article{russakovsky2015imagenet,
  title={Imagenet large scale visual recognition challenge},
  author={Russakovsky, Olga and Deng, Jia and Su, Hao and Krause, Jonathan and Satheesh, Sanjeev and Ma, Sean and Huang, Zhiheng and Karpathy, Andrej and Khosla, Aditya and Bernstein, Michael and others},
  journal={International journal of computer vision},
  volume={115},
  pages={211--252},
  year={2015},
  publisher={Springer}
}

@article{pashine2021deep,
  title={Deep fake detection: Survey of facial manipulation detection solutions},
  author={Pashine, Samay and Mandiya, Sagar and Gupta, Praveen and Sheikh, Rashid},
  journal={arXiv preprint arXiv:2106.12605},
  year={2021}
}

@article{arora2017gans,
  title={Do gans actually learn the distribution? an empirical study},
  author={Arora, Sanjeev and Zhang, Yi},
  journal={arXiv preprint arXiv:1706.08224},
  year={2017}
}

@inproceedings{odena2017conditional,
  title={Conditional image synthesis with auxiliary classifier gans},
  author={Odena, Augustus and Olah, Christopher and Shlens, Jonathon},
  booktitle={International conference on machine learning},
  pages={2642--2651},
  year={2017},
  organization={PMLR}
}

@article{xiao2018generating,
  title={Generating adversarial examples with adversarial networks},
  author={Xiao, Chaowei and Li, Bo and Zhu, Jun-Yan and He, Warren and Liu, Mingyan and Song, Dawn},
  journal={arXiv preprint arXiv:1801.02610},
  year={2018}
}

@inproceedings{nichol2021improved,
  title={Improved denoising diffusion probabilistic models},
  author={Nichol, Alexander Quinn and Dhariwal, Prafulla},
  booktitle={International Conference on Machine Learning},
  pages={8162--8171},
  year={2021},
  organization={PMLR}
}

@article{esser2021imagebart,
  title={Imagebart: Bidirectional context with multinomial diffusion for autoregressive image synthesis},
  author={Esser, Patrick and Rombach, Robin and Blattmann, Andreas and Ommer, Bjorn},
  journal={Advances in neural information processing systems},
  volume={34},
  pages={3518--3532},
  year={2021}
}

@article{li2022srdiff,
  title={Srdiff: Single image super-resolution with diffusion probabilistic models},
  author={Li, Haoying and Yang, Yifan and Chang, Meng and Chen, Shiqi and Feng, Huajun and Xu, Zhihai and Li, Qi and Chen, Yueting},
  journal={Neurocomputing},
  volume={479},
  pages={47--59},
  year={2022},
  publisher={Elsevier}
}

@article{batzolis2021conditional,
  title={Conditional image generation with score-based diffusion models},
  author={Batzolis, Georgios and Stanczuk, Jan and Sch{\"o}nlieb, Carola-Bibiane and Etmann, Christian},
  journal={arXiv preprint arXiv:2111.13606},
  year={2021}
}

@article{rombach2022text,
  title={Text-guided synthesis of artistic images with retrieval-augmented diffusion models},
  author={Rombach, Robin and Blattmann, Andreas and Ommer, Bj{\"o}rn},
  journal={arXiv preprint arXiv:2207.13038},
  year={2022}
}


@article{saharia2022photorealistic,
  title={Photorealistic text-to-image diffusion models with deep language understanding},
  author={Saharia, Chitwan and Chan, William and Saxena, Saurabh and Li, Lala and Whang, Jay and Denton, Emily L and Ghasemipour, Kamyar and Gontijo Lopes, Raphael and Karagol Ayan, Burcu and Salimans, Tim and others},
  journal={Advances in Neural Information Processing Systems},
  volume={35},
  pages={36479--36494},
  year={2022}
}

@misc{openai2023gpt4,
      title={GPT-4 Technical Report}, 
      author={OpenAI},
      year={2023},
      eprint={2303.08774},
      archivePrefix={arXiv},
      primaryClass={cs.CL}
}

@inproceedings{szegedy2017inception,
  title={Inception-v4, inception-resnet and the impact of residual connections on learning},
  author={Szegedy, Christian and Ioffe, Sergey and Vanhoucke, Vincent and Alemi, Alexander},
  booktitle={Proceedings of the AAAI conference on artificial intelligence},
  volume={31},
  number={1},
  year={2017}
}

@article{mahdian2009using,
  title={Using noise inconsistencies for blind image forensics},
  author={Mahdian, Babak and Saic, Stanislav},
  journal={Image and vision computing},
  volume={27},
  number={10},
  pages={1497--1503},
  year={2009},
  publisher={Elsevier}
}

@inproceedings{chen2022deepfake,
  title={Deepfake Detection with Spatio-Temporal Consistency and Attention},
  author={Chen, Yunzhuo and Akhtar, Naveed and Haldar, Nur Al Hasan and Mian, Ajmal},
  booktitle={2022 International Conference on Digital Image Computing: Techniques and Applications (DICTA)},
  pages={1--8},
  year={2022},
  organization={IEEE}
}


@misc{deepfloyd2023,
  author = {DeepFloyd},
  title = {IF},
  year = {2023},
  publisher = {GitHub},
  journal = {GitHub repository},
  howpublished = {\url{https://github.com/deep-floyd/if}}
}


@misc{KandinSky2023,
  author = {KandinSky},
  title = {IF},
  year = {2023},
  publisher = {GitHub},
  journal = {GitHub repository},
  howpublished = {\url{https://github.com/ai-forever/Kandinsky-2}}
}

@misc{Dalle32023,
  author = {Dalle3},
  title = {IF},
  year = {2023},
  publisher = {GitHub},
  journal = {GitHub repository},
  howpublished = {\url{https://github.com/Agora-X/Dalle3}}
}

@article{chan2018convex,
  title={A convex model for edge-histogram specification with applications to edge-preserving smoothing},
  author={Chan, Kelvin CK and Chan, Raymond H and Nikolova, Mila},
  journal={axioms},
  volume={7},
  number={3},
  pages={53},
  year={2018},
  publisher={MDPI}
}

@article{de2013image,
  title={Image sharpness measure for blurred images in frequency domain},
  author={De, Kanjar and Masilamani, V},
  journal={Procedia Engineering},
  volume={64},
  pages={149--158},
  year={2013},
  publisher={Elsevier}
}


@article{tsai2008information,
  title={Information entropy measure for evaluation of image quality},
  author={Tsai, Du-Yih and Lee, Yongbum and Matsuyama, Eri},
  journal={Journal of digital imaging},
  volume={21},
  pages={338--347},
  year={2008},
  publisher={Springer}
}

@inproceedings{hasler2003measuring,
  title={Measuring colorfulness in natural images},
  author={Hasler, David and Suesstrunk, Sabine E},
  booktitle={Human vision and electronic imaging VIII},
  volume={5007},
  pages={87--95},
  year={2003},
  organization={SPIE}
}

@article{de1996naturalness,
  title={Naturalness and image quality: saturation and lightness variation in color images of natural scenes},
  author={de Ridder, Huib},
  journal={Journal of imaging science and technology},
  volume={40},
  number={6},
  pages={487--493},
  year={1996},
  publisher={Society for Imaging Science and Technology}
}

@article{freitas2018application,
  title={On the application LBP texture descriptors and its variants for no-reference image quality assessment},
  author={Freitas, Pedro Garcia and Da Eira, Lu{\'\i}sa Peixoto and Santos, Samuel Soares and de Farias, Mylene Christine Queiroz},
  journal={Journal of Imaging},
  volume={4},
  number={10},
  year={2018},
  publisher={MDPI AG}
}


@article{lukas2023leveraging,
  title={Leveraging optimization for adaptive attacks on image watermarks},
  author={Lukas, Nils and Diaa, Abdulrahman and Fenaux, Lucas and Kerschbaum, Florian},
  journal={arXiv preprint arXiv:2309.16952},
  year={2023}
}


@book{cox2007digital,
  title={Digital watermarking and steganography},
  author={Cox, Ingemar and Miller, Matthew and Bloom, Jeffrey and Fridrich, Jessica and Kalker, Ton},
  year={2007},
  publisher={Morgan kaufmann}
}


@inproceedings{wang2012markov,
  title={A Markov-transition model for cascading failures in power grids},
  author={Wang, Zhifang and Scaglione, Anna and Thomas, Robert J},
  booktitle={2012 45th Hawaii International Conference on System Sciences},
  pages={2115--2124},
  year={2012},
  organization={IEEE}
}

@inproceedings{guo2021pggan,
  title={PGGAN: Improve password cover rate using the controller},
  author={Guo, Xiaozhou and Liu, Yi and Tan, Kaijun and Jin, Min and Lu, Huaxiang},
  booktitle={Journal of Physics: Conference Series},
  volume={1856},
  number={1},
  pages={012012},
  year={2021},
  organization={IOP Publishing}
}

@article{yu2015lsun,
  title={Lsun: Construction of a large-scale image dataset using deep learning with humans in the loop},
  author={Yu, Fisher and Seff, Ari and Zhang, Yinda and Song, Shuran and Funkhouser, Thomas and Xiao, Jianxiong},
  journal={arXiv preprint arXiv:1506.03365},
  year={2015}
}

@article{li2024adm,
  title={ADM: Accelerated Diffusion Model via Estimated Priors for Robust Motion Prediction under Uncertainties},
  author={Li, Jiahui and Shen, Tianle and Gu, Zekai and Sun, Jiawei and Yuan, Chengran and Han, Yuhang and Sun, Shuo and Ang Jr, Marcelo H},
  journal={arXiv preprint arXiv:2405.00797},
  year={2024}
}

@article{liu2022pseudo,
  title={Pseudo numerical methods for diffusion models on manifolds},
  author={Liu, Luping and Ren, Yi and Lin, Zhijie and Zhao, Zhou},
  journal={arXiv preprint arXiv:2202.09778},
  year={2022}
}

@inproceedings{bender2021dangers,
  title={On the dangers of stochastic parrots: Can language models be too big?ï¿½ï¿½},
  author={Bender, Emily M and Gebru, Timnit and McMillan-Major, Angelina and Shmitchell, Shmargaret},
  booktitle={Proceedings of the 2021 ACM conference on fairness, accountability, and transparency},
  pages={610--623},
  year={2021}
}

@article{wen2023tree,
  title={Tree-ring watermarks: Fingerprints for diffusion images that are invisible and robust},
  author={Wen, Yuxin and Kirchenbauer, John and Geiping, Jonas and Goldstein, Tom},
  journal={arXiv preprint arXiv:2305.20030},
  year={2023}
}

@inproceedings{li2023diffwa,
  title={Diffwa: Diffusion models for watermark attack},
  author={Li, Xinyu},
  booktitle={2023 International Conference on Integrated Intelligence and Communication Systems (ICIICS)},
  pages={1--8},
  year={2023},
  organization={IEEE}
}

@inproceedings{zhu2018hidden,
  title={Hidden: Hiding data with deep networks},
  author={Zhu, Jiren and Kaplan, Russell and Johnson, Justin and Fei-Fei, Li},
  booktitle={Proceedings of the European conference on computer vision (ECCV)},
  pages={657--672},
  year={2018}
}

@article{an2024benchmarking,
  title={Benchmarking the Robustness of Image Watermarks},
  author={An, Bang and Ding, Mucong and Rabbani, Tahseen and Agrawal, Aakriti and Xu, Yuancheng and Deng, Chenghao and Zhu, Sicheng and Mohamed, Abdirisak and Wen, Yuxin and Goldstein, Tom and others},
  journal={arXiv preprint arXiv:2401.08573},
  year={2024}
}

@article{mielikainen2006lsb,
  title={LSB matching revisited},
  author={Mielikainen, Jarno},
  journal={IEEE signal processing letters},
  volume={13},
  number={5},
  pages={285--287},
  year={2006},
  publisher={IEEE}
}

@inproceedings{van1994digital,
  title={A digital watermark},
  author={Van Schyndel, Ron G and Tirkel, Andrew Z and Osborne, Charles F},
  booktitle={Proceedings of 1st international conference on image processing},
  volume={2},
  pages={86--90},
  year={1994},
  organization={IEEE}
}

@inproceedings{eggers2001blind,
  title={Blind watermarking applied to image authentication},
  author={Eggers, Joachim J and Girod, Bernd},
  booktitle={2001 IEEE International Conference on Acoustics, Speech, and Signal Processing. Proceedings (Cat. No. 01CH37221)},
  volume={3},
  pages={1977--1980},
  year={2001},
  organization={IEEE}
}

@article{wang2004image,
  title={Image quality assessment: from error visibility to structural similarity},
  author={Wang, Zhou and Bovik, Alan C and Sheikh, Hamid R and Simoncelli, Eero P},
  journal={IEEE transactions on image processing},
  volume={13},
  number={4},
  pages={600--612},
  year={2004},
  publisher={IEEE}
}
@article{lee2006robust,
  title={Robust image watermarking using local invariant features},
  author={Lee, Hae-Yeoun and Kim, Hyungshin and Lee, Heung-Kyu},
  journal={Optical Engineering},
  volume={45},
  number={3},
  pages={037002--037002},
  year={2006},
  publisher={Society of Photo-Optical Instrumentation Engineers}
}
@article{zhang2017study,
  title={A study for texture feature extraction of high-resolution satellite images based on a direction measure and gray level co-occurrence matrix fusion algorithm},
  author={Zhang, Xin and Cui, Jintian and Wang, Weisheng and Lin, Chao},
  journal={Sensors},
  volume={17},
  number={7},
  pages={1474},
  year={2017},
  publisher={MDPI}
}

@article{van2017neural,
  title={Neural discrete representation learning},
  author={Van Den Oord, Aaron and Vinyals, Oriol and others},
  journal={Advances in neural information processing systems},
  volume={30},
  year={2017}
}

@misc{cifar10dataset,
  author       = {Alex Krizhevsky},
  title        = {Learning Multiple Layers of Features from Tiny Images, CIFAR-10 and CIFAR-100 datasets},
  year         = {2009},
  url          = {https://www.cs.toronto.edu/~kriz/cifar.html},
  note         = {Accessed: 2024-08-08}
}


@misc{stl10dataset,
  author       = {Jessica Li},
  title        = {STL-10 - Image Recognition Dataset},
  year         = {2017},
  url          = {https://www.kaggle.com/datasets/jessicali9530/stl10},
  note         = {Accessed: 2024-08-08}
}


@misc{oxfordpetsdataset,
  author       = {Tanlikesmath},
  title        = {The Oxford-IIIT Pet Dataset},
  year         = {2021},
  url          = {https://www.kaggle.com/datasets/tanlikesmath/the-oxfordiiit-pet-dataset},
  note         = {Accessed: 2024-08-08}
}


@article{thankappan2024distributed,
  title={A distributed and cooperative signature-based intrusion detection system framework for multi-channel man-in-the-middle attacks against protected Wi-Fi networks},
  author={Thankappan, Manesh and Rif{\`a}-Pous, Helena and Garrigues, Carles},
  journal={International Journal of Information Security},
  pages={1--20},
  year={2024},
  publisher={Springer}
}

@article{elberri2024cyber,
  title={A cyber defense system against phishing attacks with deep learning game theory and LSTM-CNN with African vulture optimization algorithm (AVOA)},
  author={Elberri, Mustafa Ahmed and Toke{\c{s}}er, {\"U}mit and Rahebi, Javad and Lopez-Guede, Jose Manuel},
  journal={International Journal of Information Security},
  pages={1--24},
  year={2024},
  publisher={Springer}
}