@inproceedings{guo2021pggan,
  title={PGGAN: Improve password cover rate using the controller},
  author={Guo, Xiaozhou and Liu, Yi and Tan, Kaijun and Jin, Min and Lu, Huaxiang},
  booktitle={Journal of Physics: Conference Series},
  volume={1856},
  number={1},
  pages={012012},
  year={2021},
  organization={IOP Publishing}
}

@article{ho2020denoising,
  title={Denoising diffusion probabilistic models},
  author={Ho, Jonathan and Jain, Ajay and Abbeel, Pieter},
  journal={NIPS},
  volume={33},
  pages={6840--6851},
  year={2020}
}

@article{huang2023texture,
  title={Robust Texture-Aware Local Adaptive Image Watermarking With Perceptual Guarantee},
  author={Huang, Ying and Guan, Hu and Liu, Jie and Zhang, Shuwu and Niu, Baoning and Zhang, Guixuan},
  journal={IEEE Transactions on Circuits and Systems for Video Technology},
  volume={33},
  number={9},
  pages={4660--4674},
  year={2023},
  publisher={IEEE}
}

@article{li2024adm,
  title={ADM: Accelerated Diffusion Model via Estimated Priors for Robust Motion Prediction under Uncertainties},
  author={Li, Jiahui and Shen, Tianle and Gu, Zekai and Sun, Jiawei and Yuan, Chengran and Han, Yuhang and Sun, Shuo and Ang Jr, Marcelo H},
  journal={arXiv preprint arXiv:2405.00797},
  year={2024}
}

@article{liu2018blind,
  title={Blind Dual Watermarking for Color Imagesâ€™ Authentication and Copyright Protection},
  author={Liu, Xiao-Long and Lin, Chia-Chen and Yuan, Shyan-Ming},
  journal={IEEE Transactions on Circuits and Systems for Video Technology},
  volume={28},
  number={5},
  pages={1047--1061},
  year={2018},
  publisher={IEEE}
}

@article{liu2022pseudo,
  title={Pseudo numerical methods for diffusion models on manifolds},
  author={Liu, Luping and Ren, Yi and Lin, Zhijie and Zhao, Zhou},
  journal={arXiv preprint arXiv:2202.09778},
  year={2022}
}

@article{lukas2023leveraging,
  title={Leveraging optimization for adaptive attacks on image watermarks},
  author={Lukas, Nils and Diaa, Abdulrahman and Fenaux, Lucas and Kerschbaum, Florian},
  journal={arXiv preprint arXiv:2309.16952},
  year={2023}
}

@inproceedings{nichol2021improved,
  title={Improved denoising diffusion probabilistic models},
  author={Nichol, Alexander Quinn and Dhariwal, Prafulla},
  booktitle={International Conference on Machine Learning},
  pages={8162--8171},
  year={2021},
  organization={PMLR}
}

@inproceedings{rombach2022high,
  title={High-resolution image synthesis with latent diffusion models},
  author={Rombach, Robin and Blattmann, Andreas and Lorenz, Dominik and Esser, Patrick and Ommer, Bj{\"o}rn},
  booktitle={CVPR},
  pages={10684--10695},
  year={2022}
}

@article{song2020denoising,
  title={Denoising diffusion implicit models},
  author={Song, Jiaming and Meng, Chenlin and Ermon, Stefano},
  journal={arXiv preprint arXiv:2010.02502},
  year={2020}
}

@article{van2017neural,
  title={Neural discrete representation learning},
  author={Van Den Oord, Aaron and Vinyals, Oriol and others},
  journal={Advances in neural information processing systems},
  volume={30},
  year={2017}
}

@article{wang2024template,
  title={Robust Image Watermarking with Synchronization Using Template Enhanced-Extracted Network},
  author={Wang, Ke and Wu, Shaowu and Yin, Xiaolin and Lu, Wei and Luo, Xiangyang and Yang, Rui},
  journal={IEEE Transactions on Circuits and Systems for Video Technology},
  year={2024},
  publisher={IEEE}
}

@article{wu2021watermarking,
  title={Watermarking Neural Networks with Watermarked Images},
  author={Wu, Hanzhou and Liu, Gen and Yao, Yuwei and Zhang, Xinpeng},
  journal={IEEE Transactions on Circuits and Systems for Video Technology},
  volume={31},
  number={7},
  pages={2591--2605},
  year={2021},
  publisher={IEEE}
}

@article{yu2015lsun,
  title={Lsun: Construction of a large-scale image dataset using deep learning with humans in the loop},
  author={Yu, Fisher and Seff, Ari and Zhang, Yinda and Song, Shuran and Funkhouser, Thomas and Xiao, Jianxiong},
  journal={arXiv preprint arXiv:1506.03365},
  year={2015}
}

@article{zong2015histogram,
  title={Robust Histogram Shape-Based Method for Image Watermarking},
  author={Zong, Tianrui and Xiang, Yong and Natgunanathan, Iynkaran and Guo, Song and Zhou, Wanlei and Beliakov, Gleb},
  journal={IEEE Transactions on Circuits and Systems for Video Technology},
  volume={25},
  number={5},
  pages={717--729},
  year={2015},
  publisher={IEEE}
}

