@article{faul2007g,
  title={G* Power 3: A Flexible Statistical Power Analysis Program for the Social, Behavioral, and Biomedical Sciences},
  author={Faul, Franz and Erdfelder, Edgar and Lang, Albert-Georg and Buchner, Axel},
  journal={Behavior research methods},
  volume={39},
  number={2},
  pages={175--191},
  year={2007},
  publisher={Springer}
}

@inproceedings{ligthart2017expectation,
  title={Expectation Management in Child-Robot Interaction},
  author={Ligthart, Mike and Henkemans, Olivier Blanson and Hindriks, Koen and Neerincx, Mark A},
  booktitle={2017 26th IEEE international symposium on robot and human interactive communication (RO-MAN)},
  pages={916--921},
  year={2017},
  organization={IEEE}
}

@inproceedings{jokinen2018dialogue,
  title={Dialogue Models for Socially Intelligent Robots},
  author={Jokinen, Kristiina},
  booktitle={Social Robotics: 10th International Conference, ICSR 2018, Qingdao, China, November 28-30, 2018, Proceedings 10},
  pages={127--138},
  year={2018},
  organization={Springer}
}

@article{reimann2024survey,
  title={A Survey on Dialogue Management in Human-Robot Interaction},
  author={Reimann, Merle M and Kunneman, Florian A and Oertel, Catharine and Hindriks, Koen V},
  journal={ACM Transactions on Human-Robot Interaction},
  year={2024},
  publisher={ACM New York, NY}
}

@inproceedings{bohus2014directions,
  title={Directions Robot: In-the-Wild Experiences and Lessons Learned},
  author={Bohus, Dan and Saw, Chit W and Horvitz, Eric},
  booktitle={Proceedings of the 2014 international conference on Autonomous agents and multi-agent systems},
  pages={637--644},
  year={2014}
}

@inproceedings{reimann2023social,
  title={Social Robots in the Wild and the Novelty Effect},
  author={Reimann, Merle and van de Graaf, Jesper and van Gulik, Nina and Van De Sanden, Stephanie and Verhagen, Tibert and Hindriks, Koen},
  booktitle={International Conference on Social Robotics},
  pages={38--48},
  year={2023},
  organization={Springer}
}

@article{marge2022spoken,
  title={Spoken Language Interaction with Robots: Recommendations for Future Research},
  author={Marge, Matthew and Espy-Wilson, Carol and Ward, Nigel G and Alwan, Abeer and Artzi, Yoav and Bansal, Mohit and Blankenship, Gil and Chai, Joyce and Daum{\'e} III, Hal and Dey, Debadeepta and others},
  journal={Computer Speech \& Language},
  volume={71},
  pages={101255},
  year={2022},
  publisher={Elsevier}
}

@article{moore2015talking,
  title={From Talking and Listening Robots to Intelligent Communicative Machines},
  author={Moore, Roger K},
  journal={Robots that talk and listen},
  pages={317--335},
  year={2015},
  publisher={Citeseer}
}

@article{kunold2023not,
  title={Not all Robots are Evaluated Equally: The Impact of Morphological Features on Robots’ Assessment through Capability Attributions},
  author={Kunold, Laura and Bock, Nikolai and Rosenthal-von der P{\"u}tten, Astrid},
  journal={ACM Transactions on Human-Robot Interaction},
  volume={12},
  number={1},
  pages={1--31},
  year={2023},
  publisher={ACM New York, NY}
}

@inproceedings{gervits2021classification,
  title={A Classification-Based Approach to Automating Human-Robot Dialogue},
  author={Gervits, Felix and Leuski, Anton and Bonial, Claire and Gordon, Carla and Traum, David},
  booktitle={Increasing Naturalness and Flexibility in Spoken Dialogue Interaction: 10th International Workshop on Spoken Dialogue Systems},
  pages={115--127},
  year={2021},
  organization={Springer}
}

@inproceedings{amiri2019augmenting,
  title={Augmenting Knowledge through Statistical, Goal-Oriented Human-Robot Dialog},
  author={Amiri, Saeid and Bajracharya, Sujay and Goktolgal, Cihangir and Thomason, Jesse and Zhang, Shiqi},
  booktitle={2019 IEEE/RSJ International conference on intelligent robots and systems (IROS)},
  pages={744--750},
  year={2019},
  organization={IEEE}
}

@inproceedings{hemachandra2015information,
  title={Information-Theoretic Dialog to Improve Spatial-Semantic Representations},
  author={Hemachandra, Sachithra and Walter, Matthew R},
  booktitle={2015 IEEE/RSJ International Conference on Intelligent Robots and Systems (IROS)},
  pages={5115--5121},
  year={2015},
  organization={IEEE}
}

@inproceedings{doshi2007efficient,
  title={Efficient Model Learning for Dialog Management},
  author={Doshi, Finale and Roy, Nicholas},
  booktitle={Proceedings of the ACM/IEEE international conference on Human-robot interaction},
  pages={65--72},
  year={2007}
}

@inproceedings{campos2018challenges,
  title={Challenges in Exploiting Conversational Memory in Human-Agent Interaction},
  author={Campos, Joana and Kennedy, James and Lehman, Jill F},
  booktitle={Proceedings of the 17th International Conference on Autonomous Agents and MultiAgent Systems},
  pages={1649--1657},
  year={2018}
}

@inproceedings{she2014back,
  title={Back to the Blocks World: Learning new Actions through Situated Human-Robot Dialogue},
  author={She, Lanbo and Yang, Shaohua and Cheng, Yu and Jia, Yunyi and Chai, Joyce and Xi, Ning},
  booktitle={Proceedings of the 15th annual meeting of the special interest group on discourse and dialogue (SIGDIAL)},
  pages={89--97},
  year={2014}
}

@inproceedings{glas2016erica,
  title={Erica: The Erato Intelligent Conversational Android},
  author={Glas, Dylan F and Minato, Takashi and Ishi, Carlos T and Kawahara, Tatsuya and Ishiguro, Hiroshi},
  booktitle={2016 25th IEEE International symposium on robot and human interactive communication (RO-MAN)},
  pages={22--29},
  year={2016},
  organization={IEEE}
}

@inproceedings{tonkin2018design,
  title={Design Methodology for the UX of HRI: A Field Study of a Commercial Social Robot at an Airport},
  author={Tonkin, Meg and Vitale, Jonathan and Herse, Sarita and Williams, Mary-Anne and Judge, William and Wang, Xun},
  booktitle={Proceedings of the 2018 ACM/IEEE International Conference on Human-Robot Interaction},
  pages={407--415},
  year={2018}
}

@inproceedings{iwamura2011elderly,
  title={Do Elderly People Prefer a Conversational Humanoid as a Shopping Assistant Partner in Supermarkets?},
  author={Iwamura, Yamato and Shiomi, Masahiro and Kanda, Takayuki and Ishiguro, Hiroshi and Hagita, Norihiro},
  booktitle={Proceedings of the 6th international conference on Human-robot interaction},
  pages={449--456},
  year={2011}
}

@article{benitti2012exploring,
  title={Exploring the Educational Potential of Robotics in Schools: A Systematic Review},
  author={Benitti, Fabiane Barreto Vavassori},
  journal={Computers \& Education},
  volume={58},
  number={3},
  pages={978--988},
  year={2012},
  publisher={Elsevier}
}
@inproceedings{fischer2018transparent,
  title={When Transparent does not mean Explainable},
  author={Fischer, Kerstin},
  booktitle={Explainable Robotic Systems—Workshop in conjunction with HRI 2018},
  year={2018}
}

@inproceedings{anjomshoae2019explainable,
  title={Explainable Agents and Robots: Results from a Systematic Literature Review},
  author={Anjomshoae, Sule and Najjar, Amro and Calvaresi, Davide and Fr{\"a}mling, Kary},
  booktitle={18th International Conference on Autonomous Agents and Multiagent Systems (AAMAS 2019), Montreal, Canada, May 13--17, 2019},
  pages={1078--1088},
  year={2019},
  organization={International Foundation for Autonomous Agents and Multiagent Systems}
}

@article{Arnold_Kasenberg_Scheutz_2021, title={Explaining in Time: Meeting Interactive Standards of Explanation for Robotic Systems}, volume={10}, ISSN={2573-9522}, DOI={10.1145/3457183}, number={3}, journal={ACM Transactions on Human-Robot Interaction}, author={Arnold, Thomas and Kasenberg, Daniel and Scheutz, Matthias}, year={2021}, month=sep, pages={1–23}, language={en} }

 @article{Bhaskara_Skinner_Loft_2020, title={Agent Transparency: A Review of Current Theory and Evidence}, volume={50}, ISSN={2168-2291, 2168-2305}, DOI={10.1109/THMS.2020.2965529}, number={3}, journal={IEEE Transactions on Human-Machine Systems}, author={Bhaskara, Adella and Skinner, Michael and Loft, Shayne}, year={2020}, month=jun, pages={215–224}, language={en} }

 @article{Brandao_Mansouri_Mohammed_Luff_Coles, title={Explainability in Multi-Agent Path/Motion Planning:User-study-driven Taxonomy and Requirements}, author={Brandao, Martim and Mansouri, Masoumeh and Mohammed, Areeb and Luff, Paul and Coles, Amanda}, language={en} }
 @book{Chen_Procci_Boyce_Wright_Garcia_Barnes_2014, address={Fort Belvoir, VA}, title={Situation Awareness-Based Agent Transparency:}, url={http://www.dtic.mil/docs/citations/ADA600351}, DOI={10.21236/ADA600351}, institution={Defense Technical Information Center}, author={Chen, Jessie Y. and Procci, Katelyn and Boyce, Michael and Wright, Julia and Garcia, Andre and Barnes, Michael}, year={2014}, month=apr, language={en} }
 @article{Chen_Lakhmani_Stowers_Selkowitz_Wright_Barnes_2018, title={Situation Awareness-Based Agent Transparency and Human-Autonomy Teaming Effectiveness}, volume={19}, ISSN={1463-922X, 1464-536X}, DOI={10.1080/1463922X.2017.1315750}, number={3}, journal={Theoretical Issues in Ergonomics Science}, author={Chen, Jessie Y. C. and Lakhmani, Shan G. and Stowers, Kimberly and Selkowitz, Anthony R. and Wright, Julia L. and Barnes, Michael}, year={2018}, month=may, pages={259–282}, language={en} }

@inproceedings{das2021explainable,
  title={Explainable AI for Robot Failures: Generating Explanations that Improve User Assistance in Fault Recovery},
  author={Das, Devleena and Banerjee, Siddhartha and Chernova, Sonia},
  booktitle={Proceedings of the 2021 ACM/IEEE international conference on human-robot interaction},
  pages={351--360},
  year={2021}
}
 @inproceedings{Hirschmanner_Gross_Zafari_Krenn_Neubarth_Vincze_2021, address={Vancouver, BC, Canada}, title={Investigating Transparency Methods in a Robot Word-Learning System and Their Effects on Human Teaching Behaviors}, rights={https://doi.org/10.15223/policy-029}, ISBN={978-1-66540-492-1}, url={https://ieeexplore.ieee.org/document/9515518/}, DOI={10.1109/RO-MAN50785.2021.9515518}, booktitle={2021 30th IEEE International Conference on Robot \& Human Interactive Communication (RO-MAN)}, publisher={IEEE}, author={Hirschmanner, Matthias and Gross, Stephanie and Zafari, Setareh and Krenn, Brigitte and Neubarth, Friedrich and Vincze, Markus}, year={2021}, month=aug, pages={175–182}, language={en} }

@article{hoffman2023measures,
  title={Measures for explainable AI: Explanation Goodness, User Satisfaction, Mental Models, Curiosity, Trust, and Human-AI Performance},
  author={Hoffman, Robert R and Mueller, Shane T and Klein, Gary and Litman, Jordan},
  journal={Frontiers in Computer Science},
  volume={5},
  pages={1096257},
  year={2023},
  publisher={Frontiers Media SA}
}

 @article{Holzinger_2020, title={Measuring the Quality of Explanations: The System Causability Scale (SCS)}, journal={Künstliche Intelligenz}, author={Holzinger, Andreas}, year={2020}, language={en} }

 @inproceedings{Kulesza_Stumpf_Burnett_Yang_Kwan_Wong_2013, address={San Jose, CA, USA}, title={Too Much, Too Little, or just Right? Ways Explanations Impact End Users’ Mental Models}, ISBN={978-1-4799-0369-6}, url={https://ieeexplore.ieee.org/document/6645235}, DOI={10.1109/VLHCC.2013.6645235}, booktitle={2013 IEEE Symposium on Visual Languages and Human Centric Computing}, publisher={IEEE}, author={Kulesza, Todd and Stumpf, Simone and Burnett, Margaret and Yang, Sherry and Kwan, Irwin and Wong, Weng-Keen}, year={2013}, month=sep, pages={3–10}, language={en} }

@inproceedings{lyons2013being,
  title={Being Transparent about Transparency: A Model for Human-Robot Interaction},
  author={Lyons, Joseph B},
  booktitle={2013 AAAI spring symposium series},
  year={2013}
}

 @inproceedings{Nesset_Robb_Lopes_Hastie_2021, address={Boulder CO USA}, title={Transparency in HRI: Trust and Decision Making in the Face of Robot Errors}, ISBN={978-1-4503-8290-8}, url={https://dl.acm.org/doi/10.1145/3434074.3447183}, DOI={10.1145/3434074.3447183}, booktitle={Companion of the 2021 ACM/IEEE International Conference on Human-Robot Interaction}, publisher={ACM}, author={Nesset, Birthe and Robb, David A. and Lopes, José and Hastie, Helen}, year={2021}, month=mar, pages={313–317}, language={en} }

 @article{Schött_Amin_Butz_2023, title={A Literature Survey of How to Convey Transparency in Co-Located Human–Robot Interaction}, volume={7}, ISSN={2414-4088}, DOI={10.3390/mti7030025}, number={3}, journal={Multimodal Technologies and Interaction}, author={Schött, Svenja Y. and Amin, Rifat Mehreen and Butz, Andreas}, year={2023}, month=feb, pages={25}, language={en} }

 @article{Shah_Verma_Angle_Srivastava_2022, title={JEDAI: A System for Skill-Aligned Explainable Robot Planning}, url={http://arxiv.org/abs/2111.00585}, note={arXiv:2111.00585 [cs]}, number={arXiv:2111.00585}, publisher={arXiv}, author={Shah, Naman and Verma, Pulkit and Angle, Trevor and Srivastava, Siddharth}, year={2022}, month=mar, language={en} }

 @article{Silva_Schrum_Hedlund-Botti_Gopalan, title={Explainable Artiﬁcial Intelligence: Evaluating the Objective and Subjective Impacts of xAI on Human-Agent Interaction}, author={Silva, Andrew and Schrum, Mariah and Hedlund-Botti, Erin and Gopalan, Nakul}, language={en} }
 @inproceedings{Silva_Tambwekar_Schrum_Gombolay_2024, address={Boulder CO USA}, title={Towards Balancing Preference and Performance through Adaptive Personalized Explainability}, ISBN={9798400703225}, url={https://dl.acm.org/doi/10.1145/3610977.3635000}, DOI={10.1145/3610977.3635000}, booktitle={Proceedings of the 2024 ACM/IEEE International Conference on Human-Robot Interaction}, publisher={ACM}, author={Silva, Andrew and Tambwekar, Pradyumna and Schrum, Mariah and Gombolay, Matthew}, year={2024}, month=mar, pages={658–668}, language={en} }

 @article{Theodorou_Wortham_Bryson_2017, title={Designing and Implementing Transparency for Real Time Inspection of Autonomous Robots}, volume={29}, ISSN={0954-0091, 1360-0494}, DOI={10.1080/09540091.2017.1310182}, number={3}, journal={Connection Science}, author={Theodorou, Andreas and Wortham, Robert H. and Bryson, Joanna J.}, year={2017}, month=jul, pages={230–241}, language={en} }
 @inbook{Tulli_Correia_Mascarenhas_Gomes_Melo_Paiva_2019, address={Cham}, series={Lecture Notes in Computer Science}, title={Effects of Agents’ Transparency on Teamwork}, volume={11763}, ISBN={978-3-030-30390-7}, url={http://link.springer.com/10.1007/978-3-030-30391-4_2}, DOI={10.1007/978-3-030-30391-4_2}, booktitle={Explainable, Transparent Autonomous Agents and Multi-Agent Systems}, publisher={Springer International Publishing}, author={Tulli, Silvia and Correia, Filipa and Mascarenhas, Samuel and Gomes, Samuel and Melo, Francisco S. and Paiva, Ana}, year={2019}, pages={22–37}, collection={Lecture Notes in Computer Science}, language={en} }

 @article{Van_Deurzen_Bruyninckx_Luyten_2022, title={Choreobot: A Reference Framework and Online Visual Dashboard for Supporting the Design of Intelligible Robotic Systems}, volume={6}, ISSN={2573-0142}, DOI={10.1145/3532201}, number={EICS}, journal={Proceedings of the ACM on Human-Computer Interaction}, author={Van Deurzen, Bram and Bruyninckx, Herman and Luyten, Kris}, year={2022}, month=jun, pages={1–24}, language={en} }
 @inproceedings{Wachowiak_Fenn_Kamran_Coles_Celiktutan_Canal_2024, address={Boulder CO USA}, title={When Do People Want an Explanation from a Robot?}, ISBN={9798400703225}, url={https://dl.acm.org/doi/10.1145/3610977.3634990}, DOI={10.1145/3610977.3634990}, booktitle={Proceedings of the 2024 ACM/IEEE International Conference on Human-Robot Interaction}, publisher={ACM}, author={Wachowiak, Lennart and Fenn, Andrew and Kamran, Haris and Coles, Andrew and Celiktutan, Oya and Canal, Gerard}, year={2024}, month=mar, pages={752–761}, language={en} }
 @article{Wallkötter_Tulli_Castellano_Paiva_Chetouani_2021, title={Explainable Embodied Agents Through Social Cues: A Review}, volume={10}, ISSN={2573-9522}, DOI={10.1145/3457188}, number={3}, journal={ACM Transactions on Human-Robot Interaction}, author={Wallkötter, Sebastian and Tulli, Silvia and Castellano, Ginevra and Paiva, Ana and Chetouani, Mohamed}, year={2021}, month=sep, pages={1–24}, language={en} }

 @article{Wortham_Theodorou_2017, title={Robot Transparency, Trust and Utility}, volume={29}, ISSN={0954-0091, 1360-0494}, DOI={10.1080/09540091.2017.1313816}, number={3}, journal={Connection Science}, author={Wortham, Robert H. and Theodorou, Andreas}, year={2017}, month=jul, pages={242–248}, language={en} }

 @article{Wright_Chen_Lakhmani_2020, title={Agent Transparency and Reliability in Human–Robot Interaction: The Influence on User Confidence and Perceived Reliability}, volume={50}, rights={https://creativecommons.org/licenses/by/4.0/legalcode}, ISSN={2168-2291, 2168-2305}, DOI={10.1109/THMS.2019.2925717}, number={3}, journal={IEEE Transactions on Human-Machine Systems}, author={Wright, Julia L. and Chen, Jessie Y. C. and Lakhmani, Shan G.}, year={2020}, month=jun, pages={254–263}, language={en} }

@article{diehl2022did,
  title={Why Did I Fail? A Causal-Based Method to Find Explanations for Robot Failures},
  author={Diehl, Maximilian and Ramirez-Amaro, Karinne},
  journal={IEEE Robotics and Automation Letters},
  volume={7},
  number={4},
  pages={8925--8932},
  year={2022},
  publisher={IEEE}
}

@inproceedings{lemasurier2024reactive,
  title={Reactive or Proactive? How Robots Should Explain Failures},
  author={LeMasurier, Gregory and Gautam, Alvika and Han, Zhao and Crandall, Jacob W and Yanco, Holly A},
  booktitle={Proceedings of the 2024 ACM/IEEE International Conference on Human-Robot Interaction},
  pages={413--422},
  year={2024}
}

@article{khanna2023user,
  title={User Study Exploring The Role of Explanation of Failures by Robots in Human Robot Collaboration Tasks},
  author={Khanna, Parag and Yadollahi, Elmira and Bj{\"o}rkman, M{\aa}rten and Leite, Iolanda and Smith, Christian},
  journal={arXiv preprint arXiv:2303.16010},
  year={2023}
}



@misc{heerink2010assessing,
  title={Assessing Acceptance of Assistive Social Agent Technology by Older Adults: the Almere Model},
  author={Heerink, Marcel and Kr{\"o}se, Ben and Evers, Vanessa and Wielinga, Bob},
  year={2010},
  publisher={Springer}
}

@incollection{malle2021multidimensional,
  title={A Multidimensional Conception and Measure of Human-Robot Trust},
  author={Malle, Bertram F and Ullman, Daniel},
  booktitle={Trust in human-robot interaction},
  pages={3--25},
  year={2021},
  publisher={Elsevier}
}

@inproceedings{bunt2010towards,
  title={Towards an ISO Standard for Dialogue Act Annotation},
  author={Bunt, Harry and Alexandersson, Jan and Carletta, Jean and Choe, Jae-Woong and Fang, Alex Chengyu and Lee, Kiyong and Petukhova, Volha and Popescu-Belis, Andrei and Romary, Laurent and Soria, Claudia and others},
  booktitle={Seventh conference on International Language Resources and Evaluation (LREC'10)},
  year={2010}
}

@inproceedings{wen2023fresh,
  title={Fresh start: Encouraging politeness in wakeword-driven human-robot interaction},
  author={Wen, Ruchen and Hanson, Alyssa and Han, Zhao and Williams, Tom},
  booktitle={Proceedings of the 2023 ACM/IEEE International Conference on Human-Robot Interaction},
  pages={112--121},
  year={2023}
}

@inproceedings{ye2019human,
  title={Human trust after robot mistakes: Study of the effects of different forms of robot communication},
  author={Ye, Sean and Neville, Glen and Schrum, Mariah and Gombolay, Matthew and Chernova, Sonia and Howard, Ayanna},
  booktitle={2019 28th IEEE International Conference on Robot and Human Interactive Communication (RO-MAN)},
  pages={1--7},
  year={2019},
  organization={IEEE}
}

@inproceedings{reig2021flailing,
  title={Flailing, hailing, prevailing: Perceptions of multi-robot failure recovery strategies},
  author={Reig, Samantha and Carter, Elizabeth J and Fong, Terrence and Forlizzi, Jodi and Steinfeld, Aaron},
  booktitle={Proceedings of the 2021 ACM/IEEE International Conference on Human-Robot Interaction},
  pages={158--167},
  year={2021}
}

@article{van2024proactive,
  title={What is Proactive Human-Robot Interaction?-A review of a progressive field and its definitions},
  author={van Den broek, Marike Koch and Moeslund, Thomas B},
  journal={ACM Transactions on Human-Robot Interaction},
  volume={13},
  number={4},
  pages={1--30},
  year={2024},
  publisher={ACM New York, NY}
}