@article{Bhaskara_Skinner_Loft_2020, title={Agent Transparency: A Review of Current Theory and Evidence}, volume={50}, ISSN={2168-2291, 2168-2305}, DOI={10.1109/THMS.2020.2965529}, number={3}, journal={IEEE Transactions on Human-Machine Systems}, author={Bhaskara, Adella and Skinner, Michael and Loft, Shayne}, year={2020}, month=jun, pages={215–224}, language={en} }

@inproceedings{Hirschmanner_Gross_Zafari_Krenn_Neubarth_Vincze_2021, address={Vancouver, BC, Canada}, title={Investigating Transparency Methods in a Robot Word-Learning System and Their Effects on Human Teaching Behaviors}, rights={https://doi.org/10.15223/policy-029}, ISBN={978-1-66540-492-1}, url={https://ieeexplore.ieee.org/document/9515518/}, DOI={10.1109/RO-MAN50785.2021.9515518}, booktitle={2021 30th IEEE International Conference on Robot \& Human Interactive Communication (RO-MAN)}, publisher={IEEE}, author={Hirschmanner, Matthias and Gross, Stephanie and Zafari, Setareh and Krenn, Brigitte and Neubarth, Friedrich and Vincze, Markus}, year={2021}, month=aug, pages={175–182}, language={en} }

@inproceedings{Kulesza_Stumpf_Burnett_Yang_Kwan_Wong_2013, address={San Jose, CA, USA}, title={Too Much, Too Little, or just Right? Ways Explanations Impact End Users’ Mental Models}, ISBN={978-1-4799-0369-6}, url={https://ieeexplore.ieee.org/document/6645235}, DOI={10.1109/VLHCC.2013.6645235}, booktitle={2013 IEEE Symposium on Visual Languages and Human Centric Computing}, publisher={IEEE}, author={Kulesza, Todd and Stumpf, Simone and Burnett, Margaret and Yang, Sherry and Kwan, Irwin and Wong, Weng-Keen}, year={2013}, month=sep, pages={3–10}, language={en} }

@inproceedings{Nesset_Robb_Lopes_Hastie_2021, address={Boulder CO USA}, title={Transparency in HRI: Trust and Decision Making in the Face of Robot Errors}, ISBN={978-1-4503-8290-8}, url={https://dl.acm.org/doi/10.1145/3434074.3447183}, DOI={10.1145/3434074.3447183}, booktitle={Companion of the 2021 ACM/IEEE International Conference on Human-Robot Interaction}, publisher={ACM}, author={Nesset, Birthe and Robb, David A. and Lopes, José and Hastie, Helen}, year={2021}, month=mar, pages={313–317}, language={en} }

@article{Schött_Amin_Butz_2023, title={A Literature Survey of How to Convey Transparency in Co-Located Human–Robot Interaction}, volume={7}, ISSN={2414-4088}, DOI={10.3390/mti7030025}, number={3}, journal={Multimodal Technologies and Interaction}, author={Schött, Svenja Y. and Amin, Rifat Mehreen and Butz, Andreas}, year={2023}, month=feb, pages={25}, language={en} }

@inbook{Tulli_Correia_Mascarenhas_Gomes_Melo_Paiva_2019, address={Cham}, series={Lecture Notes in Computer Science}, title={Effects of Agents’ Transparency on Teamwork}, volume={11763}, ISBN={978-3-030-30390-7}, url={http://link.springer.com/10.1007/978-3-030-30391-4_2}, DOI={10.1007/978-3-030-30391-4_2}, booktitle={Explainable, Transparent Autonomous Agents and Multi-Agent Systems}, publisher={Springer International Publishing}, author={Tulli, Silvia and Correia, Filipa and Mascarenhas, Samuel and Gomes, Samuel and Melo, Francisco S. and Paiva, Ana}, year={2019}, pages={22–37}, collection={Lecture Notes in Computer Science}, language={en} }

@inproceedings{Wachowiak_Fenn_Kamran_Coles_Celiktutan_Canal_2024, address={Boulder CO USA}, title={When Do People Want an Explanation from a Robot?}, ISBN={9798400703225}, url={https://dl.acm.org/doi/10.1145/3610977.3634990}, DOI={10.1145/3610977.3634990}, booktitle={Proceedings of the 2024 ACM/IEEE International Conference on Human-Robot Interaction}, publisher={ACM}, author={Wachowiak, Lennart and Fenn, Andrew and Kamran, Haris and Coles, Andrew and Celiktutan, Oya and Canal, Gerard}, year={2024}, month=mar, pages={752–761}, language={en} }

@inproceedings{amiri2019augmenting,
  title={Augmenting Knowledge through Statistical, Goal-Oriented Human-Robot Dialog},
  author={Amiri, Saeid and Bajracharya, Sujay and Goktolgal, Cihangir and Thomason, Jesse and Zhang, Shiqi},
  booktitle={2019 IEEE/RSJ International conference on intelligent robots and systems (IROS)},
  pages={744--750},
  year={2019},
  organization={IEEE}
}

@inproceedings{campos2018challenges,
  title={Challenges in Exploiting Conversational Memory in Human-Agent Interaction},
  author={Campos, Joana and Kennedy, James and Lehman, Jill F},
  booktitle={Proceedings of the 17th International Conference on Autonomous Agents and MultiAgent Systems},
  pages={1649--1657},
  year={2018}
}

@inproceedings{das2021explainable,
  title={Explainable AI for Robot Failures: Generating Explanations that Improve User Assistance in Fault Recovery},
  author={Das, Devleena and Banerjee, Siddhartha and Chernova, Sonia},
  booktitle={Proceedings of the 2021 ACM/IEEE international conference on human-robot interaction},
  pages={351--360},
  year={2021}
}

@article{diehl2022did,
  title={Why Did I Fail? A Causal-Based Method to Find Explanations for Robot Failures},
  author={Diehl, Maximilian and Ramirez-Amaro, Karinne},
  journal={IEEE Robotics and Automation Letters},
  volume={7},
  number={4},
  pages={8925--8932},
  year={2022},
  publisher={IEEE}
}

@inproceedings{doshi2007efficient,
  title={Efficient Model Learning for Dialog Management},
  author={Doshi, Finale and Roy, Nicholas},
  booktitle={Proceedings of the ACM/IEEE international conference on Human-robot interaction},
  pages={65--72},
  year={2007}
}

@inproceedings{fischer2018transparent,
  title={When Transparent does not mean Explainable},
  author={Fischer, Kerstin},
  booktitle={Explainable Robotic Systems—Workshop in conjunction with HRI 2018},
  year={2018}
}

@inproceedings{gervits2021classification,
  title={A Classification-Based Approach to Automating Human-Robot Dialogue},
  author={Gervits, Felix and Leuski, Anton and Bonial, Claire and Gordon, Carla and Traum, David},
  booktitle={Increasing Naturalness and Flexibility in Spoken Dialogue Interaction: 10th International Workshop on Spoken Dialogue Systems},
  pages={115--127},
  year={2021},
  organization={Springer}
}

@inproceedings{glas2016erica,
  title={Erica: The Erato Intelligent Conversational Android},
  author={Glas, Dylan F and Minato, Takashi and Ishi, Carlos T and Kawahara, Tatsuya and Ishiguro, Hiroshi},
  booktitle={2016 25th IEEE International symposium on robot and human interactive communication (RO-MAN)},
  pages={22--29},
  year={2016},
  organization={IEEE}
}

@inproceedings{hemachandra2015information,
  title={Information-Theoretic Dialog to Improve Spatial-Semantic Representations},
  author={Hemachandra, Sachithra and Walter, Matthew R},
  booktitle={2015 IEEE/RSJ International Conference on Intelligent Robots and Systems (IROS)},
  pages={5115--5121},
  year={2015},
  organization={IEEE}
}

@article{hoffman2023measures,
  title={Measures for explainable AI: Explanation Goodness, User Satisfaction, Mental Models, Curiosity, Trust, and Human-AI Performance},
  author={Hoffman, Robert R and Mueller, Shane T and Klein, Gary and Litman, Jordan},
  journal={Frontiers in Computer Science},
  volume={5},
  pages={1096257},
  year={2023},
  publisher={Frontiers Media SA}
}

@inproceedings{jokinen2018dialogue,
  title={Dialogue Models for Socially Intelligent Robots},
  author={Jokinen, Kristiina},
  booktitle={Social Robotics: 10th International Conference, ICSR 2018, Qingdao, China, November 28-30, 2018, Proceedings 10},
  pages={127--138},
  year={2018},
  organization={Springer}
}

@article{khanna2023user,
  title={User Study Exploring The Role of Explanation of Failures by Robots in Human Robot Collaboration Tasks},
  author={Khanna, Parag and Yadollahi, Elmira and Bj{\"o}rkman, M{\aa}rten and Leite, Iolanda and Smith, Christian},
  journal={arXiv preprint arXiv:2303.16010},
  year={2023}
}

@article{kunold2023not,
  title={Not all Robots are Evaluated Equally: The Impact of Morphological Features on Robots’ Assessment through Capability Attributions},
  author={Kunold, Laura and Bock, Nikolai and Rosenthal-von der P{\"u}tten, Astrid},
  journal={ACM Transactions on Human-Robot Interaction},
  volume={12},
  number={1},
  pages={1--31},
  year={2023},
  publisher={ACM New York, NY}
}

@inproceedings{lemasurier2024reactive,
  title={Reactive or Proactive? How Robots Should Explain Failures},
  author={LeMasurier, Gregory and Gautam, Alvika and Han, Zhao and Crandall, Jacob W and Yanco, Holly A},
  booktitle={Proceedings of the 2024 ACM/IEEE International Conference on Human-Robot Interaction},
  pages={413--422},
  year={2024}
}

@inproceedings{lyons2013being,
  title={Being Transparent about Transparency: A Model for Human-Robot Interaction},
  author={Lyons, Joseph B},
  booktitle={2013 AAAI spring symposium series},
  year={2013}
}

@article{marge2022spoken,
  title={Spoken Language Interaction with Robots: Recommendations for Future Research},
  author={Marge, Matthew and Espy-Wilson, Carol and Ward, Nigel G and Alwan, Abeer and Artzi, Yoav and Bansal, Mohit and Blankenship, Gil and Chai, Joyce and Daum{\'e} III, Hal and Dey, Debadeepta and others},
  journal={Computer Speech \& Language},
  volume={71},
  pages={101255},
  year={2022},
  publisher={Elsevier}
}

@article{moore2015talking,
  title={From Talking and Listening Robots to Intelligent Communicative Machines},
  author={Moore, Roger K},
  journal={Robots that talk and listen},
  pages={317--335},
  year={2015},
  publisher={Citeseer}
}

@inproceedings{reig2021flailing,
  title={Flailing, hailing, prevailing: Perceptions of multi-robot failure recovery strategies},
  author={Reig, Samantha and Carter, Elizabeth J and Fong, Terrence and Forlizzi, Jodi and Steinfeld, Aaron},
  booktitle={Proceedings of the 2021 ACM/IEEE International Conference on Human-Robot Interaction},
  pages={158--167},
  year={2021}
}

@article{reimann2024survey,
  title={A Survey on Dialogue Management in Human-Robot Interaction},
  author={Reimann, Merle M and Kunneman, Florian A and Oertel, Catharine and Hindriks, Koen V},
  journal={ACM Transactions on Human-Robot Interaction},
  year={2024},
  publisher={ACM New York, NY}
}

@inproceedings{she2014back,
  title={Back to the Blocks World: Learning new Actions through Situated Human-Robot Dialogue},
  author={She, Lanbo and Yang, Shaohua and Cheng, Yu and Jia, Yunyi and Chai, Joyce and Xi, Ning},
  booktitle={Proceedings of the 15th annual meeting of the special interest group on discourse and dialogue (SIGDIAL)},
  pages={89--97},
  year={2014}
}

@inproceedings{wen2023fresh,
  title={Fresh start: Encouraging politeness in wakeword-driven human-robot interaction},
  author={Wen, Ruchen and Hanson, Alyssa and Han, Zhao and Williams, Tom},
  booktitle={Proceedings of the 2023 ACM/IEEE International Conference on Human-Robot Interaction},
  pages={112--121},
  year={2023}
}

@inproceedings{ye2019human,
  title={Human trust after robot mistakes: Study of the effects of different forms of robot communication},
  author={Ye, Sean and Neville, Glen and Schrum, Mariah and Gombolay, Matthew and Chernova, Sonia and Howard, Ayanna},
  booktitle={2019 28th IEEE International Conference on Robot and Human Interactive Communication (RO-MAN)},
  pages={1--7},
  year={2019},
  organization={IEEE}
}

