@article{CHENTransUNet,
title = {TransUNet: Rethinking the U-Net architecture design for medical image segmentation through the lens of transformers},
journal = {Medical Image Analysis},
volume = {97},
pages = {103280},
year = {2024},
issn = {1361-8415},
doi = {https://doi.org/10.1016/j.media.2024.103280},
}

@article{Swin-unet,
  title={Swin-unet: Unet-like pure transformer for medical image segmentation},
  author={Cao, Hu and Wang, Yueyue and Chen, Joy and Jiang, Dongsheng and Zhang, Xiaopeng and Tian, Qi and Wang, Manning},
  journal={arXiv preprint arXiv:2105.05537},
  year={2021}
}

@article{bi2023bpat,
  title={BPAT-UNet: Boundary preserving assembled transformer UNet for ultrasound thyroid nodule segmentation},
  author={Bi, Hui and Cai, Chengjie and Sun, Jiawei and Jiang, Yibo and Lu, Gang and Shu, Huazhong and Ni, Xinye},
  journal={Computer methods and programs in biomedicine},
  volume={238},
  pages={107614},
  year={2023},
  publisher={Elsevier}
}

@article{chaitanya2023localcontrastive,
  title={Local contrastive loss with pseudo-label based self-training for semi-supervised medical image segmentation},
  author={Chaitanya, Krishna and Erdil, Ertunc and Karani, Neerav and Konukoglu, Ender},
  journal={Medical image analysis},
  volume={87},
  pages={102792},
  year={2023},
  publisher={Elsevier}
}

@inproceedings{chen2020simCLR,
  title={A simple framework for contrastive learning of visual representations},
  author={Chen, Ting and Kornblith, Simon and Norouzi, Mohammad and Hinton, Geoffrey},
  booktitle={International conference on machine learning},
  pages={1597--1607},
  year={2020},
  organization={PMLR}
}

@inproceedings{chen2021simsiam,
  title={Exploring simple siamese representation learning},
  author={Chen, Xinlei and He, Kaiming},
  booktitle={Proceedings of the IEEE/CVF conference on computer vision and pattern recognition},
  pages={15750--15758},
  year={2021}
}

@article{chen2024masam,
  title={Ma-sam: Modality-agnostic sam adaptation for 3d medical image segmentation},
  author={Chen, Cheng and Miao, Juzheng and Wu, Dufan and Zhong, Aoxiao and Yan, Zhiling and Kim, Sekeun and Hu, Jiang and Liu, Zhengliang and Sun, Lichao and Li, Xiang and others},
  journal={Medical Image Analysis},
  volume={98},
  pages={103310},
  year={2024},
  publisher={Elsevier}
}

@article{chen2024mlmseg,
  title={MLMSeg: a multi-view learning model for ultrasound thyroid nodule segmentation},
  author={Chen, Guanyuan and Tan, Guanghua and Duan, Mingxing and Pu, Bin and Luo, Hongxia and Li, Shengli and Li, Kenli},
  journal={Computers in Biology and Medicine},
  volume={169},
  pages={107898},
  year={2024},
  publisher={Elsevier}
}

@article{chi2023htunet,
  title={Hybrid transformer UNet for thyroid segmentation from ultrasound scans},
  author={Chi, Jianning and Li, Zelan and Sun, Zhiyi and Yu, Xiaosheng and Wang, Huan},
  journal={Computers in Biology and Medicine},
  volume={153},
  pages={106453},
  year={2023},
  publisher={Elsevier}
}

@article{das2024nodulereview,
  title={Deep learning for thyroid nodule examination: a technical review},
  author={Das, Debottama and Iyengar, M Sriram and Majdi, Mohammad S and Rodriguez, Jeffrey J and Alsayed, Mahmoud},
  journal={Artificial Intelligence Review},
  volume={57},
  number={3},
  pages={47},
  year={2024},
  publisher={Springer}
}

@inproceedings{du2022weakly-prototype,
  title={Weakly supervised semantic segmentation by pixel-to-prototype contrast},
  author={Du, Ye and Fu, Zehua and Liu, Qingjie and Wang, Yunhong},
  booktitle={Proceedings of the IEEE/CVF Conference on Computer Vision and Pattern Recognition},
  pages={4320--4329},
  year={2022}
}

@article{du2023weakly3D,
  title={Weakly-supervised 3D medical image segmentation using geometric prior and contrastive similarity},
  author={Du, Hao and Dong, Qihua and Xu, Yan and Liao, Jing},
  journal={IEEE Transactions on Medical Imaging},
  year={2023},
  publisher={IEEE}
}

@article{fan2024uncertainty,
  title={Enhancing Weakly Supervised 3D Medical Image Segmentation through Probabilistic-aware Learning},
  author={Fan, Zhaoxin and Jiang, Runmin and Wu, Junhao and Huang, Xin and Wang, Tianyang and Huang, Heng and Xu, Min},
  journal={arXiv preprint arXiv:2403.02566},
  year={2024}
}

@article{gong2023thyroid,
  title={Thyroid region prior guided attention for ultrasound segmentation of thyroid nodules},
  author={Gong, Haifan and Chen, Jiaxin and Chen, Guanqi and Li, Haofeng and Li, Guanbin and Chen, Fei},
  journal={Computers in biology and medicine},
  volume={155},
  pages={106389},
  year={2023},
  publisher={Elsevier}
}

@article{grill2020BYOL,
  title={Bootstrap your own latent-a new approach to self-supervised learning},
  author={Grill, Jean-Bastien and Strub, Florian and Altch{\'e}, Florent and Tallec, Corentin and Richemond, Pierre and Buchatskaya, Elena and Doersch, Carl and Avila Pires, Bernardo and Guo, Zhaohan and Gheshlaghi Azar, Mohammad and others},
  journal={Advances in neural information processing systems},
  volume={33},
  pages={21271--21284},
  year={2020}
}

@article{guo2024weaklysup,
  title={Temporal contrastive and spatial enhancement coarse grained network for weakly supervised group activity recognition},
  author={Guo, Jie and Ge, Yongxin},
  journal={Engineering Applications of Artificial Intelligence},
  volume={133},
  pages={108115},
  year={2024},
  publisher={Elsevier}
}

@inproceedings{he2020moco,
  title={Momentum contrast for unsupervised visual representation learning},
  author={He, Kaiming and Fan, Haoqi and Wu, Yuxin and Xie, Saining and Girshick, Ross},
  booktitle={Proceedings of the IEEE/CVF conference on computer vision and pattern recognition},
  pages={9729--9738},
  year={2020}
}

@article{huang2024prototype-graph,
  title={Prototype-Guided Graph Reasoning Network for Few-Shot Medical Image Segmentation},
  author={Huang, Wendong and Hu, Jinwu and Xiao, Junhao and Wei, Yang and Bi, Xiuli and Xiao, Bin},
  journal={IEEE Transactions on Medical Imaging},
  year={2024},
  publisher={IEEE}
}

@article{isensee2021nnunet,
  title={nnU-Net: a self-configuring method for deep learning-based biomedical image segmentation},
  author={Isensee, Fabian and Jaeger, Paul F and Kohl, Simon AA and Petersen, Jens and Maier-Hein, Klaus H},
  journal={Nature methods},
  volume={18},
  number={2},
  pages={203--211},
  year={2021},
  publisher={Nature Publishing Group}
}

@inproceedings{kirillov2023SAM,
  title={Segment anything},
  author={Kirillov, Alexander and Mintun, Eric and Ravi, Nikhila and Mao, Hanzi and Rolland, Chloe and Gustafson, Laura and Xiao, Tete and Whitehead, Spencer and Berg, Alexander C and Lo, Wan-Yen and others},
  booktitle={Proceedings of the IEEE/CVF International Conference on Computer Vision},
  pages={4015--4026},
  year={2023}
}

@article{lei2023uncertainty2,
  title={One-shot weakly-supervised segmentation in 3D medical images},
  author={Lei, Wenhui and Su, Qi and Jiang, Tianyu and Gu, Ran and Wang, Na and Liu, Xinglong and Wang, Guotai and Zhang, Xiaofan and Zhang, Shaoting},
  journal={IEEE Transactions on Medical Imaging},
  year={2023},
  publisher={IEEE}
}

@article{li2023novelthyroid,
  title={A novel model of thyroid nodule segmentation for ultrasound images},
  author={Li, Chengfan and Du, Ruiqi and Luo, Quanyong and Wang, Ren and Ding, Xuehai},
  journal={Ultrasound in Medicine \& Biology},
  volume={49},
  number={2},
  pages={489--496},
  year={2023},
  publisher={Elsevier}
}

@article{li2023wsdac,
  title={A weakly supervised deep active contour model for nodule segmentation in thyroid ultrasound images},
  author={Li, Zhizhou and Zhou, Shichong and Chang, Cai and Wang, Yuanyuan and Guo, Yi},
  journal={Pattern Recognition Letters},
  volume={165},
  pages={128--137},
  year={2023},
  publisher={Elsevier}
}

@article{lin2024weaklysup,
  title={Fedlppa: learning personalized prompt and aggregation for federated weakly-supervised medical image segmentation},
  author={Lin, Li and Liu, Yixiang and Wu, Jiewei and Cheng, Pujin and Cai, Zhiyuan and Wong, Kenneth KY and Tang, Xiaoying},
  journal={IEEE Transactions on Medical Imaging},
  year={2024},
  publisher={IEEE}
}

@article{liu2024Swin-UMamba,
  title={Swin-UMambaâ€ : Adapting Mamba-based vision foundation models for medical image segmentation},
  author={Liu, Jiarun and Yang, Hao and Zhou, Hong-Yu and Yu, Lequan and Liang, Yong and Yu, Yizhou and Zhang, Shaoting and Zheng, Hairong and Wang, Shanshan},
  journal={IEEE Transactions on Medical Imaging},
  year={2024},
  publisher={IEEE}
}

@article{liu2024procns,
  title={ProCNS: Progressive Prototype Calibration and Noise Suppression for Weakly-Supervised Medical Image Segmentation},
  author={Liu, Yixiang and Lin, Li and Wong, Kenneth KY and Tang, Xiaoying},
  journal={IEEE Journal of Biomedical and Health Informatics},
  year={2024},
  publisher={IEEE}
}

@article{ma2024MED-SAM,
  title={Segment anything in medical images},
  author={Ma, Jun and He, Yuting and Li, Feifei and Han, Lin and You, Chenyu and Wang, Bo},
  journal={Nature Communications},
  volume={15},
  number={1},
  pages={654},
  year={2024},
  publisher={Nature Publishing Group UK London}
}

@article{ma2024tnseg,
  title={Tnseg: adversarial networks with multi-scale joint loss for thyroid nodule segmentation},
  author={Ma, Xiaoxuan and Sun, Boyang and Liu, Weifeng and Sui, Dong and Shan, Sihan and Chen, Jing and Tian, Zhaofeng},
  journal={The Journal of Supercomputing},
  volume={80},
  number={5},
  pages={6093--6118},
  year={2024},
  publisher={Springer}
}

@inproceedings{mahani2022uncrf,
  title={Bounding box based weakly supervised deep convolutional neural network for medical image segmentation using an uncertainty guided and spatially constrained loss},
  author={Mahani, Golnar K and Li, Ruizhe and Evangelou, Nikolaos and Sotiropolous, Stamatios and Morgan, Paul S and French, Andrew P and Chen, Xin},
  booktitle={2022 IEEE 19th International Symposium on Biomedical Imaging (ISBI)},
  pages={1--5},
  year={2022},
  organization={IEEE}
}

@article{mazurowski2023SAM_exprience,
  title={Segment anything model for medical image analysis: an experimental study},
  author={Mazurowski, Maciej A and Dong, Haoyu and Gu, Hanxue and Yang, Jichen and Konz, Nicholas and Zhang, Yixin},
  journal={Medical Image Analysis},
  volume={89},
  pages={102918},
  year={2023},
  publisher={Elsevier}
}

@misc{obuchowicz2024review,
  title={Clinical applications of artificial intelligence in medical imaging and image processingâ€”A review},
  author={Obuchowicz, Rafa{\l} and Strzelecki, Micha{\l} and Pi{\'o}rkowski, Adam},
  journal={Cancers},
  volume={16},
  number={10},
  pages={1870},
  year={2024},
  publisher={MDPI}
}

@article{oord2018representation,
  title={Representation Learning with Contrastive Predictive Coding},
  author={Oord, A. V. and Li, Y. and Vinyals, O.},
  journal={arXiv preprint arXiv:1807.03748},
  year={2018},
  url={https://arxiv.org/abs/1807.03748}
}

@article{ouyang2022self,
  title={Self-supervised learning for few-shot medical image segmentation},
  author={Ouyang, Cheng and Biffi, Carlo and Chen, Chen and Kart, Turkay and Qiu, Huaqi and Rueckert, Daniel},
  journal={IEEE Transactions on Medical Imaging},
  volume={41},
  number={7},
  pages={1837--1848},
  year={2022},
  publisher={IEEE}
}

@article{ozcan2024enhancedtransunet,
  title={Enhanced-TransUNet for ultrasound segmentation of thyroid nodules},
  author={Ozcan, Alper and Tosun, {\"O}m{\"u}r and Donmez, Emrah and Sanwal, Muhammad},
  journal={Biomedical Signal Processing and Control},
  volume={95},
  pages={106472},
  year={2024},
  publisher={Elsevier}
}

@article{rayed2024deepreview,
  title={Deep learning for medical image segmentation: State-of-the-art advancements and challenges},
  author={Rayed, Md Eshmam and Islam, SM Sajibul and Niha, Sadia Islam and Jim, Jamin Rahman and Kabir, Md Mohsin and Mridha, MF},
  journal={Informatics in Medicine Unlocked},
  pages={101504},
  year={2024},
  publisher={Elsevier}
}

@inproceedings{ronneberger2015unet,
  title={U-net: Convolutional networks for biomedical image segmentation},
  author={Ronneberger, Olaf and Fischer, Philipp and Brox, Thomas},
  booktitle={Medical image computing and computer-assisted intervention--MICCAI 2015: 18th international conference, Munich, Germany, October 5-9, 2015, proceedings, part III 18},
  pages={234--241},
  year={2015},
  organization={Springer}
}

@article{roth2021weaklysegmentation,
  title={Going to extremes: weakly supervised medical image segmentation},
  author={Roth, Holger R and Yang, Dong and Xu, Ziyue and Wang, Xiaosong and Xu, Daguang},
  journal={Machine Learning and Knowledge Extraction},
  volume={3},
  number={2},
  pages={507--524},
  year={2021},
  publisher={MDPI}
}

@article{ruan2024vm-unet,
  title={Vm-unet: Vision mamba unet for medical image segmentation},
  author={Ruan, Jiacheng and Li, Jincheng and Xiang, Suncheng},
  journal={arXiv preprint arXiv:2402.02491},
  year={2024}
}

@article{tao2022cenet,
  title={CENet: A channel-enhanced spatiotemporal network with sufficient supervision information for recognizing industrial smoke emissions},
  author={Tao, Huanjie and Xie, Chao and Wang, Jing and Xin, Zhouxin},
  journal={IEEE internet of things journal},
  volume={9},
  number={19},
  pages={18749--18759},
  year={2022},
  publisher={IEEE}
}

@inproceedings{tian2020cmc,
  title={Contrastive multiview coding},
  author={Tian, Yonglong and Krishnan, Dilip and Isola, Phillip},
  booktitle={Computer Vision--ECCV 2020: 16th European Conference, Glasgow, UK, August 23--28, 2020, Proceedings, Part XI 16},
  pages={776--794},
  year={2020},
  organization={Springer}
}

@inproceedings{wang2021ContrastiveSeg,
  title={Exploring cross-image pixel contrast for semantic segmentation},
  author={Wang, Wenguan and Zhou, Tianfei and Yu, Fisher and Dai, Jifeng and Konukoglu, Ender and Van Gool, Luc},
  booktitle={Proceedings of the IEEE/CVF international conference on computer vision},
  pages={7303--7313},
  year={2021}
}

@inproceedings{wang2022contrastmask,
  title={Contrastmask: Contrastive learning to segment every thing},
  author={Wang, Xuehui and Zhao, Kai and Zhang, Ruixin and Ding, Shouhong and Wang, Yan and Shen, Wei},
  booktitle={Proceedings of the IEEE/CVF Conference on Computer Vision and Pattern Recognition},
  pages={11604--11613},
  year={2022}
}

@inproceedings{wang2023WSL-MIS,
title={Weakly supervised medical image segmentation through dense combinations of dense pseudo-labels},
author={Wang, Ziyang and Voiculescu, Irina},
booktitle={MICCAI Workshop on Data Engineering in Medical Imaging},
pages={1--10},
year={2023},
organization={Springer}
}

@inproceedings{wang2023s2me,
  title={S 2 ME: Spatial-Spectral Mutual Teaching and Ensemble Learning for Scribble-Supervised Polyp Segmentation},
  author={Wang, An and Xu, Mengya and Zhang, Yang and Islam, Mobarakol and Ren, Hongliang},
  booktitle={International Conference on Medical Image Computing and Computer-Assisted Intervention},
  pages={35--45},
  year={2023},
  organization={Springer}
}

@article{wang2024boundary-prototype,
  title={Boundary-Aware Prototype in Semi-Supervised Medical Image Segmentation},
  author={Wang, YongChao and Xiao, Bin and Bi, Xiuli and Li, Weisheng and Gao, Xinbo},
  journal={IEEE Transactions on Image Processing},
  year={2024},
  publisher={IEEE}
}

@article{wang2024mamba-unet,
  title={Mamba-unet: Unet-like pure visual mamba for medical image segmentation},
  author={Wang, Ziyang and Zheng, Jian-Qing and Zhang, Yichi and Cui, Ge and Li, Lei},
  journal={arXiv preprint arXiv:2402.05079},
  year={2024}
}

@article{wen2022slotCon,
  title={Self-supervised visual representation learning with semantic grouping},
  author={Wen, Xin and Zhao, Bingchen and Zheng, Anlin and Zhang, Xiangyu and Qi, Xiaojuan},
  journal={Advances in neural information processing systems},
  volume={35},
  pages={16423--16438},
  year={2022}
}

@inproceedings{wu2018InstDisc,
  title={Unsupervised feature learning via non-parametric instance discrimination},
  author={Wu, Zhirong and Xiong, Yuanjun and Yu, Stella X and Lin, Dahua},
  booktitle={Proceedings of the IEEE conference on computer vision and pattern recognition},
  pages={3733--3742},
  year={2018}
}

@inproceedings{wu2024medsegdiff,
  title={Medsegdiff: Medical image segmentation with diffusion probabilistic model},
  author={Wu, Junde and Fu, Rao and Fang, Huihui and Zhang, Yu and Yang, Yehui and Xiong, Haoyi and Liu, Huiying and Xu, Yanwu},
  booktitle={Medical Imaging with Deep Learning},
  pages={1623--1639},
  year={2024},
  organization={PMLR}
}

@inproceedings{wu2024voco,
  title={Voco: A simple-yet-effective volume contrastive learning framework for 3d medical image analysis},
  author={Wu, Linshan and Zhuang, Jiaxin and Chen, Hao},
  booktitle={Proceedings of the IEEE/CVF Conference on Computer Vision and Pattern Recognition},
  pages={22873--22882},
  year={2024}
}

@inproceedings{xing2024segmamba,
  title={Segmamba: Long-range sequential modeling mamba for 3d medical image segmentation},
  author={Xing, Zhaohu and Ye, Tian and Yang, Yijun and Liu, Guang and Zhu, Lei},
  booktitle={International Conference on Medical Image Computing and Computer-Assisted Intervention},
  pages={578--588},
  year={2024},
  organization={Springer}
}

@inproceedings{ye2019Invaspread,
  title={Unsupervised embedding learning via invariant and spreading instance feature},
  author={Ye, Mang and Zhang, Xu and Yuen, Pong C and Chang, Shih-Fu},
  booktitle={Proceedings of the IEEE/CVF conference on computer vision and pattern recognition},
  pages={6210--6219},
  year={2019}
}

@inproceedings{yun2022patch,
  title={Patch-level representation learning for self-supervised vision transformers},
  author={Yun, Sukmin and Lee, Hankook and Kim, Jaehyung and Shin, Jinwoo},
  booktitle={Proceedings of the IEEE/CVF conference on computer vision and pattern recognition},
  pages={8354--8363},
  year={2022}
}

@inproceedings{zhang2020scrf,
  title={A spatially constrained deep convolutional neural network for nerve fiber segmentation in corneal confocal microscopic images using inaccurate annotations},
  author={Zhang, Ning and Francis, Susan and Malik, Rayaz A and Chen, Xin},
  booktitle={2020 IEEE 17th International Symposium on Biomedical Imaging (ISBI)},
  pages={456--460},
  year={2020},
  organization={IEEE}
}

@article{zhang2023ADCLR,
  title={Patch-level contrasting without patch correspondence for accurate and dense contrastive representation learning},
  author={Zhang, Shaofeng and Zhu, Feng and Zhao, Rui and Yan, Junchi},
  journal={arXiv preprint arXiv:2306.13337},
  year={2023}
}

@inproceedings{zhao2021contrastive-pixel,
  title={Contrastive learning for label efficient semantic segmentation},
  author={Zhao, Xiangyun and Vemulapalli, Raviteja and Mansfield, Philip Andrew and Gong, Boqing and Green, Bradley and Shapira, Lior and Wu, Ying},
  booktitle={Proceedings of the IEEE/CVF International Conference on Computer Vision},
  pages={10623--10633},
  year={2021}
}

@article{zhao2024IDMPS,
  title={Ultrasound Nodule Segmentation Using Asymmetric Learning with Simple Clinical Annotation},
  author={Zhao, Xingyue and Li, Zhongyu and Luo, Xiangde and Li, Peiqi and Huang, Peng and Zhu, Jianwei and Liu, Yang and Zhu, Jihua and Yang, Meng and Chang, Shi and others},
  journal={IEEE Transactions on Circuits and Systems for Video Technology},
  year={2024},
  publisher={IEEE}
}

@inproceedings{zhao2024cpnet,
  title={CPNet: Cross Prototype Network for Few-Shot Medical Image Segmentation},
  author={Zhao, Zeyun and Gao, Jianzhe and Luo, Zhiming and Li, Shaozi},
  booktitle={Chinese Conference on Pattern Recognition and Computer Vision (PRCV)},
  pages={135--149},
  year={2024},
  organization={Springer}
}

@inproceedings{zhao2024sam,
  title={Sam-Driven Weakly Supervised Nodule Segmentation with Uncertainty-Aware Cross Teaching},
  author={Zhao, Xingyue and Li, Peiqi and Luo, Xiangde and Yang, Meng and Chang, Shi and Li, Zhongyu},
  booktitle={2024 IEEE International Symposium on Biomedical Imaging (ISBI)},
  pages={1--5},
  year={2024},
  organization={IEEE}
}

@inproceedings{zhou2018unet++,
  title={Unet++: A nested u-net architecture for medical image segmentation},
  author={Zhou, Zongwei and Rahman Siddiquee, Md Mahfuzur and Tajbakhsh, Nima and Liang, Jianming},
  booktitle={Deep Learning in Medical Image Analysis and Multimodal Learning for Clinical Decision Support: 4th International Workshop, DLMIA 2018, and 8th International Workshop, ML-CDS 2018, Held in Conjunction with MICCAI 2018, Granada, Spain, September 20, 2018, Proceedings 4},
  pages={3--11},
  year={2018},
  organization={Springer}
}

@article{zhou2024Thyroid-DETR,
  title={Thyroid-DETR: Thyroid nodule detection model with transformer in ultrasound images},
  author={Zhou, Yu-Tong and Yang, Tian-Yu and Han, Xue-Hua and Piao, Jin-Chun},
  journal={Biomedical Signal Processing and Control},
  volume={98},
  pages={106762},
  year={2024},
  publisher={Elsevier}
}

