
IEEEexample.bib 
V1.12 (2007/01/11)
Copyright (c) 2002-2007 by Michael Shell
See: http://www.michaelshell.org/
for current contact information.

This is an example BibTeX database for the official IEEEtran.bst
BibTeX style file.

Some entries call strings that are defined in the IEEEabrv.bib file.
Therefore, IEEEabrv.bib should be loaded prior to this file. 
Usage: 

\bibliographystyle{./IEEEtranS}
\bibliography{./IEEEabrv,./IEEEexample}


Support sites:
http://www.michaelshell.org/tex/ieeetran/
http://www.ctan.org/tex-archive/macros/latex/contrib/IEEEtran/
and/or
http://www.ieee.org/

*************************************************************************
Legal Notice:
This code is offered as-is without any warranty either expressed or
implied; without even the implied warranty of MERCHANTABILITY or
FITNESS FOR A PARTICULAR PURPOSE! 
User assumes all risk.
In no event shall IEEE or any contributor to this code be liable for
any damages or losses, including, but not limited to, incidental,
consequential, or any other damages, resulting from the use or misuse
of any information contained here.

All comments are the opinions of their respective authors and are not
necessarily endorsed by the IEEE.

This work is distributed under the LaTeX Project Public License (LPPL)
( http://www.latex-project.org/ ) version 1.3, and may be freely used,
distributed and modified. A copy of the LPPL, version 1.3, is included
in the base LaTeX documentation of all distributions of LaTeX released
2003/12/01 or later.
Retain all contribution notices and credits.
** Modified files should be clearly indicated as such, including  **
** renaming them and changing author support contact information. **

File list of work: IEEEabrv.bib, IEEEfull.bib, IEEEexample.bib,
                   IEEEtran.bst, IEEEtranS.bst, IEEEtranSA.bst,
                   IEEEtranN.bst, IEEEtranSN.bst, IEEEtran_bst_HOWTO.pdf
*************************************************************************

Those fields that are not to be changed can be left out.
@IEEEtranBSTCTL{BSTcontrol,
  CTLuse_article_number     = "yes",
  CTLuse_paper              = "yes",
  CTLuse_forced_etal        = "no",
  CTLmax_names_forced_etal  = "10",
  CTLnames_show_etal        = "1",
  CTLuse_alt_spacing        = "yes",
  CTLalt_stretch_factor     = "4",
  CTLdash_repeated_names    = "yes",
  CTLname_format_string     = "{f.~}{vv~}{ll}{, jj}",
  CTLname_latex_cmd         = "",
  CTLname_url_prefix        = "[Online]. Available:"
}


@article{tessler2017Ti-rads,
  title={ACR thyroid imaging, reporting and data system (TI-RADS): white paper of the ACR TI-RADS committee},
  author={Tessler, Franklin N and Middleton, William D and Grant, Edward G and Hoang, Jenny K and Berland, Lincoln L and Teefey, Sharlene A and Cronan, John J and Beland, Michael D and Desser, Terry S and Frates, Mary C and others},
  journal={Journal of the American college of radiology},
  volume={14},
  number={5},
  pages={587--595},
  year={2017},
  publisher={Elsevier}
}

@article{chen2020review,
  title={A review of thyroid gland segmentation and thyroid nodule segmentation methods for medical ultrasound images},
  author={Chen, Junying and You, Haijun and Li, Kai},
  journal={Computer methods and programs in biomedicine},
  volume={185},
  pages={105329},
  year={2020},
  publisher={Elsevier}
}

@article{inan2024multi,
  title={Multi-class classification of thyroid nodules from automatic segmented ultrasound images: Hybrid ResNet based UNet convolutional neural network approach},
  author={Inan, Neslihan G{\"o}kmen and Kocada{\u{g}}l{\i}, Ozan and Y{\i}ld{\i}r{\i}m, D{\"u}zg{\"u}n and Me{\c{s}}e, {\.I}smail and Kovan, {\"O}zge},
  journal={Computer Methods and Programs in Biomedicine},
  volume={243},
  pages={107921},
  year={2024},
  publisher={Elsevier}
}

@article{gong2023thyroid,
  title={Thyroid region prior guided attention for ultrasound segmentation of thyroid nodules},
  author={Gong, Haifan and Chen, Jiaxin and Chen, Guanqi and Li, Haofeng and Li, Guanbin and Chen, Fei},
  journal={Computers in biology and medicine},
  volume={155},
  pages={106389},
  year={2023},
  publisher={Elsevier}
}

@article{khor2022ultrasound,
  title={Ultrasound speckle reduction using wavelet-based generative adversarial network},
  author={Khor, Hee Guan and Ning, Guochen and Zhang, Xinran and Liao, Hongen},
  journal={IEEE Journal of Biomedical and Health Informatics},
  volume={26},
  number={7},
  pages={3080--3091},
  year={2022},
  publisher={IEEE}
}

@inproceedings{chen2022mtnnet,
  title={MTN-Net: a multi-task network for detection and segmentation of thyroid nodules in ultrasound images},
  author={Chen, Leyao and Zheng, Wei and Hu, Wenxin},
  booktitle={International Conference on Knowledge Science, Engineering and Management},
  pages={219--232},
  year={2022},
  organization={Springer}
}

@article{xiang2025federated,
  title={Federated learning via multi-attention guided UNET for thyroid nodule segmentation of ultrasound images},
  author={Xiang, Zhuo and Tian, Xiaoyu and Liu, Yiyao and Chen, Minsi and Zhao, Cheng and Tang, Li-Na and Xue, En-Sheng and Zhou, Qi and Shen, Bin and Li, Fang and others},
  journal={Neural Networks},
  volume={181},
  pages={106754},
  year={2025},
  publisher={Elsevier}
}

@article{chen2024region,
  title={Region-based online selective examination for weakly supervised semantic segmentation},
  author={Chen, Qi and Chen, Yun and Huang, Yuheng and Xie, Xiaohua and Yang, Lingxiao},
  journal={Information Fusion},
  volume={107},
  pages={102311},
  year={2024},
  publisher={Elsevier}
}

@article{lejeune2021positive,
  title={A positive/unlabeled approach for the segmentation of medical sequences using point-wise supervision},
  author={Lejeune, Laurent and Sznitman, Raphael},
  journal={Medical image analysis},
  volume={73},
  pages={102185},
  year={2021},
  publisher={Elsevier}
}

@article{lejeune2018iterative,
  title={Iterative multi-path tracking for video and volume segmentation with sparse point supervision},
  author={Lejeune, Laurent and Grossrieder, Jan and Sznitman, Raphael},
  journal={Medical image analysis},
  volume={50},
  pages={65--81},
  year={2018},
  publisher={Elsevier}
}


@article{zhao2020weakly,
  title={Weakly supervised cell segmentation by point annotation},
  author={Zhao, Tianyi and Yin, Zhaozheng},
  journal={IEEE Transactions on Medical Imaging},
  volume={40},
  number={10},
  pages={2736--2747},
  year={2020},
  publisher={IEEE}
}

@article{yu2022adaptive,
  title={Adaptive soft erasure with edge self-attention for weakly supervised semantic segmentation: thyroid ultrasound image case study},
  author={Yu, Mei and Han, Ming and Li, Xuewei and Wei, Xi and Jiang, Han and Chen, Huiling and Yu, Ruiguo},
  journal={Computers in Biology and Medicine},
  volume={144},
  pages={105347},
  year={2022},
  publisher={Elsevier}
}

@article{zhao2024ultrasound,
  title={Ultrasound Nodule Segmentation Using Asymmetric Learning with Simple Clinical Annotation},
  author={Zhao, Xingyue and Li, Zhongyu and Luo, Xiangde and Li, Peiqi and Huang, Peng and Zhu, Jianwei and Liu, Yang and Zhu, Jihua and Yang, Meng and Chang, Shi and others},
  journal={IEEE Transactions on Circuits and Systems for Video Technology},
  year={2024},
  publisher={IEEE}
}

@inproceedings{zhao2024sam,
  title={Sam-Driven Weakly Supervised Nodule Segmentation with Uncertainty-Aware Cross Teaching},
  author={Zhao, Xingyue and Li, Peiqi and Luo, Xiangde and Yang, Meng and Chang, Shi and Li, Zhongyu},
  booktitle={2024 IEEE International Symposium on Biomedical Imaging (ISBI)},
  pages={1--5},
  year={2024},
  organization={IEEE}
}

@article{han2024dmsps,
  title={DMSPS: Dynamically mixed soft pseudo-label supervision for scribble-supervised medical image segmentation},
  author={Han, Meng and Luo, Xiangde and Xie, Xiangjiang and Liao, Wenjun and Zhang, Shichuan and Song, Tao and Wang, Guotai and Zhang, Shaoting},
  journal={Medical Image Analysis},
  volume={97},
  pages={103274},
  year={2024},
  publisher={Elsevier}
}

@article{zhang2024weakly,
  title={Weakly-supervised structural component segmentation via scribble annotations},
  author={Zhang, Chenyu and Li, Ke and Yin, Zhaozheng and Qin, Ruwen},
  journal={Computer-Aided Civil and Infrastructure Engineering},
  year={2024},
  publisher={Wiley Online Library}
}

@article{oord2018representation,
  title={Representation Learning with Contrastive Predictive Coding},
  author={Oord, A. V. and Li, Y. and Vinyals, O.},
  journal={arXiv preprint arXiv:1807.03748},
  year={2018},
  url={https://arxiv.org/abs/1807.03748}
}

@inproceedings{SETR,
  title={Rethinking semantic segmentation from a sequence-to-sequence perspective with transformers},
  author={Zheng, Sixiao and Lu, Jiachen and Zhao, Hengshuang and Zhu, Xiatian and Luo, Zekun and Wang, Yabiao and Fu, Yanwei and Feng, Jianfeng and Xiang, Tao and Torr, Philip HS and others},
  booktitle={Proceedings of the IEEE/CVF conference on computer vision and pattern recognition},
  pages={6881--6890},
  year={2021}
}

@article{Swin-unet,
  title={Swin-unet: Unet-like pure transformer for medical image segmentation},
  author={Cao, Hu and Wang, Yueyue and Chen, Joy and Jiang, Dongsheng and Zhang, Xiaopeng and Tian, Qi and Wang, Manning},
  journal={arXiv preprint arXiv:2105.05537},
  year={2021}
}

@article{li2024scribformer,
  title={Scribformer: Transformer makes cnn work better for scribble-based medical image segmentation},
  author={Li, Zihan and Zheng, Yuan and Shan, Dandan and Yang, Shuzhou and Li, Qingde and Wang, Beizhan and Zhang, Yuanting and Hong, Qingqi and Shen, Dinggang},
  journal={IEEE Transactions on Medical Imaging},
  year={2024},
  publisher={IEEE}
}

@inproceedings{pan2024less,
  title={Less is more: label recommendation for weakly supervised point cloud semantic segmentation},
  author={Pan, Zhiyi and Zhang, Nan and Gao, Wei and Liu, Shan and Li, Ge},
  booktitle={Proceedings of the AAAI Conference on Artificial Intelligence},
  volume={38},
  number={5},
  pages={4397--4405},
  year={2024}
}

@article{ozcan2024enhancedtransunet,
  title={Enhanced-TransUNet for ultrasound segmentation of thyroid nodules},
  author={Ozcan, Alper and Tosun, {\"O}m{\"u}r and Donmez, Emrah and Sanwal, Muhammad},
  journal={Biomedical Signal Processing and Control},
  volume={95},
  pages={106472},
  year={2024},
  publisher={Elsevier}
}

@article{wu2024knowledge,
  title={A knowledge-interpretable multi-task learning framework for automated thyroid nodule diagnosis in ultrasound videos},
  author={Wu, Xiangqiong and Tan, Guanghua and Luo, Hongxia and Chen, Zhilun and Pu, Bin and Li, Shengli and Li, Kenli},
  journal={Medical Image Analysis},
  volume={91},
  pages={103039},
  year={2024},
  publisher={Elsevier}
}

@article{oktay2018attention,
  title={Attention u-net: Learning where to look for the pancreas},
  author={Oktay, Ozan and Schlemper, Jo and Folgoc, Loic Le and Lee, Matthew and Heinrich, Mattias and Misawa, Kazunari and Mori, Kensaku and McDonagh, Steven and Hammerla, Nils Y and Kainz, Bernhard and others},
  journal={arXiv preprint arXiv:1804.03999},
  year={2018}
}

@inproceedings{zhou2018unet++,
  title={Unet++: A nested u-net architecture for medical image segmentation},
  author={Zhou, Zongwei and Rahman Siddiquee, Md Mahfuzur and Tajbakhsh, Nima and Liang, Jianming},
  booktitle={Deep Learning in Medical Image Analysis and Multimodal Learning for Clinical Decision Support: 4th International Workshop, DLMIA 2018, and 8th International Workshop, ML-CDS 2018, Held in Conjunction with MICCAI 2018, Granada, Spain, September 20, 2018, Proceedings 4},
  pages={3--11},
  year={2018},
  organization={Springer}
}

@inproceedings{ronneberger2015unet,
  title={U-net: Convolutional networks for biomedical image segmentation},
  author={Ronneberger, Olaf and Fischer, Philipp and Brox, Thomas},
  booktitle={Medical image computing and computer-assisted intervention--MICCAI 2015: 18th international conference, Munich, Germany, October 5-9, 2015, proceedings, part III 18},
  pages={234--241},
  year={2015},
  organization={Springer}
}

@article{cai2020denseunet,
  title={Dense-UNet: a novel multiphoton in vivo cellular image segmentation model based on a convolutional neural network},
  author={Cai, Sijing and Tian, Yunxian and Lui, Harvey and Zeng, Haishan and Wu, Yi and Chen, Guannan},
  journal={Quantitative imaging in medicine and surgery},
  volume={10},
  number={6},
  pages={1275},
  year={2020},
  publisher={AME Publications}
}

@article{tao2022cenet,
  title={CENet: A channel-enhanced spatiotemporal network with sufficient supervision information for recognizing industrial smoke emissions},
  author={Tao, Huanjie and Xie, Chao and Wang, Jing and Xin, Zhouxin},
  journal={IEEE internet of things journal},
  volume={9},
  number={19},
  pages={18749--18759},
  year={2022},
  publisher={IEEE}
}

@article{ma2017ultrasound,
  title={Ultrasound image-based thyroid nodule automatic segmentation using convolutional neural networks},
  author={Ma, Jinlian and Wu, Fa and Jiang, Tian’an and Zhao, Qiyu and Kong, Dexing},
  journal={International journal of computer assisted radiology and surgery},
  volume={12},
  pages={1895--1910},
  year={2017},
  publisher={Springer}
}

@article{li2023wsdac,
  title={A weakly supervised deep active contour model for nodule segmentation in thyroid ultrasound images},
  author={Li, Zhizhou and Zhou, Shichong and Chang, Cai and Wang, Yuanyuan and Guo, Yi},
  journal={Pattern Recognition Letters},
  volume={165},
  pages={128--137},
  year={2023},
  publisher={Elsevier}
}

@inproceedings{ahn2018pixel,
  title={Learning pixel-level semantic affinity with image-level supervision for weakly supervised semantic segmentation},
  author={Ahn, Jiwoon and Kwak, Suha},
  booktitle={Proceedings of the IEEE conference on computer vision and pattern recognition},
  pages={4981--4990},
  year={2018}
}

@inproceedings{yoo2019pseudoedgenet,
  title={Pseudoedgenet: Nuclei segmentation only with point annotations},
  author={Yoo, Inwan and Yoo, Donggeun and Paeng, Kyunghyun},
  booktitle={Medical Image Computing and Computer Assisted Intervention--MICCAI 2019: 22nd International Conference, Shenzhen, China, October 13--17, 2019, Proceedings, Part I 22},
  pages={731--739},
  year={2019},
  organization={Springer}
}


@inproceedings{wang2015slic,
  title={Slic-Seg: slice-by-slice segmentation propagation of the placenta in fetal MRI using one-plane scribbles and online learning},
  author={Wang, Guotai and Zuluaga, Maria A and Pratt, Rosalind and Aertsen, Michael and David, Anna L and Deprest, Jan and Vercauteren, Tom and Ourselin, Sebastien},
  booktitle={Medical Image Computing and Computer-Assisted Intervention--MICCAI 2015: 18th International Conference, Munich, Germany, October 5-9, 2015, Proceedings, Part III 18},
  pages={29--37},
  year={2015},
  organization={Springer}
}

@inproceedings{durand2017wildcat,
  title={Wildcat: Weakly supervised learning of deep convnets for image classification, pointwise localization and segmentation},
  author={Durand, Thibaut and Mordan, Taylor and Thome, Nicolas and Cord, Matthieu},
  booktitle={Proceedings of the IEEE conference on computer vision and pattern recognition},
  pages={642--651},
  year={2017}
}

@inproceedings{guo2020weakly,
  title={Weakly supervised organ localization with attention maps regularized by local area reconstruction},
  author={Guo, Heng and Xu, Minfeng and Chi, Ying and Zhang, Lei and Hua, Xian-Sheng},
  booktitle={Medical Image Computing and Computer Assisted Intervention--MICCAI 2020: 23rd International Conference, Lima, Peru, October 4--8, 2020, Proceedings, Part I 23},
  pages={243--252},
  year={2020},
  organization={Springer}
}

@article{chi2023htunet,
  title={Hybrid transformer UNet for thyroid segmentation from ultrasound scans},
  author={Chi, Jianning and Li, Zelan and Sun, Zhiyi and Yu, Xiaosheng and Wang, Huan},
  journal={Computers in Biology and Medicine},
  volume={153},
  pages={106453},
  year={2023},
  publisher={Elsevier}
}

@inproceedings{zhang2020scrf,
  title={A spatially constrained deep convolutional neural network for nerve fiber segmentation in corneal confocal microscopic images using inaccurate annotations},
  author={Zhang, Ning and Francis, Susan and Malik, Rayaz A and Chen, Xin},
  booktitle={2020 IEEE 17th International Symposium on Biomedical Imaging (ISBI)},
  pages={456--460},
  year={2020},
  organization={IEEE}
}

@inproceedings{mahani2022uncrf,
  title={Bounding box based weakly supervised deep convolutional neural network for medical image segmentation using an uncertainty guided and spatially constrained loss},
  author={Mahani, Golnar K and Li, Ruizhe and Evangelou, Nikolaos and Sotiropolous, Stamatios and Morgan, Paul S and French, Andrew P and Chen, Xin},
  booktitle={2022 IEEE 19th International Symposium on Biomedical Imaging (ISBI)},
  pages={1--5},
  year={2022},
  organization={IEEE}
}

@inproceedings{tian2021boxinst,
  title={Boxinst: High-performance instance segmentation with box annotations},
  author={Tian, Zhi and Shen, Chunhua and Wang, Xinlong and Chen, Hao},
  booktitle={Proceedings of the IEEE/CVF Conference on Computer Vision and Pattern Recognition},
  pages={5443--5452},
  year={2021}
}

@article{hou2018seenet,
  title={Self-erasing network for integral object attention},
  author={Hou, Qibin and Jiang, PengTao and Wei, Yunchao and Cheng, Ming-Ming},
  journal={Advances in neural information processing systems},
  volume={31},
  year={2018}
}

@InProceedings{Ahn2018AffinityNet,
author = {Ahn, Jiwoon and Kwak, Suha},
title = {Learning Pixel-Level Semantic Affinity With Image-Level Supervision for Weakly Supervised Semantic Segmentation},
booktitle = {Proceedings of the IEEE Conference on Computer Vision and Pattern Recognition (CVPR)},
month = {June},
year = {2018}
}

@article{yu2022sse-wssn,
  title={Adaptive soft erasure with edge self-attention for weakly supervised semantic segmentation: thyroid ultrasound image case study},
  author={Yu, Mei and Han, Ming and Li, Xuewei and Wei, Xi and Jiang, Han and Chen, Huiling and Yu, Ruiguo},
  journal={Computers in Biology and Medicine},
  volume={144},
  pages={105347},
  year={2022},
  publisher={Elsevier}
}

@inproceedings{chen2022ccam,
  title={C-cam: Causal cam for weakly supervised semantic segmentation on medical image},
  author={Chen, Zhang and Tian, Zhiqiang and Zhu, Jihua and Li, Ce and Du, Shaoyi},
  booktitle={Proceedings of the IEEE/CVF Conference on Computer Vision and Pattern Recognition},
  pages={11676--11685},
  year={2022}
}

@inproceedings{chang2020subcategory,
  title={Weakly-supervised semantic segmentation via sub-category exploration},
  author={Chang, Yu-Ting and Wang, Qiaosong and Hung, Wei-Chih and Piramuthu, Robinson and Tsai, Yi-Hsuan and Yang, Ming-Hsuan},
  booktitle={Proceedings of the IEEE/CVF conference on computer vision and pattern recognition},
  pages={8991--9000},
  year={2020}
}

@inproceedings{xie2022c2am,
  title={C2am: Contrastive learning of class-agnostic activation map for weakly supervised object localization and semantic segmentation},
  author={Xie, Jinheng and Xiang, Jianfeng and Chen, Junliang and Hou, Xianxu and Zhao, Xiaodong and Shen, Linlin},
  booktitle={Proceedings of the IEEE/CVF Conference on Computer Vision and Pattern Recognition},
  pages={989--998},
  year={2022}
}

@inproceedings{gao2023intrnet,
  title={IntrNet: Weakly Supervised Segmentation of Thyroid Nodules Based on Intra-image and Inter-image Semantic Information},
  author={Gao, Jie and Yan, Shaoqi and Fu, Xuzhou and Liu, Zhiqiang and Yu, Ruiguo and Yu, Mei},
  booktitle={International Conference on Intelligent Computing},
  pages={722--734},
  year={2023},
  organization={Springer}
}

@inproceedings{dai2015boxsup,
  title={Boxsup: Exploiting bounding boxes to supervise convolutional networks for semantic segmentation},
  author={Dai, Jifeng and He, Kaiming and Sun, Jian},
  booktitle={Proceedings of the IEEE international conference on computer vision},
  pages={1635--1643},
  year={2015}
}

@inproceedings{khoreva2017simple,
  title={Simple does it: Weakly supervised instance and semantic segmentation},
  author={Khoreva, Anna and Benenson, Rodrigo and Hosang, Jan and Hein, Matthias and Schiele, Bernt},
  booktitle={Proceedings of the IEEE conference on computer vision and pattern recognition},
  pages={876--885},
  year={2017}
}

@inproceedings{pu2018graphnet,
  title={GraphNet: Learning image pseudo annotations for weakly-supervised semantic segmentation},
  author={Pu, Mengyang and Huang, Yaping and Guan, Qingji and Zou, Qi},
  booktitle={Proceedings of the 26th ACM international conference on Multimedia},
  pages={483--491},
  year={2018}
}

@inproceedings{papandreou2015weakly,
  title={Weakly-and semi-supervised learning of a deep convolutional network for semantic image segmentation},
  author={Papandreou, George and Chen, Liang-Chieh and Murphy, Kevin P and Yuille, Alan L},
  booktitle={Proceedings of the IEEE international conference on computer vision},
  pages={1742--1750},
  year={2015}
}

@article{rajchl2016deepcut,
  title={Deepcut: Object segmentation from bounding box annotations using convolutional neural networks},
  author={Rajchl, Martin and Lee, Matthew CH and Oktay, Ozan and Kamnitsas, Konstantinos and Passerat-Palmbach, Jonathan and Bai, Wenjia and Damodaram, Mellisa and Rutherford, Mary A and Hajnal, Joseph V and Kainz, Bernhard and others},
  journal={IEEE transactions on medical imaging},
  volume={36},
  number={2},
  pages={674--683},
  year={2016},
  publisher={IEEE}
}

@article{xu2017deepgrabcut,
  title={Deep grabcut for object selection},
  author={Xu, Ning and Price, Brian and Cohen, Scott and Yang, Jimei and Huang, Thomas},
  journal={arXiv preprint arXiv:1707.00243},
  year={2017}
}

@article{du2023weakly3D,
  title={Weakly-supervised 3D medical image segmentation using geometric prior and contrastive similarity},
  author={Du, Hao and Dong, Qihua and Xu, Yan and Liao, Jing},
  journal={IEEE Transactions on Medical Imaging},
  year={2023},
  publisher={IEEE}
}

@article{xie2023detect,
  title={Detect, Grow, Seg: A weakly supervision method for medical image segmentation based on bounding box},
  author={Xie, Yuhan and Zhang, Zhiyong and Chen, Shaolong and Qiu, Changzhen},
  journal={Biomedical Signal Processing and Control},
  volume={86},
  pages={105158},
  year={2023},
  publisher={Elsevier}
}

@inproceedings{lin2016scribblesup,
  title={Scribblesup: Scribble-supervised convolutional networks for semantic segmentation},
  author={Lin, Di and Dai, Jifeng and Jia, Jiaya and He, Kaiming and Sun, Jian},
  booktitle={Proceedings of the IEEE conference on computer vision and pattern recognition},
  pages={3159--3167},
  year={2016}
}

@inproceedings{luo2022scribble,
  title={Scribble-supervised medical image segmentation via dual-branch network and dynamically mixed pseudo labels supervision},
  author={Luo, Xiangde and Hu, Minhao and Liao, Wenjun and Zhai, Shuwei and Song, Tao and Wang, Guotai and Zhang, Shaoting},
  booktitle={International Conference on Medical Image Computing and Computer-Assisted Intervention},
  pages={528--538},
  year={2022},
  organization={Springer}
}

@inproceedings{zhou2023Scribble,
  title={Weakly Supervised Medical Image Segmentation via Superpixel-Guided Scribble Walking and Class-Wise Contrastive Regularization},
  author={Zhou, Meng and Xu, Zhe and Zhou, Kang and Tong, Raymond Kai-yu},
  booktitle={International Conference on Medical Image Computing and Computer-Assisted Intervention},
  pages={137--147},
  year={2023},
  organization={Springer}
}

@article{zhao2024IDMPS,
  title={Ultrasound Nodule Segmentation Using Asymmetric Learning with Simple Clinical Annotation},
  author={Zhao, Xingyue and Li, Zhongyu and Luo, Xiangde and Li, Peiqi and Huang, Peng and Zhu, Jianwei and Liu, Yang and Zhu, Jihua and Yang, Meng and Chang, Shi and others},
  journal={IEEE Transactions on Circuits and Systems for Video Technology},
  year={2024},
  publisher={IEEE}
}

@inproceedings{wang2023s2me,
  title={S 2 ME: Spatial-Spectral Mutual Teaching and Ensemble Learning for Scribble-Supervised Polyp Segmentation},
  author={Wang, An and Xu, Mengya and Zhang, Yang and Islam, Mobarakol and Ren, Hongliang},
  booktitle={International Conference on Medical Image Computing and Computer-Assisted Intervention},
  pages={35--45},
  year={2023},
  organization={Springer}
}

@inproceedings{gong2021tn3k,
  title={Multi-task learning for thyroid nodule segmentation with thyroid region prior},
  author={Gong, Haifan and Chen, Guanqi and Wang, Ranran and Xie, Xiang and Mao, Mingzhi and Yu, Yizhou and Chen, Fei and Li, Guanbin},
  booktitle={2021 IEEE 18th international symposium on biomedical imaging (ISBI)},
  pages={257--261},
  year={2021},
  organization={IEEE}
}

@inproceedings{pedraza2015DDTI,
  title={An open access thyroid ultrasound image database},
  author={Pedraza, Lina and Vargas, Carlos and Narv{\'a}ez, Fabi{\'a}n and Dur{\'a}n, Oscar and Mu{\~n}oz, Emma and Romero, Eduardo},
  booktitle={10th International symposium on medical information processing and analysis},
  volume={9287},
  pages={188--193},
  year={2015},
  organization={SPIE}
}

@inproceedings{kirillov2023SAM,
  title={Segment anything},
  author={Kirillov, Alexander and Mintun, Eric and Ravi, Nikhila and Mao, Hanzi and Rolland, Chloe and Gustafson, Laura and Xiao, Tete and Whitehead, Spencer and Berg, Alexander C and Lo, Wan-Yen and others},
  booktitle={Proceedings of the IEEE/CVF International Conference on Computer Vision},
  pages={4015--4026},
  year={2023}
}

@inproceedings{radford2021clip,
  title={Learning transferable visual models from natural language supervision},
  author={Radford, Alec and Kim, Jong Wook and Hallacy, Chris and Ramesh, Aditya and Goh, Gabriel and Agarwal, Sandhini and Sastry, Girish and Askell, Amanda and Mishkin, Pamela and Clark, Jack and others},
  booktitle={International conference on machine learning},
  pages={8748--8763},
  year={2021},
  organization={PMLR}
}

@inproceedings{caron2021DINO,
  title={Emerging properties in self-supervised vision transformers},
  author={Caron, Mathilde and Touvron, Hugo and Misra, Ishan and J{\'e}gou, Herv{\'e} and Mairal, Julien and Bojanowski, Piotr and Joulin, Armand},
  booktitle={Proceedings of the IEEE/CVF international conference on computer vision},
  pages={9650--9660},
  year={2021}
}

@article{mazurowski2023SAM_exprience,
  title={Segment anything model for medical image analysis: an experimental study},
  author={Mazurowski, Maciej A and Dong, Haoyu and Gu, Hanxue and Yang, Jichen and Konz, Nicholas and Zhang, Yixin},
  journal={Medical Image Analysis},
  volume={89},
  pages={102918},
  year={2023},
  publisher={Elsevier}
}

@article{ke2024HQ-SAM,
  title={Segment anything in high quality},
  author={Ke, Lei and Ye, Mingqiao and Danelljan, Martin and Tai, Yu-Wing and Tang, Chi-Keung and Yu, Fisher and others},
  journal={Advances in Neural Information Processing Systems},
  volume={36},
  year={2024}
}

@article{ma2024MED-SAM,
  title={Segment anything in medical images},
  author={Ma, Jun and He, Yuting and Li, Feifei and Han, Lin and You, Chenyu and Wang, Bo},
  journal={Nature Communications},
  volume={15},
  number={1},
  pages={654},
  year={2024},
  publisher={Nature Publishing Group UK London}
}

@inproceedings{huang2024alignsam,
  title={Alignsam: Aligning segment anything model to open context via reinforcement learning},
  author={Huang, Duojun and Xiong, Xinyu and Ma, Jie and Li, Jichang and Jie, Zequn and Ma, Lin and Li, Guanbin},
  booktitle={Proceedings of the IEEE/CVF Conference on Computer Vision and Pattern Recognition},
  pages={3205--3215},
  year={2024}
}

@article{zhai2023paseg,
  title={Pa-seg: Learning from point annotations for 3d medical image segmentation using contextual regularization and cross knowledge distillation},
  author={Zhai, Shuwei and Wang, Guotai and Luo, Xiangde and Yue, Qiang and Li, Kang and Zhang, Shaoting},
  journal={IEEE transactions on medical imaging},
  volume={42},
  number={8},
  pages={2235--2246},
  year={2023},
  publisher={IEEE}
}
@inproceedings{wu2018InstDisc,
  title={Unsupervised feature learning via non-parametric instance discrimination},
  author={Wu, Zhirong and Xiong, Yuanjun and Yu, Stella X and Lin, Dahua},
  booktitle={Proceedings of the IEEE conference on computer vision and pattern recognition},
  pages={3733--3742},
  year={2018}
}

@inproceedings{ye2019Invaspread,
  title={Unsupervised embedding learning via invariant and spreading instance feature},
  author={Ye, Mang and Zhang, Xu and Yuen, Pong C and Chang, Shih-Fu},
  booktitle={Proceedings of the IEEE/CVF conference on computer vision and pattern recognition},
  pages={6210--6219},
  year={2019}
}

@article{oord2018cpc,
  title={Representation learning with contrastive predictive coding},
  author={Oord, Aaron van den and Li, Yazhe and Vinyals, Oriol},
  journal={arXiv preprint arXiv:1807.03748},
  year={2018}
}

@inproceedings{tian2020cmc,
  title={Contrastive multiview coding},
  author={Tian, Yonglong and Krishnan, Dilip and Isola, Phillip},
  booktitle={Computer Vision--ECCV 2020: 16th European Conference, Glasgow, UK, August 23--28, 2020, Proceedings, Part XI 16},
  pages={776--794},
  year={2020},
  organization={Springer}
}

@inproceedings{he2020moco,
  title={Momentum contrast for unsupervised visual representation learning},
  author={He, Kaiming and Fan, Haoqi and Wu, Yuxin and Xie, Saining and Girshick, Ross},
  booktitle={Proceedings of the IEEE/CVF conference on computer vision and pattern recognition},
  pages={9729--9738},
  year={2020}
}

@article{grill2020BYOL,
  title={Bootstrap your own latent-a new approach to self-supervised learning},
  author={Grill, Jean-Bastien and Strub, Florian and Altch{\'e}, Florent and Tallec, Corentin and Richemond, Pierre and Buchatskaya, Elena and Doersch, Carl and Avila Pires, Bernardo and Guo, Zhaohan and Gheshlaghi Azar, Mohammad and others},
  journal={Advances in neural information processing systems},
  volume={33},
  pages={21271--21284},
  year={2020}
}

@inproceedings{chen2020simCLR,
  title={A simple framework for contrastive learning of visual representations},
  author={Chen, Ting and Kornblith, Simon and Norouzi, Mohammad and Hinton, Geoffrey},
  booktitle={International conference on machine learning},
  pages={1597--1607},
  year={2020},
  organization={PMLR}
}

@inproceedings{chen2021simsiam,
  title={Exploring simple siamese representation learning},
  author={Chen, Xinlei and He, Kaiming},
  booktitle={Proceedings of the IEEE/CVF conference on computer vision and pattern recognition},
  pages={15750--15758},
  year={2021}
}

@inproceedings{wang2021ContrastiveSeg,
  title={Exploring cross-image pixel contrast for semantic segmentation},
  author={Wang, Wenguan and Zhou, Tianfei and Yu, Fisher and Dai, Jifeng and Konukoglu, Ender and Van Gool, Luc},
  booktitle={Proceedings of the IEEE/CVF international conference on computer vision},
  pages={7303--7313},
  year={2021}
}

@inproceedings{zhao2021contrastive-pixel,
  title={Contrastive learning for label efficient semantic segmentation},
  author={Zhao, Xiangyun and Vemulapalli, Raviteja and Mansfield, Philip Andrew and Gong, Boqing and Green, Bradley and Shapira, Lior and Wu, Ying},
  booktitle={Proceedings of the IEEE/CVF International Conference on Computer Vision},
  pages={10623--10633},
  year={2021}
}

@inproceedings{wang2022contrastmask,
  title={Contrastmask: Contrastive learning to segment every thing},
  author={Wang, Xuehui and Zhao, Kai and Zhang, Ruixin and Ding, Shouhong and Wang, Yan and Shen, Wei},
  booktitle={Proceedings of the IEEE/CVF Conference on Computer Vision and Pattern Recognition},
  pages={11604--11613},
  year={2022}
}

@article{chaitanya2023localcontrastive,
  title={Local contrastive loss with pseudo-label based self-training for semi-supervised medical image segmentation},
  author={Chaitanya, Krishna and Erdil, Ertunc and Karani, Neerav and Konukoglu, Ender},
  journal={Medical image analysis},
  volume={87},
  pages={102792},
  year={2023},
  publisher={Elsevier}
}

@article{cui2023generalized,
  title={Generalized parametric contrastive learning},
  author={Cui, Jiequan and Zhong, Zhisheng and Tian, Zhuotao and Liu, Shu and Yu, Bei and Jia, Jiaya},
  journal={IEEE Transactions on Pattern Analysis and Machine Intelligence},
  year={2023},
  publisher={IEEE}
}

@inproceedings{cui2021parametric-contrast,
  title={Parametric contrastive learning},
  author={Cui, Jiequan and Zhong, Zhisheng and Liu, Shu and Yu, Bei and Jia, Jiaya},
  booktitle={Proceedings of the IEEE/CVF international conference on computer vision},
  pages={715--724},
  year={2021}
}

@article{wen2022slotCon,
  title={Self-supervised visual representation learning with semantic grouping},
  author={Wen, Xin and Zhao, Bingchen and Zheng, Anlin and Zhang, Xiangyu and Qi, Xiaojuan},
  journal={Advances in neural information processing systems},
  volume={35},
  pages={16423--16438},
  year={2022}
}

@inproceedings{yun2022patch,
  title={Patch-level representation learning for self-supervised vision transformers},
  author={Yun, Sukmin and Lee, Hankook and Kim, Jaehyung and Shin, Jinwoo},
  booktitle={Proceedings of the IEEE/CVF conference on computer vision and pattern recognition},
  pages={8354--8363},
  year={2022}
}

@article{zhang2023ADCLR,
  title={Patch-level contrasting without patch correspondence for accurate and dense contrastive representation learning},
  author={Zhang, Shaofeng and Zhu, Feng and Zhao, Rui and Yan, Junchi},
  journal={arXiv preprint arXiv:2306.13337},
  year={2023}
}

@inproceedings{wu2024voco,
  title={Voco: A simple-yet-effective volume contrastive learning framework for 3d medical image analysis},
  author={Wu, Linshan and Zhuang, Jiaxin and Chen, Hao},
  booktitle={Proceedings of the IEEE/CVF Conference on Computer Vision and Pattern Recognition},
  pages={22873--22882},
  year={2024}
}

@inproceedings{wang2023WSL-MIS,
title={Weakly supervised medical image segmentation through dense combinations of dense pseudo-labels},
author={Wang, Ziyang and Voiculescu, Irina},
booktitle={MICCAI Workshop on Data Engineering in Medical Imaging},
pages={1--10},
year={2023},
organization={Springer}
}

@article{fan2024uncertainty,
  title={Enhancing Weakly Supervised 3D Medical Image Segmentation through Probabilistic-aware Learning},
  author={Fan, Zhaoxin and Jiang, Runmin and Wu, Junhao and Huang, Xin and Wang, Tianyang and Huang, Heng and Xu, Min},
  journal={arXiv preprint arXiv:2403.02566},
  year={2024}
}

@article{lei2023uncertainty2,
  title={One-shot weakly-supervised segmentation in 3D medical images},
  author={Lei, Wenhui and Su, Qi and Jiang, Tianyu and Gu, Ran and Wang, Na and Liu, Xinglong and Wang, Guotai and Zhang, Xiaofan and Zhang, Shaoting},
  journal={IEEE Transactions on Medical Imaging},
  year={2023},
  publisher={IEEE}
}

@inproceedings{zhang2020deepcontour,
  title={Deep active contour network for medical image segmentation},
  author={Zhang, Mo and Dong, Bin and Li, Quanzheng},
  booktitle={Medical Image Computing and Computer Assisted Intervention--MICCAI 2020: 23rd International Conference, Lima, Peru, October 4--8, 2020, Proceedings, Part IV 23},
  pages={321--331},
  year={2020},
  organization={Springer}
}

@article{chi2024dual,
  title={A Dual-Branch Cross-Modality-Attention Network for Thyroid Nodule Diagnosis Based on Ultrasound Images and Contrast-Enhanced Ultrasound Videos},
  author={Chi, Jianning and Chen, Jia-hui and Wu, Bo and Zhao, Jin and Wang, Kai and Yu, Xiaosheng and Zhang, Wenjun and Huang, Ying},
  journal={IEEE Journal of Biomedical and Health Informatics},
  year={2024},
  publisher={IEEE}
}

@article{liu2024procns,
  title={ProCNS: Progressive Prototype Calibration and Noise Suppression for Weakly-Supervised Medical Image Segmentation},
  author={Liu, Yixiang and Lin, Li and Wong, Kenneth KY and Tang, Xiaoying},
  journal={IEEE Journal of Biomedical and Health Informatics},
  year={2024},
  publisher={IEEE}
}

@inproceedings{lee2024extreme,
  title={Extreme Point Supervised Instance Segmentation},
  author={Lee, Hyeonjun and Hwang, Sehyun and Kwak, Suha},
  booktitle={Proceedings of the IEEE/CVF Conference on Computer Vision and Pattern Recognition},
  pages={17212--17222},
  year={2024}
}

@article{wang2022dsc_pr,
  title={Medical image segmentation using deep learning: A survey},
  author={Wang, Risheng and Lei, Tao and Cui, Ruixia and Zhang, Bingtao and Meng, Hongying and Nandi, Asoke K},
  journal={IET image processing},
  volume={16},
  number={5},
  pages={1243--1267},
  year={2022},
  publisher={Wiley Online Library}
}

@article{ling2023dsc_iou_pr,
  title={Mtanet: Multi-task attention network for automatic medical image segmentation and classification},
  author={Ling, Yating and Wang, Yuling and Dai, Wenli and Yu, Jie and Liang, Ping and Kong, Dexing},
  journal={IEEE Transactions on Medical Imaging},
  year={2023},
  publisher={IEEE}
}

@article{zhu2024dsc_hd,
  title={MP-Net: A Multi-Center Privacy-Preserving Network for Medical Image Segmentation},
  author={Zhu, Enjun and Feng, Haiyu and Chen, Long and Lai, Yongqiang and Chai, Senchun},
  journal={IEEE Transactions on Medical Imaging},
  year={2024},
  publisher={IEEE}
}

@article{wang2024boundary-prototype,
  title={Boundary-Aware Prototype in Semi-Supervised Medical Image Segmentation},
  author={Wang, YongChao and Xiao, Bin and Bi, Xiuli and Li, Weisheng and Gao, Xinbo},
  journal={IEEE Transactions on Image Processing},
  year={2024},
  publisher={IEEE}
}

@article{huang2024prototype-graph,
  title={Prototype-Guided Graph Reasoning Network for Few-Shot Medical Image Segmentation},
  author={Huang, Wendong and Hu, Jinwu and Xiao, Junhao and Wei, Yang and Bi, Xiuli and Xiao, Bin},
  journal={IEEE Transactions on Medical Imaging},
  year={2024},
  publisher={IEEE}
}

@inproceedings{zhao2024cpnet,
  title={CPNet: Cross Prototype Network for Few-Shot Medical Image Segmentation},
  author={Zhao, Zeyun and Gao, Jianzhe and Luo, Zhiming and Li, Shaozi},
  booktitle={Chinese Conference on Pattern Recognition and Computer Vision (PRCV)},
  pages={135--149},
  year={2024},
  organization={Springer}
}

@article{ouyang2022self,
  title={Self-supervised learning for few-shot medical image segmentation},
  author={Ouyang, Cheng and Biffi, Carlo and Chen, Chen and Kart, Turkay and Qiu, Huaqi and Rueckert, Daniel},
  journal={IEEE Transactions on Medical Imaging},
  volume={41},
  number={7},
  pages={1837--1848},
  year={2022},
  publisher={IEEE}
}

@inproceedings{du2022weakly-prototype,
  title={Weakly supervised semantic segmentation by pixel-to-prototype contrast},
  author={Du, Ye and Fu, Zehua and Liu, Qingjie and Wang, Yunhong},
  booktitle={Proceedings of the IEEE/CVF Conference on Computer Vision and Pattern Recognition},
  pages={4320--4329},
  year={2022}
}

@article{CHENTransUNet,
title = {TransUNet: Rethinking the U-Net architecture design for medical image segmentation through the lens of transformers},
journal = {Medical Image Analysis},
volume = {97},
pages = {103280},
year = {2024},
issn = {1361-8415},
doi = {https://doi.org/10.1016/j.media.2024.103280},
}

@inproceedings{xing2024segmamba,
  title={Segmamba: Long-range sequential modeling mamba for 3d medical image segmentation},
  author={Xing, Zhaohu and Ye, Tian and Yang, Yijun and Liu, Guang and Zhu, Lei},
  booktitle={International Conference on Medical Image Computing and Computer-Assisted Intervention},
  pages={578--588},
  year={2024},
  organization={Springer}
}

@article{ruan2024vm-unet,
  title={Vm-unet: Vision mamba unet for medical image segmentation},
  author={Ruan, Jiacheng and Li, Jincheng and Xiang, Suncheng},
  journal={arXiv preprint arXiv:2402.02491},
  year={2024}
}

@article{wang2024mamba-unet,
  title={Mamba-unet: Unet-like pure visual mamba for medical image segmentation},
  author={Wang, Ziyang and Zheng, Jian-Qing and Zhang, Yichi and Cui, Ge and Li, Lei},
  journal={arXiv preprint arXiv:2402.05079},
  year={2024}
}

@article{liu2024Swin-UMamba,
  title={Swin-UMamba†: Adapting Mamba-based vision foundation models for medical image segmentation},
  author={Liu, Jiarun and Yang, Hao and Zhou, Hong-Yu and Yu, Lequan and Liang, Yong and Yu, Yizhou and Zhang, Shaoting and Zheng, Hairong and Wang, Shanshan},
  journal={IEEE Transactions on Medical Imaging},
  year={2024},
  publisher={IEEE}
}

@inproceedings{wu2024medsegdiff,
  title={Medsegdiff: Medical image segmentation with diffusion probabilistic model},
  author={Wu, Junde and Fu, Rao and Fang, Huihui and Zhang, Yu and Yang, Yehui and Xiong, Haoyi and Liu, Huiying and Xu, Yanwu},
  booktitle={Medical Imaging with Deep Learning},
  pages={1623--1639},
  year={2024},
  organization={PMLR}
}

@article{chen2024mlmseg,
  title={MLMSeg: a multi-view learning model for ultrasound thyroid nodule segmentation},
  author={Chen, Guanyuan and Tan, Guanghua and Duan, Mingxing and Pu, Bin and Luo, Hongxia and Li, Shengli and Li, Kenli},
  journal={Computers in Biology and Medicine},
  volume={169},
  pages={107898},
  year={2024},
  publisher={Elsevier}
}

@article{chen2024masam,
  title={Ma-sam: Modality-agnostic sam adaptation for 3d medical image segmentation},
  author={Chen, Cheng and Miao, Juzheng and Wu, Dufan and Zhong, Aoxiao and Yan, Zhiling and Kim, Sekeun and Hu, Jiang and Liu, Zhengliang and Sun, Lichao and Li, Xiang and others},
  journal={Medical Image Analysis},
  volume={98},
  pages={103310},
  year={2024},
  publisher={Elsevier}
}

@article{rayed2024deepreview,
  title={Deep learning for medical image segmentation: State-of-the-art advancements and challenges},
  author={Rayed, Md Eshmam and Islam, SM Sajibul and Niha, Sadia Islam and Jim, Jamin Rahman and Kabir, Md Mohsin and Mridha, MF},
  journal={Informatics in Medicine Unlocked},
  pages={101504},
  year={2024},
  publisher={Elsevier}
}

@article{isensee2021nnunet,
  title={nnU-Net: a self-configuring method for deep learning-based biomedical image segmentation},
  author={Isensee, Fabian and Jaeger, Paul F and Kohl, Simon AA and Petersen, Jens and Maier-Hein, Klaus H},
  journal={Nature methods},
  volume={18},
  number={2},
  pages={203--211},
  year={2021},
  publisher={Nature Publishing Group}
}

@article{li2023novelthyroid,
  title={A novel model of thyroid nodule segmentation for ultrasound images},
  author={Li, Chengfan and Du, Ruiqi and Luo, Quanyong and Wang, Ren and Ding, Xuehai},
  journal={Ultrasound in Medicine \& Biology},
  volume={49},
  number={2},
  pages={489--496},
  year={2023},
  publisher={Elsevier}
}

@article{das2024nodulereview,
  title={Deep learning for thyroid nodule examination: a technical review},
  author={Das, Debottama and Iyengar, M Sriram and Majdi, Mohammad S and Rodriguez, Jeffrey J and Alsayed, Mahmoud},
  journal={Artificial Intelligence Review},
  volume={57},
  number={3},
  pages={47},
  year={2024},
  publisher={Springer}
}

@article{ma2024tnseg,
  title={Tnseg: adversarial networks with multi-scale joint loss for thyroid nodule segmentation},
  author={Ma, Xiaoxuan and Sun, Boyang and Liu, Weifeng and Sui, Dong and Shan, Sihan and Chen, Jing and Tian, Zhaofeng},
  journal={The Journal of Supercomputing},
  volume={80},
  number={5},
  pages={6093--6118},
  year={2024},
  publisher={Springer}
}

@article{yang2024dacnet,
  title={DAC-Net: A light-weight U-shaped network based efficient convolution and attention for thyroid nodule segmentation},
  author={Yang, Yingwei and Huang, Haiguang and Shao, Yingsheng and Chen, Beilei},
  journal={Computers in Biology and Medicine},
  volume={180},
  pages={108972},
  year={2024},
  publisher={Elsevier}
}

@article{zhou2024Thyroid-DETR,
  title={Thyroid-DETR: Thyroid nodule detection model with transformer in ultrasound images},
  author={Zhou, Yu-Tong and Yang, Tian-Yu and Han, Xue-Hua and Piao, Jin-Chun},
  journal={Biomedical Signal Processing and Control},
  volume={98},
  pages={106762},
  year={2024},
  publisher={Elsevier}
}

@article{bi2023bpat,
  title={BPAT-UNet: Boundary preserving assembled transformer UNet for ultrasound thyroid nodule segmentation},
  author={Bi, Hui and Cai, Chengjie and Sun, Jiawei and Jiang, Yibo and Lu, Gang and Shu, Huazhong and Ni, Xinye},
  journal={Computer methods and programs in biomedicine},
  volume={238},
  pages={107614},
  year={2023},
  publisher={Elsevier}
}

@misc{obuchowicz2024review,
  title={Clinical applications of artificial intelligence in medical imaging and image processing—A review},
  author={Obuchowicz, Rafa{\l} and Strzelecki, Micha{\l} and Pi{\'o}rkowski, Adam},
  journal={Cancers},
  volume={16},
  number={10},
  pages={1870},
  year={2024},
  publisher={MDPI}
}

@article{guo2024weaklysup,
  title={Temporal contrastive and spatial enhancement coarse grained network for weakly supervised group activity recognition},
  author={Guo, Jie and Ge, Yongxin},
  journal={Engineering Applications of Artificial Intelligence},
  volume={133},
  pages={108115},
  year={2024},
  publisher={Elsevier}
}

@article{misera2024weaklysup,
  title={Weakly supervised deep learning in radiology},
  author={Misera, Leo and M{\"u}ller-Franzes, Gustav and Truhn, Daniel and Kather, Jakob Nikolas},
  journal={Radiology},
  volume={312},
  number={1},
  pages={e232085},
  year={2024},
  publisher={Radiological Society of North America}
}

@article{lin2024weaklysup,
  title={Fedlppa: learning personalized prompt and aggregation for federated weakly-supervised medical image segmentation},
  author={Lin, Li and Liu, Yixiang and Wu, Jiewei and Cheng, Pujin and Cai, Zhiyuan and Wong, Kenneth KY and Tang, Xiaoying},
  journal={IEEE Transactions on Medical Imaging},
  year={2024},
  publisher={IEEE}
}

@article{roth2021weaklysegmentation,
  title={Going to extremes: weakly supervised medical image segmentation},
  author={Roth, Holger R and Yang, Dong and Xu, Ziyue and Wang, Xiaosong and Xu, Daguang},
  journal={Machine Learning and Knowledge Extraction},
  volume={3},
  number={2},
  pages={507--524},
  year={2021},
  publisher={MDPI}
}