@inproceedings{xu2020learning,
  title={Learning in the frequency domain},
  author={Xu, Kai and Qin, Minghai and Sun, Fei and Wang, Yuhao and Chen, Yen-Kuang and Ren, Fengbo},
  booktitle={Proceedings of the IEEE/CVF conference on computer vision and pattern recognition},
  pages={1740--1749},
  year={2020}
}

@article{oquab2023dinov2,
  title={Dinov2: Learning robust visual features without supervision},
  author={Oquab, Maxime and Darcet, Timoth{\'e}e and Moutakanni, Th{\'e}o and Vo, Huy and Szafraniec, Marc and Khalidov, Vasil and Fernandez, Pierre and Haziza, Daniel and Massa, Francisco and El-Nouby, Alaaeldin and others},
  journal={arXiv preprint arXiv:2304.07193},
  year={2023}
}

@article{lindeberg2012scale,
  title={Scale invariant feature transform},
  author={Lindeberg, Tony},
  year={2012}
}

@article{lecun1998gradient,
  title={Gradient-based learning applied to document recognition},
  author={LeCun, Yann and Bottou, L{\'e}on and Bengio, Yoshua and Haffner, Patrick},
  journal={Proceedings of the IEEE},
  volume={86},
  number={11},
  pages={2278--2324},
  year={1998},
  publisher={Ieee}
}

@article{cortes1995support,
  title={Support-Vector Networks},
  author={Cortes, Corinna},
  journal={Machine Learning},
  year={1995}
}

@misc{opencv_shape_analysis,
  title = {Shape Analysis - OpenCV Documentation},
  author = {{OpenCV}},
  year = {2025},
  url = {https://docs.opencv.org/4.x/d3/dc0/group__imgproc__shape.html#ga0012a5fdaea70b8a9970165d98722b4c},
  note = {Accessed: 2025-01-29}
}


@article{lee2020neural,
  title={A neural dirichlet process mixture model for task-free continual learning},
  author={Lee, Soochan and Ha, Junsoo and Zhang, Dongsu and Kim, Gunhee},
  journal={arXiv preprint arXiv:2001.00689},
  year={2020}
}

@article{qu2021recent,
  title={Recent advances of continual learning in computer vision: An overview},
  author={Qu, Haoxuan and Rahmani, Hossein and Xu, Li and Williams, Bryan and Liu, Jun},
  journal={arXiv preprint arXiv:2109.11369},
  year={2021}
}

@article{kashefi2023explainability,
  title={Explainability of Vision Transformers: A Comprehensive Review and New Perspectives},
  author={Kashefi, Rojina and Barekatain, Leili and Sabokrou, Mohammad and Aghaeipoor, Fatemeh},
  journal={arXiv preprint arXiv:2311.06786},
  year={2023}
}

@inproceedings{erden2025agential_extendedabs,
  author    = {Zeki Doruk Erden and Boi Faltings},
  title     = {Agential AI for Integrated Continual Learning, Deliberative Behavior, and Comprehensible Models (Extended Abstract)},
  booktitle = {Proceedings of 24th International Conference on Autonomous Agents and Multiagent Systems (AAMAS)},
  year      = {2025},
  note      = {To appear},
  month     = {May}
}


@inproceedings{wang2022continual,
  title={Continual learning with lifelong vision transformer},
  author={Wang, Zhen and Liu, Liu and Duan, Yiqun and Kong, Yajing and Tao, Dacheng},
  booktitle={Proceedings of the IEEE/CVF Conference on Computer Vision and Pattern Recognition},
  pages={171--181},
  year={2022}
}

@inproceedings{galashov2023continually,
  title={Continually learning representations at scale},
  author={Galashov, Alexandre and Mitrovic, Jovana and Tirumala, Dhruva and Teh, Yee Whye and Nguyen, Timothy and Chaudhry, Arslan and Pascanu, Razvan},
  booktitle={Conference on Lifelong Learning Agents},
  pages={534--547},
  year={2023},
  organization={PMLR}
}



@misc{erden2025agential,
      title={Agential AI for Integrated Continual Learning, Deliberative Behavior, and Comprehensible Models}, 
      author={Zeki Doruk Erden and Boi Faltings},
      year={2025},
      eprint={2501.16922},
      archivePrefix={arXiv},
      primaryClass={cs.AI},
      url={https://arxiv.org/abs/2501.16922}, 
}

@inproceedings{mordoch2023learning,
  title={Learning safe numeric action models},
  author={Mordoch, Argaman and Juba, Brendan and Stern, Roni},
  booktitle={Proceedings of the AAAI Conference on Artificial Intelligence},
  volume={37},
  number={10},
  pages={12079--12086},
  year={2023}
}

@inproceedings{verma2021asking,
  title={Asking the right questions: Learning interpretable action models through query answering},
  author={Verma, Pulkit and Marpally, Shashank Rao and Srivastava, Siddharth},
  booktitle={Proceedings of the AAAI Conference on Artificial Intelligence},
  volume={35},
  number={13},
  pages={12024--12033},
  year={2021}
}

@article{stern2017efficient,
  title={Efficient, safe, and probably approximately complete learning of action models},
  author={Stern, Roni and Juba, Brendan},
  journal={arXiv preprint arXiv:1705.08961},
  year={2017}
}

@article{roy2022interpretable,
  title={Interpretable local frequency binary pattern (LFrBP) based joint continual learning network for heterogeneous face recognition},
  author={Roy, Hiranmoy and Bhattacharjee, Debotosh and Krejcar, Ondrej},
  journal={IEEE Transactions on Information Forensics and Security},
  volume={17},
  pages={2125--2136},
  year={2022},
  publisher={IEEE}
}

@inproceedings{rymarczyk2023icicle,
  title={Icicle: Interpretable class incremental continual learning},
  author={Rymarczyk, Dawid and van de Weijer, Joost and Zieli{\'n}ski, Bartosz and Twardowski, Bartlomiej},
  booktitle={Proceedings of the IEEE/CVF International Conference on Computer Vision},
  pages={1887--1898},
  year={2023}
}

@article{cossu2024drifting,
  title={Drifting explanations in continual learning},
  author={Cossu, Andrea and Spinnato, Francesco and Guidotti, Riccardo and Bacciu, Davide},
  journal={Neurocomputing},
  pages={127960},
  year={2024},
  publisher={Elsevier}
}


@inproceedings{Erden2024Modelleyen,
  author= {Zeki Doruk Erden and Boi Faltings},
  title= {Modelleyen: Continual Learning and Planning via Structured Modelling of Environment Dynamics},
  booktitle= {Brain Informatics: 17th International Conference, BI 2024, Bangkok, Thailand, December 13â€“15, 2024, Proceedings},
  editor= {Sirawaj Itthipuripat and Giorgio Ascoli and Anan Li and Narun Pat and Hongzhi Kuai},
  year = {2024},
  publisher= {Springer Singapore},
}



@article{buzzega2020dark,
  title={Dark experience for general continual learning: a strong, simple baseline},
  author={Buzzega, Pietro and Boschini, Matteo and Porrello, Angelo and Abati, Davide and Calderara, Simone},
  journal={Advances in neural information processing systems},
  volume={33},
  pages={15920--15930},
  year={2020}
}

@article{pateria2021hierarchical,
  title={Hierarchical reinforcement learning: A comprehensive survey},
  author={Pateria, Shubham and Subagdja, Budhitama and Tan, Ah-hwee and Quek, Chai},
  journal={ACM Computing Surveys (CSUR)},
  volume={54},
  number={5},
  pages={1--35},
  year={2021},
  publisher={ACM New York, NY, USA}
}

@book{hammersley2013monte,
  title={Monte carlo methods},
  author={Hammersley, John},
  year={2013},
  publisher={Springer Science \& Business Media}
}

@inproceedings{ccalicsir2019model,
  title={Model-free reinforcement learning algorithms: A survey},
  author={{\c{C}}al{\i}{\c{s}}{\i}r, Sinan and Pehlivano{\u{g}}lu, Meltem Kurt},
  booktitle={2019 27th signal processing and communications applications conference (SIU)},
  pages={1--4},
  year={2019},
  organization={IEEE}
}
@article{moerland2023model,
  title={Model-based reinforcement learning: A survey},
  author={Moerland, Thomas M and Broekens, Joost and Plaat, Aske and Jonker, Catholijn M and others},
  journal={Foundations and Trends{\textregistered} in Machine Learning},
  volume={16},
  number={1},
  pages={1--118},
  year={2023},
  publisher={Now Publishers, Inc.}
}

@article{moerland2020framework,
  title={A framework for reinforcement learning and planning},
  author={Moerland, Thomas M and Broekens, Joost and Jonker, Catholijn M},
  journal={arXiv preprint arXiv:2006.15009},
  volume={127},
  year={2020}
}

@article{goodfellow2013empirical,
  title={An empirical investigation of catastrophic forgetting in gradient-based neural networks},
  author={Goodfellow, Ian J and Mirza, Mehdi and Xiao, Da and Courville, Aaron and Bengio, Yoshua},
  journal={arXiv preprint arXiv:1312.6211},
  year={2013}
}

@article{khan2021machine,
  title={Machine learning in computer vision: a review},
  author={Khan, Abdullah Ayub and Laghari, Asif Ali and Awan, Shafique Ahmed},
  journal={EAI Endorsed Transactions on Scalable Information Systems},
  volume={8},
  number={32},
  pages={e4--e4},
  year={2021}
}

@article{zhao2023survey,
  title={A survey of large language models},
  author={Zhao, Wayne Xin and Zhou, Kun and Li, Junyi and Tang, Tianyi and Wang, Xiaolei and Hou, Yupeng and Min, Yingqian and Zhang, Beichen and Zhang, Junjie and Dong, Zican and others},
  journal={arXiv preprint arXiv:2303.18223},
  year={2023}
}

@article{li2017deep,
  title={Deep reinforcement learning: An overview},
  author={Li, Yuxi},
  journal={arXiv preprint arXiv:1701.07274},
  year={2017}
}

@book{pelgrom2013analog,
  title={Analog-to-digital conversion},
  author={Pelgrom, Marcel JM and Pelgrom, Marcel JM},
  year={2013},
  publisher={Springer}
}

@book{ghallab2016automated,
  title={Automated planning and acting},
  author={Ghallab, Malik and Nau, Dana and Traverso, Paolo},
  year={2016},
  publisher={Cambridge University Press}
}

@article{MinigridMiniworld23,
  author       = {Maxime Chevalier-Boisvert and Bolun Dai and Mark Towers and Rodrigo de Lazcano and Lucas Willems and Salem Lahlou and Suman Pal and Pablo Samuel Castro and Jordan Terry},
  title        = {Minigrid \& Miniworld: Modular \& Customizable Reinforcement Learning Environments for Goal-Oriented Tasks},
  journal      = {CoRR},
  volume       = {abs/2306.13831},
  year         = {2023},
}

@article{clune2019ai,
  title={AI-GAs: AI-generating algorithms, an alternate paradigm for producing general artificial intelligence},
  author={Clune, Jeff},
  journal={arXiv preprint arXiv:1905.10985},
  year={2019}
}

@article{zador2019critique,
  title={A critique of pure learning and what artificial neural networks can learn from animal brains},
  author={Zador, Anthony M},
  journal={Nature communications},
  volume={10},
  number={1},
  pages={3770},
  year={2019},
  publisher={Nature Publishing Group UK London}
}

@article{marcus2018deep,
  title={Deep learning: A critical appraisal},
  author={Marcus, Gary},
  journal={arXiv preprint arXiv:1801.00631},
  year={2018}
}

@article{lecun2022path,
  title={A path towards autonomous machine intelligence version 0.9. 2, 2022-06-27},
  author={LeCun, Yann},
  journal={Open Review},
  volume={62},
  number={1},
  year={2022}
}

@article{kitson2023survey,
  title={A survey of Bayesian Network structure learning},
  author={Kitson, Neville Kenneth and Constantinou, Anthony C and Guo, Zhigao and Liu, Yang and Chobtham, Kiattikun},
  journal={Artificial Intelligence Review},
  volume={56},
  number={8},
  pages={8721--8814},
  year={2023},
  publisher={Springer}
}

@article{edelman1993neural,
  title={Neural Darwinism: selection and reentrant signaling in higher brain function},
  author={Edelman, Gerald M},
  journal={Neuron},
  volume={10},
  number={2},
  pages={115--125},
  year={1993},
  publisher={Cell Press}
}

@InProceedings{erden2024directed,
    title = {Directed Structural Adaptation to Overcome Statistical Conflicts and Enable Continual Learning},
    author = {Erden, Zeki Doruk and Faltings, Boi},
    booktitle = {AAAI 2024},
    series = {Deployable AI Workshop},
    year = {2024},
}

@inproceedings{jacobson2022task,
  title={Task Detection in Continual Learning via Familiarity Autoencoders},
  author={Jacobson, Maxwell J and Wright, Case Q and Jiang, Nan and Rodriguez-Rivera, Gustavo and Xue, Yexiang},
  booktitle={2022 IEEE International Conference on Systems, Man, and Cybernetics (SMC)},
  pages={1--8},
  year={2022},
  organization={IEEE}
}

@article{khan2021machine,
  title={Machine learning in computer vision: a review},
  author={Khan, Abdullah Ayub and Laghari, Asif Ali and Awan, Shafique Ahmed},
  journal={EAI Endorsed Transactions on Scalable Information Systems},
  volume={8},
  number={32},
  pages={e4--e4},
  year={2021}
}

@article{zhuang2020comprehensive,
  title={A comprehensive survey on transfer learning},
  author={Zhuang, Fuzhen and Qi, Zhiyuan and Duan, Keyu and Xi, Dongbo and Zhu, Yongchun and Zhu, Hengshu and Xiong, Hui and He, Qing},
  journal={Proceedings of the IEEE},
  volume={109},
  number={1},
  pages={43--76},
  year={2020},
  publisher={IEEE}
}

@inproceedings{xu2019explainable,
  title={Explainable AI: A brief survey on history, research areas, approaches and challenges},
  author={Xu, Feiyu and Uszkoreit, Hans and Du, Yangzhou and Fan, Wei and Zhao, Dongyan and Zhu, Jun},
  booktitle={Natural Language Processing and Chinese Computing: 8th CCF International Conference, NLPCC 2019, Dunhuang, China, October 9--14, 2019, Proceedings, Part II 8},
  pages={563--574},
  year={2019},
  organization={Springer}
}

@article{hadsell2020embracing,
  title={Embracing change: Continual learning in deep neural networks},
  author={Hadsell, Raia and Rao, Dushyant and Rusu, Andrei A and Pascanu, Razvan},
  journal={Trends in cognitive sciences},
  volume={24},
  number={12},
  pages={1028--1040},
  year={2020},
  publisher={Elsevier}
}

@article{kirkpatrick2017overcoming,
  title={Overcoming catastrophic forgetting in neural networks},
  author={Kirkpatrick, James and Pascanu, Razvan and Rabinowitz, Neil and Veness, Joel and Desjardins, Guillaume and Rusu, Andrei A and Milan, Kieran and Quan, John and Ramalho, Tiago and Grabska-Barwinska, Agnieszka and others},
  journal={Proceedings of the national academy of sciences},
  volume={114},
  number={13},
  pages={3521--3526},
  year={2017},
  publisher={National Acad Sciences}
}

@article{rusu2016progressive,
  title={Progressive neural networks},
  author={Rusu, Andrei A and Rabinowitz, Neil C and Desjardins, Guillaume and Soyer, Hubert and Kirkpatrick, James and Kavukcuoglu, Koray and Pascanu, Razvan and Hadsell, Raia},
  journal={arXiv preprint arXiv:1606.04671},
  year={2016}
}

@book{west2003developmental,
  title={Developmental plasticity and evolution},
  author={West-Eberhard, Mary Jane},
  year={2003},
  publisher={Oxford University Press}
}

@incollection{rosen2011anticipatory,
  title={Anticipatory systems},
  author={Rosen, Robert},
  booktitle={Anticipatory systems: Philosophical, mathematical, and methodological foundations},
  pages={313--370},
  year={2011},
  publisher={Springer}
}

@book{parr2022active,
  title={Active inference: the free energy principle in mind, brain, and behavior},
  author={Parr, Thomas and Pezzulo, Giovanni and Friston, Karl J},
  year={2022},
  publisher={MIT Press}
}

@book{marc2005plausibility,
  title={The plausibility of life},
  author={Marc, Kirschner},
  year={2005},
  publisher={Yale University Press}
}

@article{gerhart2007theory,
  title={The theory of facilitated variation},
  author={Gerhart, John and Kirschner, Marc},
  journal={Proceedings of the National Academy of Sciences},
  volume={104},
  number={suppl\_1},
  pages={8582--8589},
  year={2007},
  publisher={National Acad Sciences}
}