@inproceedings{Erden2024Modelleyen,
  author= {Zeki Doruk Erden and Boi Faltings},
  title= {Modelleyen: Continual Learning and Planning via Structured Modelling of Environment Dynamics},
  booktitle= {Brain Informatics: 17th International Conference, BI 2024, Bangkok, Thailand, December 13â€“15, 2024, Proceedings},
  editor= {Sirawaj Itthipuripat and Giorgio Ascoli and Anan Li and Narun Pat and Hongzhi Kuai},
  year = {2024},
  publisher= {Springer Singapore},
}

@article{buzzega2020dark,
  title={Dark experience for general continual learning: a strong, simple baseline},
  author={Buzzega, Pietro and Boschini, Matteo and Porrello, Angelo and Abati, Davide and Calderara, Simone},
  journal={Advances in neural information processing systems},
  volume={33},
  pages={15920--15930},
  year={2020}
}

@article{cossu2024drifting,
  title={Drifting explanations in continual learning},
  author={Cossu, Andrea and Spinnato, Francesco and Guidotti, Riccardo and Bacciu, Davide},
  journal={Neurocomputing},
  pages={127960},
  year={2024},
  publisher={Elsevier}
}

@InProceedings{erden2024directed,
    title = {Directed Structural Adaptation to Overcome Statistical Conflicts and Enable Continual Learning},
    author = {Erden, Zeki Doruk and Faltings, Boi},
    booktitle = {AAAI 2024},
    series = {Deployable AI Workshop},
    year = {2024},
}

@misc{erden2025agential,
      title={Agential AI for Integrated Continual Learning, Deliberative Behavior, and Comprehensible Models}, 
      author={Zeki Doruk Erden and Boi Faltings},
      year={2025},
      eprint={2501.16922},
      archivePrefix={arXiv},
      primaryClass={cs.AI},
      url={https://arxiv.org/abs/2501.16922}, 
}

@inproceedings{erden2025agential_extendedabs,
  author    = {Zeki Doruk Erden and Boi Faltings},
  title     = {Agential AI for Integrated Continual Learning, Deliberative Behavior, and Comprehensible Models (Extended Abstract)},
  booktitle = {Proceedings of 24th International Conference on Autonomous Agents and Multiagent Systems (AAMAS)},
  year      = {2025},
  note      = {To appear},
  month     = {May}
}

@inproceedings{galashov2023continually,
  title={Continually learning representations at scale},
  author={Galashov, Alexandre and Mitrovic, Jovana and Tirumala, Dhruva and Teh, Yee Whye and Nguyen, Timothy and Chaudhry, Arslan and Pascanu, Razvan},
  booktitle={Conference on Lifelong Learning Agents},
  pages={534--547},
  year={2023},
  organization={PMLR}
}

@article{gerhart2007theory,
  title={The theory of facilitated variation},
  author={Gerhart, John and Kirschner, Marc},
  journal={Proceedings of the National Academy of Sciences},
  volume={104},
  number={suppl\_1},
  pages={8582--8589},
  year={2007},
  publisher={National Acad Sciences}
}

@article{hadsell2020embracing,
  title={Embracing change: Continual learning in deep neural networks},
  author={Hadsell, Raia and Rao, Dushyant and Rusu, Andrei A and Pascanu, Razvan},
  journal={Trends in cognitive sciences},
  volume={24},
  number={12},
  pages={1028--1040},
  year={2020},
  publisher={Elsevier}
}

@inproceedings{jacobson2022task,
  title={Task Detection in Continual Learning via Familiarity Autoencoders},
  author={Jacobson, Maxwell J and Wright, Case Q and Jiang, Nan and Rodriguez-Rivera, Gustavo and Xue, Yexiang},
  booktitle={2022 IEEE International Conference on Systems, Man, and Cybernetics (SMC)},
  pages={1--8},
  year={2022},
  organization={IEEE}
}

@article{kashefi2023explainability,
  title={Explainability of Vision Transformers: A Comprehensive Review and New Perspectives},
  author={Kashefi, Rojina and Barekatain, Leili and Sabokrou, Mohammad and Aghaeipoor, Fatemeh},
  journal={arXiv preprint arXiv:2311.06786},
  year={2023}
}

@article{kirkpatrick2017overcoming,
  title={Overcoming catastrophic forgetting in neural networks},
  author={Kirkpatrick, James and Pascanu, Razvan and Rabinowitz, Neil and Veness, Joel and Desjardins, Guillaume and Rusu, Andrei A and Milan, Kieran and Quan, John and Ramalho, Tiago and Grabska-Barwinska, Agnieszka and others},
  journal={Proceedings of the national academy of sciences},
  volume={114},
  number={13},
  pages={3521--3526},
  year={2017},
  publisher={National Acad Sciences}
}

@article{lee2020neural,
  title={A neural dirichlet process mixture model for task-free continual learning},
  author={Lee, Soochan and Ha, Junsoo and Zhang, Dongsu and Kim, Gunhee},
  journal={arXiv preprint arXiv:2001.00689},
  year={2020}
}

@book{marc2005plausibility,
  title={The plausibility of life},
  author={Marc, Kirschner},
  year={2005},
  publisher={Yale University Press}
}

@article{qu2021recent,
  title={Recent advances of continual learning in computer vision: An overview},
  author={Qu, Haoxuan and Rahmani, Hossein and Xu, Li and Williams, Bryan and Liu, Jun},
  journal={arXiv preprint arXiv:2109.11369},
  year={2021}
}

@article{roy2022interpretable,
  title={Interpretable local frequency binary pattern (LFrBP) based joint continual learning network for heterogeneous face recognition},
  author={Roy, Hiranmoy and Bhattacharjee, Debotosh and Krejcar, Ondrej},
  journal={IEEE Transactions on Information Forensics and Security},
  volume={17},
  pages={2125--2136},
  year={2022},
  publisher={IEEE}
}

@article{rusu2016progressive,
  title={Progressive neural networks},
  author={Rusu, Andrei A and Rabinowitz, Neil C and Desjardins, Guillaume and Soyer, Hubert and Kirkpatrick, James and Kavukcuoglu, Koray and Pascanu, Razvan and Hadsell, Raia},
  journal={arXiv preprint arXiv:1606.04671},
  year={2016}
}

@inproceedings{rymarczyk2023icicle,
  title={Icicle: Interpretable class incremental continual learning},
  author={Rymarczyk, Dawid and van de Weijer, Joost and Zieli{\'n}ski, Bartosz and Twardowski, Bartlomiej},
  booktitle={Proceedings of the IEEE/CVF International Conference on Computer Vision},
  pages={1887--1898},
  year={2023}
}

@inproceedings{wang2022continual,
  title={Continual learning with lifelong vision transformer},
  author={Wang, Zhen and Liu, Liu and Duan, Yiqun and Kong, Yajing and Tao, Dacheng},
  booktitle={Proceedings of the IEEE/CVF Conference on Computer Vision and Pattern Recognition},
  pages={171--181},
  year={2022}
}

@inproceedings{xu2019explainable,
  title={Explainable AI: A brief survey on history, research areas, approaches and challenges},
  author={Xu, Feiyu and Uszkoreit, Hans and Du, Yangzhou and Fan, Wei and Zhao, Dongyan and Zhu, Jun},
  booktitle={Natural Language Processing and Chinese Computing: 8th CCF International Conference, NLPCC 2019, Dunhuang, China, October 9--14, 2019, Proceedings, Part II 8},
  pages={563--574},
  year={2019},
  organization={Springer}
}

@article{zhuang2020comprehensive,
  title={A comprehensive survey on transfer learning},
  author={Zhuang, Fuzhen and Qi, Zhiyuan and Duan, Keyu and Xi, Dongbo and Zhu, Yongchun and Zhu, Hengshu and Xiong, Hui and He, Qing},
  journal={Proceedings of the IEEE},
  volume={109},
  number={1},
  pages={43--76},
  year={2020},
  publisher={IEEE}
}

