% Use this file for citations not found in the ACL Anthology (contained in "anthology.bib").

@book{Aho:72,
    author  = {Alfred V. Aho and Jeffrey D. Ullman},
    title   = {The Theory of Parsing, Translation and Compiling},
    year    = "1972",
    volume  = "1",
    publisher = {Prentice-Hall},
    address = {Englewood Cliffs, NJ}
}

@article{ji2024language,
  title={Language-codec: Reducing the gaps between discrete codec representation and speech language models},
  author={Ji, Shengpeng and Fang, Minghui and Jiang, Ziyue and Zheng, Siqi and Chen, Qian and Huang, Rongjie and Zuo, Jialung and Wang, Shulei and Zhao, Zhou},
  journal={arXiv preprint arXiv:2402.12208},
  year={2024}
}

@book{APA:83,
    author  = {{American Psychological Association}},
    title   = {Publications Manual},
    year    = "1983",
    publisher = {American Psychological Association},
    address = {Washington, DC}
}

@article{Chandra:81,
	author = {Ashok K. Chandra and Dexter C. Kozen and Larry J. Stockmeyer},
	year = "1981",
	title = {Alternation},
	journal = {Journal of the Association for Computing Machinery},
	volume = "28",
	number = "1",
	pages = "114--133",
	doi = "10.1145/322234.322243",
}

@inproceedings{andrew2007scalable,
  title={Scalable training of {L1}-regularized log-linear models},
  author={Andrew, Galen and Gao, Jianfeng},
  booktitle={Proceedings of the 24th International Conference on Machine Learning},
  pages={33--40},
  year={2007},
}

@book{Gusfield:97,
    author  = {Dan Gusfield},
    title   = {Algorithms on Strings, Trees and Sequences},
    year    = "1997",
    publisher = {Cambridge University Press},
    address = {Cambridge, UK}
}

@article{rasooli-tetrault-2015,
    author    = {Mohammad Sadegh Rasooli and Joel R. Tetreault},
    title     = {Yara Parser: {A} Fast and Accurate Dependency Parser},
    journal   = {Computing Research Repository},
    volume    = {arXiv:1503.06733},
    year      = {2015},
    url       = {http://arxiv.org/abs/1503.06733},
    note    = {version 2}
}

@article{Ando2005,
	Acmid = {1194905},
	Author = {Ando, Rie Kubota and Zhang, Tong},
	Issn = {1532-4435},
	Issue_Date = {12/1/2005},
	Journal = {Journal of Machine Learning Research},
	Month = dec,
	Numpages = {37},
	Pages = {1817--1853},
	Publisher = {JMLR.org},
	Title = {A Framework for Learning Predictive Structures from Multiple Tasks and Unlabeled Data},
	Volume = {6},
	Year = {2005}
}

@inproceedings{gutmann2010noise,
  title={Noise-contrastive estimation: A new estimation principle for unnormalized statistical models},
  author={Gutmann, Michael and Hyv{\"a}rinen, Aapo},
  booktitle={Proceedings of the thirteenth international conference on artificial intelligence and statistics},
  pages={297--304},
  year={2010},
  organization={JMLR Workshop and Conference Proceedings}
}

@article{oord2018representation,
  title={Representation learning with contrastive predictive coding},
  author={Oord, Aaron van den and Li, Yazhe and Vinyals, Oriol},
  journal={arXiv preprint arXiv:1807.03748},
  year={2018}
}

@inproceedings{he2020momentum,
  title={Momentum contrast for unsupervised visual representation learning},
  author={He, Kaiming and Fan, Haoqi and Wu, Yuxin and Xie, Saining and Girshick, Ross},
  booktitle={Proceedings of the IEEE/CVF conference on computer vision and pattern recognition},
  pages={9729--9738},
  year={2020}
}

@inproceedings{chen2020simple,
  title={A simple framework for contrastive learning of visual representations},
  author={Chen, Ting and Kornblith, Simon and Norouzi, Mohammad and Hinton, Geoffrey},
  booktitle={International conference on machine learning},
  pages={1597--1607},
  year={2020},
  organization={PMLR}
}

@article{baevski2020wav2vec,
  title={wav2vec 2.0: A framework for self-supervised learning of speech representations},
  author={Baevski, Alexei and Zhou, Yuhao and Mohamed, Abdelrahman and Auli, Michael},
  journal={Advances in neural information processing systems},
  volume={33},
  pages={12449--12460},
  year={2020}
}

@article{zhang2023speechtokenizer,
  title={Speechtokenizer: Unified speech tokenizer for speech large language models},
  author={Zhang, Xin and Zhang, Dong and Li, Shimin and Zhou, Yaqian and Qiu, Xipeng},
  journal={arXiv preprint arXiv:2308.16692},
  year={2023}
}

@article{defossez2024moshi,
  title={Moshi: a speech-text foundation model for real-time dialogue},
  author={D{\'e}fossez, Alexandre and Mazar{\'e}, Laurent and Orsini, Manu and Royer, Am{\'e}lie and P{\'e}rez, Patrick and J{\'e}gou, Herv{\'e} and Grave, Edouard and Zeghidour, Neil},
  journal={arXiv preprint arXiv:2410.00037},
  year={2024}
}

@article{ji2024wavtokenizer,
  title={Wavtokenizer: an efficient acoustic discrete codec tokenizer for audio language modeling},
  author={Ji, Shengpeng and Jiang, Ziyue and Wang, Wen and Chen, Yifu and Fang, Minghui and Zuo, Jialong and Yang, Qian and Cheng, Xize and Wang, Zehan and Li, Ruiqi and others},
  journal={arXiv preprint arXiv:2408.16532},
  year={2024}
}

@article{xcodec,
  title={Codec does matter: Exploring the semantic shortcoming of codec for audio language model},
  author={Ye, Zhen and Sun, Peiwen and Lei, Jiahe and Lin, Hongzhan and Tan, Xu and Dai, Zheqi and Kong, Qiuqiang and Chen, Jianyi and Pan, Jiahao and Liu, Qifeng and others},
  journal={arXiv preprint arXiv:2408.17175},
  year={2024}
}

@article{liu2024semanticodec,
  title={SemantiCodec: An Ultra Low Bitrate Semantic Audio Codec for General Sound},
  author={Liu, Haohe and Xu, Xuenan and Yuan, Yi and Wu, Mengyue and Wang, Wenwu and Plumbley, Mark D},
  journal={arXiv preprint arXiv:2405.00233},
  year={2024}
}

@INPROCEEDINGS{ARCH,
  author={La Quatra, Moreno and Koudounas, Alkis and Vaiani, Lorenzo and Baralis, Elena and Cagliero, Luca and Garza, Paolo and Siniscalchi, Sabato Marco},
  booktitle={2024 IEEE International Conference on Acoustics, Speech, and Signal Processing Workshops (ICASSPW)}, 
  title={Benchmarking Representations for Speech, Music, and Acoustic Events}, 
  year={2024},
  pages={505-509},
  keywords={Representation learning; Systematics; Conferences; Benchmark testing; Signal processing; Acoustics; Data models; Audio Representation Learning; Benchmark; Pre-trained Models; Self-Supervised Learning},
  doi={10.1109/ICASSPW62465.2024.10625960}
}


@inproceedings{icassp2019-vqvaeaudio,
  title={Low bit-rate speech coding with VQ-VAE and a WaveNet decoder},
  author={G{\^a}rbacea, Cristina and van den Oord, A{\"a}ron and Li, Yazhe and Lim, Felicia SC and Luebs, Alejandro and Vinyals, Oriol and Walters, Thomas C},
  booktitle={ICASSP 2019-2019 IEEE International Conference on Acoustics, Speech and Signal Processing (ICASSP)},
  pages={735--739},
  year={2019},
  organization={IEEE}
}

@inproceedings{nips2017-vqvae,
  author       = {A{\"{a}}ron van den Oord and
                  Oriol Vinyals and
                  Koray Kavukcuoglu},
  editor       = {Isabelle Guyon and
                  Ulrike von Luxburg and
                  Samy Bengio and
                  Hanna M. Wallach and
                  Rob Fergus and
                  S. V. N. Vishwanathan and
                  Roman Garnett},
  title        = {Neural Discrete Representation Learning},
  booktitle    = {Advances in Neural Information Processing Systems 30: Annual Conference
                  on Neural Information Processing Systems 2017, December 4-9, 2017,
                  Long Beach, CA, {USA}},
  pages        = {6306--6315},
  year         = {2017},
}

@article{taslp2021-soundstream,
  author       = {Neil Zeghidour and
                  Alejandro Luebs and
                  Ahmed Omran and
                  Jan Skoglund and
                  Marco Tagliasacchi},
  title        = {SoundStream: An End-to-End Neural Audio Codec},
  journal      = {{IEEE} {ACM} Trans. Audio Speech Lang. Process.},
  volume       = {30},
  pages        = {495--507},
  year         = {2022},
  url          = {https://doi.org/10.1109/TASLP.2021.3129994},
  doi          = {10.1109/TASLP.2021.3129994},
  timestamp    = {Sat, 30 Sep 2023 10:27:40 +0200},
  biburl       = {https://dblp.org/rec/journals/taslp/ZeghidourLOST22.bib},
  bibsource    = {dblp computer science bibliography, https://dblp.org}
}

@article{tmlr2023-encodec,
  author       = {Alexandre D{\'{e}}fossez and
                  Jade Copet and
                  Gabriel Synnaeve and
                  Yossi Adi},
  title        = {High Fidelity Neural Audio Compression},
  journal      = {Trans. Mach. Learn. Res.},
  volume       = {2023},
  year         = {2023},
  url          = {https://openreview.net/forum?id=ivCd8z8zR2},
  timestamp    = {Thu, 01 Aug 2024 15:37:25 +0200},
  biburl       = {https://dblp.org/rec/journals/tmlr/DefossezCSA23.bib},
  bibsource    = {dblp computer science bibliography, https://dblp.org}
}

@inproceedings{interspeech2024-singlecodec,
  title     = {Single-Codec: Single-Codebook Speech Codec towards High-Performance Speech Generation},
  author    = {Hanzhao Li and Liumeng Xue and Haohan Guo and Xinfa Zhu and Yuanjun Lv and Lei Xie and Yunlin Chen and Hao Yin and Zhifei Li},
  year      = {2024},
  booktitle = {Interspeech 2024},
  pages     = {3390--3394},
  doi       = {10.21437/Interspeech.2024-1559},
  issn      = {2958-1796},
}

@article{arxiv2024-bigcodec,
  author       = {Detai Xin and
                  Xu Tan and
                  Shinnosuke Takamichi and
                  Hiroshi Saruwatari},
  title        = {BigCodec: Pushing the Limits of Low-Bitrate Neural Speech Codec},
  journal      = {CoRR},
  volume       = {abs/2409.05377},
  year         = {2024},
  url          = {https://doi.org/10.48550/arXiv.2409.05377},
  doi          = {10.48550/ARXIV.2409.05377},
  eprinttype    = {arXiv},
  eprint       = {2409.05377},
  timestamp    = {Mon, 21 Oct 2024 10:35:44 +0200},
  biburl       = {https://dblp.org/rec/journals/corr/abs-2409-05377.bib},
  bibsource    = {dblp computer science bibliography, https://dblp.org}
}

@article{arxiv2024-taae,
  author       = {Julian D. Parker and
                  Anton Smirnov and
                  Jordi Pons and
                  CJ Carr and
                  Zack Zukowski and
                  Zach Evans and
                  Xubo Liu},
  title        = {Scaling Transformers for Low-Bitrate High-Quality Speech Coding},
  journal      = {CoRR},
  volume       = {abs/2411.19842},
  year         = {2024},
  url          = {https://doi.org/10.48550/arXiv.2411.19842},
  doi          = {10.48550/ARXIV.2411.19842},
  eprinttype    = {arXiv},
  eprint       = {2411.19842},
  timestamp    = {Wed, 01 Jan 2025 14:15:57 +0100},
  biburl       = {https://dblp.org/rec/journals/corr/abs-2411-19842.bib},
  bibsource    = {dblp computer science bibliography, https://dblp.org}
}

@inproceedings{nips2023-dac-rvqgan,
  author       = {Rithesh Kumar and
                  Prem Seetharaman and
                  Alejandro Luebs and
                  Ishaan Kumar and
                  Kundan Kumar},
  editor       = {Alice Oh and
                  Tristan Naumann and
                  Amir Globerson and
                  Kate Saenko and
                  Moritz Hardt and
                  Sergey Levine},
  title        = {High-Fidelity Audio Compression with Improved {RVQGAN}},
  booktitle    = {Advances in Neural Information Processing Systems 36: Annual Conference
                  on Neural Information Processing Systems 2023, NeurIPS 2023, New Orleans,
                  LA, USA, December 10 - 16, 2023},
  year         = {2023},
  url          = {http://papers.nips.cc/paper\_files/paper/2023/hash/58d0e78cf042af5876e12661087bea12-Abstract-Conference.html},
  timestamp    = {Fri, 01 Mar 2024 16:26:20 +0100},
  biburl       = {https://dblp.org/rec/conf/nips/KumarSLKK23.bib},
  bibsource    = {dblp computer science bibliography, https://dblp.org}
}

@inproceedings{kahn2020libri,
  title={Libri-light: A benchmark for asr with limited or no supervision},
  author={Kahn, Jacob and Riviere, Morgane and Zheng, Weiyi and Kharitonov, Evgeny and Xu, Qiantong and Mazar{\'e}, Pierre-Emmanuel and Karadayi, Julien and Liptchinsky, Vitaliy and Collobert, Ronan and Fuegen, Christian and others},
  booktitle={ICASSP 2020-2020 IEEE International Conference on Acoustics, Speech and Signal Processing (ICASSP)},
  pages={7669--7673},
  year={2020},
  organization={IEEE}
}

@article{zen2019libritts,
  title={Libritts: A corpus derived from librispeech for text-to-speech},
  author={Zen, Heiga and Dang, Viet and Clark, Rob and Zhang, Yu and Weiss, Ron J and Jia, Ye and Chen, Zhifeng and Wu, Yonghui},
  journal={arXiv preprint arXiv:1904.02882},
  year={2019}
}

@article{vctk,
  title={Superseded-cstr vctk corpus: English multi-speaker corpus for cstr voice cloning toolkit},
  author={Veaux, Christophe and Yamagishi, Junichi and MacDonald, Kirsten and others},
  year={2016}
}

@article{ardila2019common,
  title={Common voice: A massively-multilingual speech corpus},
  author={Ardila, Rosana and Branson, Megan and Davis, Kelly and Henretty, Michael and Kohler, Michael and Meyer, Josh and Morais, Reuben and Saunders, Lindsay and Tyers, Francis M and Weber, Gregor},
  journal={arXiv preprint arXiv:1912.06670},
  year={2019}
}

@inproceedings{jamendo,
  title={The mtg-jamendo dataset for automatic music tagging},
  author={Bogdanov, Dmitry and Won, Minz and Tovstogan, Philip and Porter, Alastair and Serra, Xavier},
  year={2019},
  organization={ICML}
}

@article{rafii2017musdb18,
  title={The MUSDB18 corpus for music separation},
  author={Rafii, Zafar and Liutkus, Antoine and St{\"o}ter, Fabian-Robert and Mimilakis, Stylianos Ioannis and Bittner, Rachel},
  year={2017},
  publisher={Dec}
}

@inproceedings{audioset,
  title={Audio set: An ontology and human-labeled dataset for audio events},
  author={Gemmeke, Jort F and Ellis, Daniel PW and Freedman, Dylan and Jansen, Aren and Lawrence, Wade and Moore, R Channing and Plakal, Manoj and Ritter, Marvin},
  booktitle={2017 IEEE international conference on acoustics, speech and signal processing (ICASSP)},
  pages={776--780},
  year={2017},
  organization={IEEE}
}

@article{simvq,
  title={Addressing representation collapse in vector quantized models with one linear layer},
  author={Zhu, Yongxin and Li, Bocheng and Xin, Yifei and Xu, Linli},
  journal={arXiv preprint arXiv:2411.02038},
  year={2024}
}

@inproceedings{icassp2024-funcodec,
  author       = {Zhihao Du and
                  Shiliang Zhang and
                  Kai Hu and
                  Siqi Zheng},
  title        = {FunCodec: {A} Fundamental, Reproducible and Integrable Open-Source
                  Toolkit for Neural Speech Codec},
  booktitle    = {{IEEE} International Conference on Acoustics, Speech and Signal Processing,
                  {ICASSP} 2024, Seoul, Republic of Korea, April 14-19, 2024},
  pages        = {591--595},
  publisher    = {{IEEE}},
  year         = {2024},
}


@article{bai2023qwen,
  title={Qwen technical report},
  author={Bai, Jinze and Bai, Shuai and Chu, Yunfei and Cui, Zeyu and Dang, Kai and Deng, Xiaodong and Fan, Yang and Ge, Wenbin and Han, Yu and Huang, Fei and others},
  journal={arXiv preprint arXiv:2309.16609},
  year={2023}
}

@article{xie2024mini,
  title={Mini-omni: Language models can hear, talk while thinking in streaming},
  author={Xie, Zhifei and Wu, Changqiao},
  journal={arXiv preprint arXiv:2408.16725},
  year={2024}
}

@article{xie2024mini2,
  title={Mini-omni2: Towards open-source gpt-4o with vision, speech and duplex capabilities},
  author={Xie, Zhifei and Wu, Changqiao},
  journal={arXiv preprint arXiv:2410.11190},
  year={2024}
}

@article{peng2024survey,
  title={A survey on speech large language models},
  author={Peng, Jing and Wang, Yucheng and Xi, Yu and Li, Xu and Zhang, Xizhuo and Yu, Kai},
  journal={arXiv preprint arXiv:2410.18908},
  year={2024}
}

@article{ji2024wavchat,
  title={Wavchat: A survey of spoken dialogue models},
  author={Ji, Shengpeng and Chen, Yifu and Fang, Minghui and Zuo, Jialong and Lu, Jingyu and Wang, Hanting and Jiang, Ziyue and Zhou, Long and Liu, Shujie and Cheng, Xize and others},
  journal={arXiv preprint arXiv:2411.13577},
  year={2024}
}

@article{livingstone2018ryerson,
  title={The Ryerson Audio-Visual Database of Emotional Speech and Song (RAVDESS): A dynamic, multimodal set of facial and vocal expressions in North American English},
  author={Livingstone, Steven R and Russo, Frank A},
  journal={PloS one},
  volume={13},
  number={5},
  pages={e0196391},
  year={2018},
  publisher={Public Library of Science San Francisco, CA USA}
}

@article{becker2024audiomnist,
  title={AudioMNIST: Exploring Explainable Artificial Intelligence for audio analysis on a simple benchmark},
  author={Becker, S{\"o}ren and Vielhaben, Johanna and Ackermann, Marcel and M{\"u}ller, Klaus-Robert and Lapuschkin, Sebastian and Samek, Wojciech},
  journal={Journal of the Franklin Institute},
  volume={361},
  number={1},
  pages={418--428},
  year={2024},
  publisher={Elsevier}
}

@inproceedings{law2009evaluation,
  title={Evaluation of algorithms using games: The case of music tagging.},
  author={Law, Edith and West, Kris and Mandel, Michael I and Bay, Mert and Downie, J Stephen},
  booktitle={ISMIR},
  pages={387--392},
  year={2009},
  organization={Citeseer}
}

@inproceedings{piczak2015esc,
  title={ESC: Dataset for environmental sound classification},
  author={Piczak, Karol J},
  booktitle={Proceedings of the 23rd ACM international conference on Multimedia},
  pages={1015--1018},
  year={2015}
}

@article{holz2022variably,
  title={The variably intense vocalizations of affect and emotion (VIVAE) corpus prompts new perspective on nonspeech perception.},
  author={Holz, Natalie and Larrouy-Maestri, Pauline and Poeppel, David},
  journal={Emotion},
  volume={22},
  number={1},
  pages={213},
  year={2022},
  publisher={American Psychological Association}
}

@article{hendrycks2016bridging,
  title={Bridging nonlinearities and stochastic regularizers with gaussian error linear units. CoRR abs/1606.08415 (2016)},
  author={Hendrycks, Dan and Gimpel, Kevin},
  journal={arXiv preprint arXiv:1606.08415},
  year={2016}
}

@article{zhu2024deepseek,
  title={DeepSeek-Coder-V2: Breaking the Barrier of Closed-Source Models in Code Intelligence},
  author={Zhu, Qihao and Guo, Daya and Shao, Zhihong and Yang, Dejian and Wang, Peiyi and Xu, Runxin and Wu, Y and Li, Yukun and Gao, Huazuo and Ma, Shirong and others},
  journal={arXiv preprint arXiv:2406.11931},
  year={2024}
}

@article{dai2024deepseekmoe,
  title={Deepseekmoe: Towards ultimate expert specialization in mixture-of-experts language models},
  author={Dai, Damai and Deng, Chengqi and Zhao, Chenggang and Xu, RX and Gao, Huazuo and Chen, Deli and Li, Jiashi and Zeng, Wangding and Yu, Xingkai and Wu, Y and others},
  journal={arXiv preprint arXiv:2401.06066},
  year={2024}
}

@article{lepikhin2020gshard,
  title={Gshard: Scaling giant models with conditional computation and automatic sharding},
  author={Lepikhin, Dmitry and Lee, HyoukJoong and Xu, Yuanzhong and Chen, Dehao and Firat, Orhan and Huang, Yanping and Krikun, Maxim and Shazeer, Noam and Chen, Zhifeng},
  journal={arXiv preprint arXiv:2006.16668},
  year={2020}
}

@article{saeki2022utmos,
  title={Utmos: Utokyo-sarulab system for voicemos challenge 2022},
  author={Saeki, Takaaki and Xin, Detai and Nakata, Wataru and Koriyama, Tomoki and Takamichi, Shinnosuke and Saruwatari, Hiroshi},
  journal={arXiv preprint arXiv:2204.02152},
  year={2022}
}

@inproceedings{rix2001perceptual,
  title={Perceptual evaluation of speech quality (PESQ)-a new method for speech quality assessment of telephone networks and codecs},
  author={Rix, Antony W and Beerends, John G and Hollier, Michael P and Hekstra, Andries P},
  booktitle={2001 IEEE international conference on acoustics, speech, and signal processing. Proceedings (Cat. No. 01CH37221)},
  volume={2},
  pages={749--752},
  year={2001},
  organization={IEEE}
}

@misc{ljspeech17,
  author       = {Keith Ito},
  title        = {The LJ Speech Dataset},
  howpublished = {\url{https://keithito.com/LJ-Speech-Dataset/}},
  year         = 2017
}

@inproceedings{adam-iclr2015,
  author       = {Diederik P. Kingma and
                  Jimmy Ba},
  title        = {Adam: {A} Method for Stochastic Optimization},
  booktitle    = {ICLR},
  year         = {2015},
  url          = {http://arxiv.org/abs/1412.6980}
}


@inproceedings{cosineannealing-Ilya-frank-iclr2017,
  author       = {Ilya Loshchilov and
                  Frank Hutter},
  title        = {{SGDR:} Stochastic Gradient Descent with Warm Restarts},
  booktitle    = {ICLR},
  year         = {2017},
}

@inproceedings{adamw-Ilya-frank-iclr2019,
  author       = {Ilya Loshchilov and
                  Frank Hutter},
  title        = {Decoupled Weight Decay Regularization},
  booktitle    = {ICLR},
  year         = {2019},
}
