@article{arxiv2024-bigcodec,
  author       = {Detai Xin and
                  Xu Tan and
                  Shinnosuke Takamichi and
                  Hiroshi Saruwatari},
  title        = {BigCodec: Pushing the Limits of Low-Bitrate Neural Speech Codec},
  journal      = {CoRR},
  volume       = {abs/2409.05377},
  year         = {2024},
  url          = {https://doi.org/10.48550/arXiv.2409.05377},
  doi          = {10.48550/ARXIV.2409.05377},
  eprinttype    = {arXiv},
  eprint       = {2409.05377},
  timestamp    = {Mon, 21 Oct 2024 10:35:44 +0200},
  biburl       = {https://dblp.org/rec/journals/corr/abs-2409-05377.bib},
  bibsource    = {dblp computer science bibliography, https://dblp.org}
}

@article{arxiv2024-taae,
  author       = {Julian D. Parker and
                  Anton Smirnov and
                  Jordi Pons and
                  CJ Carr and
                  Zack Zukowski and
                  Zach Evans and
                  Xubo Liu},
  title        = {Scaling Transformers for Low-Bitrate High-Quality Speech Coding},
  journal      = {CoRR},
  volume       = {abs/2411.19842},
  year         = {2024},
  url          = {https://doi.org/10.48550/arXiv.2411.19842},
  doi          = {10.48550/ARXIV.2411.19842},
  eprinttype    = {arXiv},
  eprint       = {2411.19842},
  timestamp    = {Wed, 01 Jan 2025 14:15:57 +0100},
  biburl       = {https://dblp.org/rec/journals/corr/abs-2411-19842.bib},
  bibsource    = {dblp computer science bibliography, https://dblp.org}
}

@article{defossez2024moshi,
  title={Moshi: a speech-text foundation model for real-time dialogue},
  author={D{\'e}fossez, Alexandre and Mazar{\'e}, Laurent and Orsini, Manu and Royer, Am{\'e}lie and P{\'e}rez, Patrick and J{\'e}gou, Herv{\'e} and Grave, Edouard and Zeghidour, Neil},
  journal={arXiv preprint arXiv:2410.00037},
  year={2024}
}

@inproceedings{icassp2019-vqvaeaudio,
  title={Low bit-rate speech coding with VQ-VAE and a WaveNet decoder},
  author={G{\^a}rbacea, Cristina and van den Oord, A{\"a}ron and Li, Yazhe and Lim, Felicia SC and Luebs, Alejandro and Vinyals, Oriol and Walters, Thomas C},
  booktitle={ICASSP 2019-2019 IEEE International Conference on Acoustics, Speech and Signal Processing (ICASSP)},
  pages={735--739},
  year={2019},
  organization={IEEE}
}

@inproceedings{icassp2024-funcodec,
  author       = {Zhihao Du and
                  Shiliang Zhang and
                  Kai Hu and
                  Siqi Zheng},
  title        = {FunCodec: {A} Fundamental, Reproducible and Integrable Open-Source
                  Toolkit for Neural Speech Codec},
  booktitle    = {{IEEE} International Conference on Acoustics, Speech and Signal Processing,
                  {ICASSP} 2024, Seoul, Republic of Korea, April 14-19, 2024},
  pages        = {591--595},
  publisher    = {{IEEE}},
  year         = {2024},
}

@inproceedings{interspeech2024-singlecodec,
  title     = {Single-Codec: Single-Codebook Speech Codec towards High-Performance Speech Generation},
  author    = {Hanzhao Li and Liumeng Xue and Haohan Guo and Xinfa Zhu and Yuanjun Lv and Lei Xie and Yunlin Chen and Hao Yin and Zhifei Li},
  year      = {2024},
  booktitle = {Interspeech 2024},
  pages     = {3390--3394},
  doi       = {10.21437/Interspeech.2024-1559},
  issn      = {2958-1796},
}

@article{ji2024wavtokenizer,
  title={Wavtokenizer: an efficient acoustic discrete codec tokenizer for audio language modeling},
  author={Ji, Shengpeng and Jiang, Ziyue and Wang, Wen and Chen, Yifu and Fang, Minghui and Zuo, Jialong and Yang, Qian and Cheng, Xize and Wang, Zehan and Li, Ruiqi and others},
  journal={arXiv preprint arXiv:2408.16532},
  year={2024}
}

@article{liu2024semanticodec,
  title={SemantiCodec: An Ultra Low Bitrate Semantic Audio Codec for General Sound},
  author={Liu, Haohe and Xu, Xuenan and Yuan, Yi and Wu, Mengyue and Wang, Wenwu and Plumbley, Mark D},
  journal={arXiv preprint arXiv:2405.00233},
  year={2024}
}

@inproceedings{nips2017-vqvae,
  author       = {A{\"{a}}ron van den Oord and
                  Oriol Vinyals and
                  Koray Kavukcuoglu},
  editor       = {Isabelle Guyon and
                  Ulrike von Luxburg and
                  Samy Bengio and
                  Hanna M. Wallach and
                  Rob Fergus and
                  S. V. N. Vishwanathan and
                  Roman Garnett},
  title        = {Neural Discrete Representation Learning},
  booktitle    = {Advances in Neural Information Processing Systems 30: Annual Conference
                  on Neural Information Processing Systems 2017, December 4-9, 2017,
                  Long Beach, CA, {USA}},
  pages        = {6306--6315},
  year         = {2017},
}

@inproceedings{nips2023-dac-rvqgan,
  author       = {Rithesh Kumar and
                  Prem Seetharaman and
                  Alejandro Luebs and
                  Ishaan Kumar and
                  Kundan Kumar},
  editor       = {Alice Oh and
                  Tristan Naumann and
                  Amir Globerson and
                  Kate Saenko and
                  Moritz Hardt and
                  Sergey Levine},
  title        = {High-Fidelity Audio Compression with Improved {RVQGAN}},
  booktitle    = {Advances in Neural Information Processing Systems 36: Annual Conference
                  on Neural Information Processing Systems 2023, NeurIPS 2023, New Orleans,
                  LA, USA, December 10 - 16, 2023},
  year         = {2023},
  url          = {http://papers.nips.cc/paper\_files/paper/2023/hash/58d0e78cf042af5876e12661087bea12-Abstract-Conference.html},
  timestamp    = {Fri, 01 Mar 2024 16:26:20 +0100},
  biburl       = {https://dblp.org/rec/conf/nips/KumarSLKK23.bib},
  bibsource    = {dblp computer science bibliography, https://dblp.org}
}

@article{taslp2021-soundstream,
  author       = {Neil Zeghidour and
                  Alejandro Luebs and
                  Ahmed Omran and
                  Jan Skoglund and
                  Marco Tagliasacchi},
  title        = {SoundStream: An End-to-End Neural Audio Codec},
  journal      = {{IEEE} {ACM} Trans. Audio Speech Lang. Process.},
  volume       = {30},
  pages        = {495--507},
  year         = {2022},
  url          = {https://doi.org/10.1109/TASLP.2021.3129994},
  doi          = {10.1109/TASLP.2021.3129994},
  timestamp    = {Sat, 30 Sep 2023 10:27:40 +0200},
  biburl       = {https://dblp.org/rec/journals/taslp/ZeghidourLOST22.bib},
  bibsource    = {dblp computer science bibliography, https://dblp.org}
}

@article{tmlr2023-encodec,
  author       = {Alexandre D{\'{e}}fossez and
                  Jade Copet and
                  Gabriel Synnaeve and
                  Yossi Adi},
  title        = {High Fidelity Neural Audio Compression},
  journal      = {Trans. Mach. Learn. Res.},
  volume       = {2023},
  year         = {2023},
  url          = {https://openreview.net/forum?id=ivCd8z8zR2},
  timestamp    = {Thu, 01 Aug 2024 15:37:25 +0200},
  biburl       = {https://dblp.org/rec/journals/tmlr/DefossezCSA23.bib},
  bibsource    = {dblp computer science bibliography, https://dblp.org}
}

@article{xcodec,
  title={Codec does matter: Exploring the semantic shortcoming of codec for audio language model},
  author={Ye, Zhen and Sun, Peiwen and Lei, Jiahe and Lin, Hongzhan and Tan, Xu and Dai, Zheqi and Kong, Qiuqiang and Chen, Jianyi and Pan, Jiahao and Liu, Qifeng and others},
  journal={arXiv preprint arXiv:2408.17175},
  year={2024}
}

@article{zhang2023speechtokenizer,
  title={Speechtokenizer: Unified speech tokenizer for speech large language models},
  author={Zhang, Xin and Zhang, Dong and Li, Shimin and Zhou, Yaqian and Qiu, Xipeng},
  journal={arXiv preprint arXiv:2308.16692},
  year={2023}
}

