@misc{aloha,
      title={Learning Fine-Grained Bimanual Manipulation with Low-Cost Hardware}, 
      author={Tony Z. Zhao and Vikash Kumar and Sergey Levine and Chelsea Finn},
      year={2023},
      eprint={2304.13705},
      archivePrefix={arXiv},
      primaryClass={cs.RO},
      url={https://arxiv.org/abs/2304.13705}, 
}

@misc{aloha2,
      title={ALOHA 2: An Enhanced Low-Cost Hardware for Bimanual Teleoperation}, 
      author={ALOHA 2 Team and Jorge Aldaco and Travis Armstrong and Robert Baruch and Jeff Bingham and Sanky Chan and Kenneth Draper and Debidatta Dwibedi and Chelsea Finn and Pete Florence and Spencer Goodrich and Wayne Gramlich and Torr Hage and Alexander Herzog and Jonathan Hoech and Thinh Nguyen and Ian Storz and Baruch Tabanpour and Leila Takayama and Jonathan Tompson and Ayzaan Wahid and Ted Wahrburg and Sichun Xu and Sergey Yaroshenko and Kevin Zakka and Tony Z. Zhao},
      year={2024},
      eprint={2405.02292},
      archivePrefix={arXiv},
      primaryClass={cs.RO},
      url={https://arxiv.org/abs/2405.02292}, 
}

@conference{covariate-shift,
author = {Dean Pomerleau},
title = {ALVINN: An Autonomous Land Vehicle In a Neural Network},
booktitle = {Proceedings of (NeurIPS) Neural Information Processing Systems},
year = {1989},
month = {December},
editor = {D.S. Touretzky},
pages = {305 - 313},
publisher = {Morgan Kaufmann},
}

@inproceedings{diffusion-policy,
	title={Diffusion Policy: Visuomotor Policy Learning via Action Diffusion},
	author={Chi, Cheng and Feng, Siyuan and Du, Yilun and Xu, Zhenjia and Cousineau, Eric and Burchfiel, Benjamin and Song, Shuran},
	booktitle={Proceedings of Robotics: Science and Systems (RSS)},
	year={2023}
}

@article{domain-generalisation,
   title={Domain Generalization: A Survey},
   ISSN={1939-3539},
   url={http://dx.doi.org/10.1109/TPAMI.2022.3195549},
   DOI={10.1109/tpami.2022.3195549},
   journal={IEEE Transactions on Pattern Analysis and Machine Intelligence},
   publisher={Institute of Electrical and Electronics Engineers (IEEE)},
   author={Zhou, Kaiyang and Liu, Ziwei and Qiao, Yu and Xiang, Tao and Loy, Chen Change},
   year={2022},
   pages={1–20} }

@misc{gqcnn,
      title={Dex-Net 2.0: Deep Learning to Plan Robust Grasps with Synthetic Point Clouds and Analytic Grasp Metrics}, 
      author={Jeffrey Mahler and Jacky Liang and Sherdil Niyaz and Michael Laskey and Richard Doan and Xinyu Liu and Juan Aparicio Ojea and Ken Goldberg},
      year={2017},
      eprint={1703.09312},
      archivePrefix={arXiv},
      primaryClass={cs.RO},
      url={https://arxiv.org/abs/1703.09312}, 
}

@misc{grasp-anything,
      title={Grasp-Anything: Large-scale Grasp Dataset from Foundation Models}, 
      author={An Dinh Vuong and Minh Nhat Vu and Hieu Le and Baoru Huang and Binh Huynh and Thieu Vo and Andreas Kugi and Anh Nguyen},
      year={2023},
      eprint={2309.09818},
      archivePrefix={arXiv},
      primaryClass={cs.RO},
      url={https://arxiv.org/abs/2309.09818}, 
}

@ARTICLE{grasping-survey,
  title    = "A Survey on {Learning-Based} Robotic Grasping",
  author   = "Kleeberger, Kilian and Bormann, Richard and Kraus, Werner and
              Huber, Marco F",
  abstract = "This review provides a comprehensive overview of machine learning
              approaches for vision-based robotic grasping and manipulation.
              Current trends and developments as well as various criteria for
              categorization of approaches are provided.",
  journal  = "Current Robotics Reports",
  volume   =  1,
  number   =  4,
  pages    = "239--249",
  month    =  dec,
  year     =  2020
}

@misc{kalie,
      title={KALIE: Fine-Tuning Vision-Language Models for Open-World Manipulation without Robot Data}, 
      author={Grace Tang and Swetha Rajkumar and Yifei Zhou and Homer Rich Walke and Sergey Levine and Kuan Fang},
      year={2024},
      eprint={2409.14066},
      archivePrefix={arXiv},
      primaryClass={cs.RO},
      url={https://arxiv.org/abs/2409.14066}, 
}

@misc{moka,
      title={MOKA: Open-World Robotic Manipulation through Mark-Based Visual Prompting}, 
      author={Fangchen Liu and Kuan Fang and Pieter Abbeel and Sergey Levine},
      year={2024},
      eprint={2403.03174},
      archivePrefix={arXiv},
      primaryClass={cs.RO},
      url={https://arxiv.org/abs/2403.03174}, 
}

@inproceedings{octo,
    title={Octo: An Open-Source Generalist Robot Policy},
    author = {{Octo Model Team} and Dibya Ghosh and Homer Walke and Karl Pertsch and Kevin Black and Oier Mees and Sudeep Dasari and Joey Hejna and Charles Xu and Jianlan Luo and Tobias Kreiman and {You Liang} Tan and Lawrence Yunliang Chen and Pannag Sanketi and Quan Vuong and Ted Xiao and Dorsa Sadigh and Chelsea Finn and Sergey Levine},
    booktitle = {Proceedings of Robotics: Science and Systems},
    address  = {Delft, Netherlands},
    year = {2024},
}

@misc{pi0,
      title={$\pi_0$: A Vision-Language-Action Flow Model for General Robot Control}, 
      author={Kevin Black and Noah Brown and Danny Driess and Adnan Esmail and Michael Equi and Chelsea Finn and Niccolo Fusai and Lachy Groom and Karol Hausman and Brian Ichter and Szymon Jakubczak and Tim Jones and Liyiming Ke and Sergey Levine and Adrian Li-Bell and Mohith Mothukuri and Suraj Nair and Karl Pertsch and Lucy Xiaoyang Shi and James Tanner and Quan Vuong and Anna Walling and Haohuan Wang and Ury Zhilinsky},
      year={2024},
      eprint={2410.24164},
      archivePrefix={arXiv},
      primaryClass={cs.LG},
      url={https://arxiv.org/abs/2410.24164}, 
}

@misc{rdt,
      title={RDT-1B: a Diffusion Foundation Model for Bimanual Manipulation}, 
      author={Songming Liu and Lingxuan Wu and Bangguo Li and Hengkai Tan and Huayu Chen and Zhengyi Wang and Ke Xu and Hang Su and Jun Zhu},
      year={2024},
      eprint={2410.07864},
      archivePrefix={arXiv},
      primaryClass={cs.RO},
      url={https://arxiv.org/abs/2410.07864}, 
}

@article{rekep,
  title = {ReKep: Spatio-Temporal Reasoning of Relational Keypoint Constraints for Robotic Manipulation},
  author = {Huang, Wenlong and Wang, Chen and Li, Yunzhu and Zhang, Ruohan and Fei-Fei, Li},
  journal = {arXiv preprint arXiv:2409.01652},
  year = {2024}
}

@misc{umi,
      title={Universal Manipulation Interface: In-The-Wild Robot Teaching Without In-The-Wild Robots}, 
      author={Cheng Chi and Zhenjia Xu and Chuer Pan and Eric Cousineau and Benjamin Burchfiel and Siyuan Feng and Russ Tedrake and Shuran Song},
      year={2024},
      eprint={2402.10329},
      archivePrefix={arXiv},
      primaryClass={cs.RO},
      url={https://arxiv.org/abs/2402.10329}, 
}

@misc{x-embodiment,
      title={Open X-Embodiment: Robotic Learning Datasets and RT-X Models}, 
      author={Embodiment Collaboration and Abby O'Neill and Abdul Rehman and Abhinav Gupta and Abhiram Maddukuri and Abhishek Gupta and Abhishek Padalkar and Abraham Lee and Acorn Pooley and Agrim Gupta and Ajay Mandlekar and Ajinkya Jain and Albert Tung and Alex Bewley and Alex Herzog and Alex Irpan and Alexander Khazatsky and Anant Rai and Anchit Gupta and Andrew Wang and Andrey Kolobov and Anikait Singh and Animesh Garg and Aniruddha Kembhavi and Annie Xie and Anthony Brohan and Antonin Raffin and Archit Sharma and Arefeh Yavary and Arhan Jain and Ashwin Balakrishna and Ayzaan Wahid and Ben Burgess-Limerick and Beomjoon Kim and Bernhard Schölkopf and Blake Wulfe and Brian Ichter and Cewu Lu and Charles Xu and Charlotte Le and Chelsea Finn and Chen Wang and Chenfeng Xu and Cheng Chi and Chenguang Huang and Christine Chan and Christopher Agia and Chuer Pan and Chuyuan Fu and Coline Devin and Danfei Xu and Daniel Morton and Danny Driess and Daphne Chen and Deepak Pathak and Dhruv Shah and Dieter Büchler and Dinesh Jayaraman and Dmitry Kalashnikov and Dorsa Sadigh and Edward Johns and Ethan Foster and Fangchen Liu and Federico Ceola and Fei Xia and Feiyu Zhao and Felipe Vieira Frujeri and Freek Stulp and Gaoyue Zhou and Gaurav S. Sukhatme and Gautam Salhotra and Ge Yan and Gilbert Feng and Giulio Schiavi and Glen Berseth and Gregory Kahn and Guangwen Yang and Guanzhi Wang and Hao Su and Hao-Shu Fang and Haochen Shi and Henghui Bao and Heni Ben Amor and Henrik I Christensen and Hiroki Furuta and Homanga Bharadhwaj and Homer Walke and Hongjie Fang and Huy Ha and Igor Mordatch and Ilija Radosavovic and Isabel Leal and Jacky Liang and Jad Abou-Chakra and Jaehyung Kim and Jaimyn Drake and Jan Peters and Jan Schneider and Jasmine Hsu and Jay Vakil and Jeannette Bohg and Jeffrey Bingham and Jeffrey Wu and Jensen Gao and Jiaheng Hu and Jiajun Wu and Jialin Wu and Jiankai Sun and Jianlan Luo and Jiayuan Gu and Jie Tan and Jihoon Oh and Jimmy Wu and Jingpei Lu and Jingyun Yang and Jitendra Malik and João Silvério and Joey Hejna and Jonathan Booher and Jonathan Tompson and Jonathan Yang and Jordi Salvador and Joseph J. Lim and Junhyek Han and Kaiyuan Wang and Kanishka Rao and Karl Pertsch and Karol Hausman and Keegan Go and Keerthana Gopalakrishnan and Ken Goldberg and Kendra Byrne and Kenneth Oslund and Kento Kawaharazuka and Kevin Black and Kevin Lin and Kevin Zhang and Kiana Ehsani and Kiran Lekkala and Kirsty Ellis and Krishan Rana and Krishnan Srinivasan and Kuan Fang and Kunal Pratap Singh and Kuo-Hao Zeng and Kyle Hatch and Kyle Hsu and Laurent Itti and Lawrence Yunliang Chen and Lerrel Pinto and Li Fei-Fei and Liam Tan and Linxi "Jim" Fan and Lionel Ott and Lisa Lee and Luca Weihs and Magnum Chen and Marion Lepert and Marius Memmel and Masayoshi Tomizuka and Masha Itkina and Mateo Guaman Castro and Max Spero and Maximilian Du and Michael Ahn and Michael C. Yip and Mingtong Zhang and Mingyu Ding and Minho Heo and Mohan Kumar Srirama and Mohit Sharma and Moo Jin Kim and Naoaki Kanazawa and Nicklas Hansen and Nicolas Heess and Nikhil J Joshi and Niko Suenderhauf and Ning Liu and Norman Di Palo and Nur Muhammad Mahi Shafiullah and Oier Mees and Oliver Kroemer and Osbert Bastani and Pannag R Sanketi and Patrick "Tree" Miller and Patrick Yin and Paul Wohlhart and Peng Xu and Peter David Fagan and Peter Mitrano and Pierre Sermanet and Pieter Abbeel and Priya Sundaresan and Qiuyu Chen and Quan Vuong and Rafael Rafailov and Ran Tian and Ria Doshi and Roberto Mart'in-Mart'in and Rohan Baijal and Rosario Scalise and Rose Hendrix and Roy Lin and Runjia Qian and Ruohan Zhang and Russell Mendonca and Rutav Shah and Ryan Hoque and Ryan Julian and Samuel Bustamante and Sean Kirmani and Sergey Levine and Shan Lin and Sherry Moore and Shikhar Bahl and Shivin Dass and Shubham Sonawani and Shubham Tulsiani and Shuran Song and Sichun Xu and Siddhant Haldar and Siddharth Karamcheti and Simeon Adebola and Simon Guist and Soroush Nasiriany and Stefan Schaal and Stefan Welker and Stephen Tian and Subramanian Ramamoorthy and Sudeep Dasari and Suneel Belkhale and Sungjae Park and Suraj Nair and Suvir Mirchandani and Takayuki Osa and Tanmay Gupta and Tatsuya Harada and Tatsuya Matsushima and Ted Xiao and Thomas Kollar and Tianhe Yu and Tianli Ding and Todor Davchev and Tony Z. Zhao and Travis Armstrong and Trevor Darrell and Trinity Chung and Vidhi Jain and Vikash Kumar and Vincent Vanhoucke and Wei Zhan and Wenxuan Zhou and Wolfram Burgard and Xi Chen and Xiangyu Chen and Xiaolong Wang and Xinghao Zhu and Xinyang Geng and Xiyuan Liu and Xu Liangwei and Xuanlin Li and Yansong Pang and Yao Lu and Yecheng Jason Ma and Yejin Kim and Yevgen Chebotar and Yifan Zhou and Yifeng Zhu and Yilin Wu and Ying Xu and Yixuan Wang and Yonatan Bisk and Yongqiang Dou and Yoonyoung Cho and Youngwoon Lee and Yuchen Cui and Yue Cao and Yueh-Hua Wu and Yujin Tang and Yuke Zhu and Yunchu Zhang and Yunfan Jiang and Yunshuang Li and Yunzhu Li and Yusuke Iwasawa and Yutaka Matsuo and Zehan Ma and Zhuo Xu and Zichen Jeff Cui and Zichen Zhang and Zipeng Fu and Zipeng Lin},
      year={2024},
      eprint={2310.08864},
      archivePrefix={arXiv},
      primaryClass={cs.RO},
      url={https://arxiv.org/abs/2310.08864}, 
}

