@article{brown2020language,
  title={Language models are few-shot learners},
  author={Brown, Tom B},
  journal={arXiv preprint arXiv:2005.14165},
  year={2020}
}

@article{lewis2020retrieval,
  title={Retrieval-augmented generation for knowledge-intensive nlp tasks},
  author={Lewis, Patrick and Perez, Ethan and Piktus, Aleksandra and Petroni, Fabio and Karpukhin, Vladimir and Goyal, Naman and K{\"u}ttler, Heinrich and Lewis, Mike and Yih, Wen-tau and Rockt{\"a}schel, Tim and others},
  journal={Advances in Neural Information Processing Systems},
  volume={33},
  pages={9459--9474},
  year={2020}
}

@article{gu2024analogist,
  title={Analogist: Out-of-the-box Visual In-Context Learning with Image Diffusion Model},
  author={Gu, Zheng and Yang, Shiyuan and Liao, Jing and Huo, Jing and Gao, Yang},
  journal={ACM Transactions on Graphics (TOG)},
  volume={43},
  number={4},
  pages={1--15},
  year={2024},
  publisher={ACM New York, NY, USA}
}

@article{wang2023context,
  title={In-context learning unlocked for diffusion models},
  author={Wang, Zhendong and Jiang, Yifan and Lu, Yadong and He, Pengcheng and Chen, Weizhu and Wang, Zhangyang and Zhou, Mingyuan and others},
  journal={Advances in Neural Information Processing Systems},
  volume={36},
  pages={8542--8562},
  year={2023}
}

@inproceedings{najdenkoska2024context,
  title={Context diffusion: In-context aware image generation},
  author={Najdenkoska, Ivona and Sinha, Animesh and Dubey, Abhimanyu and Mahajan, Dhruv and Ramanathan, Vignesh and Radenovic, Filip},
  booktitle={European Conference on Computer Vision},
  pages={375--391},
  year={2024},
  organization={Springer}
}

@article{xiao2024omnigen,
  title={Omnigen: Unified image generation},
  author={Xiao, Shitao and Wang, Yueze and Zhou, Junjie and Yuan, Huaying and Xing, Xingrun and Yan, Ruiran and Wang, Shuting and Huang, Tiejun and Liu, Zheng},
  journal={arXiv preprint arXiv:2409.11340},
  year={2024}
}

@article{dhariwal2021diffusion,
  title={Diffusion models beat gans on image synthesis},
  author={Dhariwal, Prafulla and Nichol, Alexander},
  journal={Advances in neural information processing systems},
  volume={34},
  pages={8780--8794},
  year={2021}
}

@article{bar2022visual,
  title={Visual prompting via image inpainting},
  author={Bar, Amir and Gandelsman, Yossi and Darrell, Trevor and Globerson, Amir and Efros, Alexei},
  journal={Advances in Neural Information Processing Systems},
  volume={35},
  pages={25005--25017},
  year={2022}
}

@article{guo2023animatediff,
  title={AnimateDiff: Animate Your Personalized Text-to-Image Diffusion Models without Specific Tuning},
  author={Guo, Yuwei and Yang, Ceyuan and Rao, Anyi and Liang, Zhengyang and Wang, Yaohui and Qiao, Yu and Agrawala, Maneesh and Lin, Dahua and Dai, Bo},
  journal={International Conference on Learning Representations},
  year={2024}
}

@misc{zhang2023adding,
  title={Adding Conditional Control to Text-to-Image Diffusion Models}, 
  author={Lvmin Zhang and Anyi Rao and Maneesh Agrawala},
  booktitle={IEEE International Conference on Computer Vision (ICCV)},
  year={2023},
}

@inproceedings{brooks2023instructpix2pix,
  title={Instructpix2pix: Learning to follow image editing instructions},
  author={Brooks, Tim and Holynski, Aleksander and Efros, Alexei A},
  booktitle={Proceedings of the IEEE/CVF Conference on Computer Vision and Pattern Recognition},
  pages={18392--18402},
  year={2023}
}

@article{zhang2024magicbrush,
  title={Magicbrush: A manually annotated dataset for instruction-guided image editing},
  author={Zhang, Kai and Mo, Lingbo and Chen, Wenhu and Sun, Huan and Su, Yu},
  journal={Advances in Neural Information Processing Systems},
  volume={36},
  year={2024}
}

@inproceedings{sheynin2024emu,
  title={Emu edit: Precise image editing via recognition and generation tasks},
  author={Sheynin, Shelly and Polyak, Adam and Singer, Uriel and Kirstain, Yuval and Zohar, Amit and Ashual, Oron and Parikh, Devi and Taigman, Yaniv},
  booktitle={Proceedings of the IEEE/CVF Conference on Computer Vision and Pattern Recognition},
  pages={8871--8879},
  year={2024}
}

@inproceedings{galimage,
  title={An Image is Worth One Word: Personalizing Text-to-Image Generation using Textual Inversion},
  author={Gal, Rinon and Alaluf, Yuval and Atzmon, Yuval and Patashnik, Or and Bermano, Amit Haim and Chechik, Gal and Cohen-or, Daniel},
  booktitle={The Eleventh International Conference on Learning Representations},
  year={2023}
}

@inproceedings{ruiz2023dreambooth,
  title={Dreambooth: Fine tuning text-to-image diffusion models for subject-driven generation},
  author={Ruiz, Nataniel and Li, Yuanzhen and Jampani, Varun and Pritch, Yael and Rubinstein, Michael and Aberman, Kfir},
  booktitle={Proceedings of the IEEE/CVF conference on computer vision and pattern recognition},
  pages={22500--22510},
  year={2023}
}

@article{nitzan2022mystyle,
  title={Mystyle: A personalized generative prior},
  author={Nitzan, Yotam and Aberman, Kfir and He, Qiurui and Liba, Orly and Yarom, Michal and Gandelsman, Yossi and Mosseri, Inbar and Pritch, Yael and Cohen-Or, Daniel},
  journal={ACM Transactions on Graphics (TOG)},
  volume={41},
  number={6},
  pages={1--10},
  year={2022},
  publisher={ACM New York, NY, USA}
}

@article{arar2024palp,
  title={PALP: Prompt Aligned Personalization of Text-to-Image Models},
  author={Arar, Moab and Voynov, Andrey and Hertz, Amir and Avrahami, Omri and Fruchter, Shlomi and Pritch, Yael and Cohen-Or, Daniel and Shamir, Ariel},
  journal={arXiv preprint arXiv:2401.06105},
  year={2024}
}

@article{voynov2023p+,
  title={p+: Extended textual conditioning in text-to-image generation},
  author={Voynov, Andrey and Chu, Qinghao and Cohen-Or, Daniel and Aberman, Kfir},
  journal={arXiv preprint arXiv:2303.09522},
  year={2023}
}

@article{alaluf2023neural,
  title={A neural space-time representation for text-to-image personalization},
  author={Alaluf, Yuval and Richardson, Elad and Metzer, Gal and Cohen-Or, Daniel},
  journal={ACM Transactions on Graphics (TOG)},
  volume={42},
  number={6},
  pages={1--10},
  year={2023},
  publisher={ACM New York, NY, USA}
}

@article{schuhmann2022laion,
  title={Laion-5b: An open large-scale dataset for training next generation image-text models},
  author={Schuhmann, Christoph and Beaumont, Romain and Vencu, Richard and Gordon, Cade and Wightman, Ross and Cherti, Mehdi and Coombes, Theo and Katta, Aarush and Mullis, Clayton and Wortsman, Mitchell and others},
  journal={Advances in Neural Information Processing Systems},
  volume={35},
  pages={25278--25294},
  year={2022}
}

@article{chen2024subject,
  title={Subject-driven text-to-image generation via apprenticeship learning},
  author={Chen, Wenhu and Hu, Hexiang and Li, Yandong and Ruiz, Nataniel and Jia, Xuhui and Chang, Ming-Wei and Cohen, William W},
  journal={Advances in Neural Information Processing Systems},
  volume={36},
  year={2024}
}

@inproceedings{chenre,
  title={Re-Imagen: Retrieval-Augmented Text-to-Image Generator},
  author={Chen, Wenhu and Hu, Hexiang and Saharia, Chitwan and Cohen, William W},
  booktitle={The Eleventh International Conference on Learning Representations},
  year={2022}
}
@inproceedings{sheyninknn,
  title={kNN-Diffusion: Image Generation via Large-Scale Retrieval},
  author={Sheynin, Shelly and Ashual, Oron and Polyak, Adam and Singer, Uriel and Gafni, Oran and Nachmani, Eliya and Taigman, Yaniv},
  booktitle={The Eleventh International Conference on Learning Representations},
  year={2022}
}

@inproceedings{wanggenartist,
  title={GenArtist: Multimodal LLM as an Agent for Unified Image Generation and Editing},
  author={Wang, Zhenyu and Li, Aoxue and Li, Zhenguo and Liu, Xihui},
  booktitle={The Thirty-eighth Annual Conference on Neural Information Processing Systems}
}

@article{blattmann2022retrieval,
  title={Retrieval-augmented diffusion models},
  author={Blattmann, Andreas and Rombach, Robin and Oktay, Kaan and M{\"u}ller, Jonas and Ommer, Bj{\"o}rn},
  journal={Advances in Neural Information Processing Systems},
  volume={35},
  pages={15309--15324},
  year={2022}
}

@article{ray2024cola,
  title={Cola: A benchmark for compositional text-to-image retrieval},
  author={Ray, Arijit and Radenovic, Filip and Dubey, Abhimanyu and Plummer, Bryan and Krishna, Ranjay and Saenko, Kate},
  journal={Advances in Neural Information Processing Systems},
  volume={36},
  year={2024}
}

@inproceedings{vendrowinquire,
  title={INQUIRE: A Natural World Text-to-Image Retrieval Benchmark},
  author={Vendrow, Edward and Pantazis, Omiros and Shepard, Alexander and Brostow, Gabriel and Jones, Kate E and Mac Aodha, Oisin and Beery, Sara and Van Horn, Grant},
  booktitle={The Thirty-eight Conference on Neural Information Processing Systems Datasets and Benchmarks Track},
  year={2024}
}

@inproceedings{avrahami2023spatext,
  title={Spatext: Spatio-textual representation for controllable image generation},
  author={Avrahami, Omri and Hayes, Thomas and Gafni, Oran and Gupta, Sonal and Taigman, Yaniv and Parikh, Devi and Lischinski, Dani and Fried, Ohad and Yin, Xi},
  booktitle={Proceedings of the IEEE/CVF Conference on Computer Vision and Pattern Recognition},
  pages={18370--18380},
  year={2023}
}

@inproceedings{avrahami2022blended,
  title={Blended diffusion for text-driven editing of natural images},
  author={Avrahami, Omri and Lischinski, Dani and Fried, Ohad},
  booktitle={Proceedings of the IEEE/CVF conference on computer vision and pattern recognition},
  pages={18208--18218},
  year={2022}
}

@inproceedings{avrahami2023break,
  title={Break-a-scene: Extracting multiple concepts from a single image},
  author={Avrahami, Omri and Aberman, Kfir and Fried, Ohad and Cohen-Or, Daniel and Lischinski, Dani},
  booktitle={SIGGRAPH Asia 2023 Conference Papers},
  pages={1--12},
  year={2023}
}

@inproceedings{avrahami2024chosen,
  title={The chosen one: Consistent characters in text-to-image diffusion models},
  author={Avrahami, Omri and Hertz, Amir and Vinker, Yael and Arar, Moab and Fruchter, Shlomi and Fried, Ohad and Cohen-Or, Daniel and Lischinski, Dani},
  booktitle={ACM SIGGRAPH 2024 conference papers},
  pages={1--12},
  year={2024}
}

@article{wei2022fine,
  title={Fine-Grained Image Analysis With Deep Learning: A Survey.},
  author={Wei, XS and Song, YZ and Aodha, OM and Wu, J and Peng, Y and Tang, J and Yang, J and Belongie, S},
  journal={IEEE Transactions on Pattern Analysis and Machine Intelligence},
  volume={44},
  number={12},
  pages={8927--8948},
  year={2022}
}

@inproceedings{biswas2024efficient,
  title={Efficient and Interpretable Information Retrieval for Product Question Answering with Heterogeneous Data},
  author={Biswas, Biplob and Ramnath, Rajiv},
  booktitle={Proceedings of the Seventh Workshop on e-Commerce and NLP@ LREC-COLING 2024},
  pages={19--28},
  year={2024}
}

@inproceedings{mou2024t2i,
  title={T2i-adapter: Learning adapters to dig out more controllable ability for text-to-image diffusion models},
  author={Mou, Chong and Wang, Xintao and Xie, Liangbin and Wu, Yanze and Zhang, Jian and Qi, Zhongang and Shan, Ying},
  booktitle={Proceedings of the AAAI Conference on Artificial Intelligence},
  volume={38},
  number={5},
  pages={4296--4304},
  year={2024}
}

@inproceedings{leecompose,
  title={Compose and Conquer: Diffusion-Based 3D Depth Aware Composable Image Synthesis},
  author={Lee, Jonghyun and Cho, Hansam and Yoo, YoungJoon and Kim, Seoung Bum and Jeong, Yonghyun},
  booktitle={The Twelfth International Conference on Learning Representations}
}

@article{majifine,
  title={Fine-Grained Visual Classification of Aircraft},
  author={Maji, Subhransu and Rahtu, Esa and Kannala, Juho and Blaschko, Matthew and Vedaldi, Andrea},
  publisher={Citeseer},
  year={2013}
}

@article{goswami2024grape,
  title={GraPE: A Generate-Plan-Edit Framework for Compositional T2I Synthesis},
  author={Goswami, Ashish and Modi, Satyam Kumar and Deshineni, Santhosh Rishi and Singh, Harman and Singla, Parag and others},
  journal={arXiv preprint arXiv:2412.06089},
  year={2024}
}

@inproceedings{chen2025pixart,
  title={PIXART-Sigma: Weak-to-Strong Training of Diffusion Transformer for 4K Text-to-Image Generation},
  author={Chen, Junsong and Ge, Chongjian and Xie, Enze and Wu, Yue and Yao, Lewei and Ren, Xiaozhe and Wang, Zhongdao and Luo, Ping and Lu, Huchuan and Li, Zhenguo},
  booktitle={European Conference on Computer Vision},
  pages={74--91},
  year={2025},
  organization={Springer}
}

@misc{flux2023,
    author={Black Forest Labs},
    title={FLUX},
    year={2023},
    howpublished={\url{https://github.com/black-forest-labs/flux}},
}

@article{nguyen2024visual,
  title={Visual instruction inversion: Image editing via image prompting},
  author={Nguyen, Thao and Li, Yuheng and Ojha, Utkarsh and Lee, Yong Jae},
  journal={Advances in Neural Information Processing Systems},
  volume={36},
  year={2024}
}

@article{hurst2024gpt,
  title={Gpt-4o system card},
  author={Hurst, Aaron and Lerer, Adam and Goucher, Adam P and Perelman, Adam and Ramesh, Aditya and Clark, Aidan and Ostrow, AJ and Welihinda, Akila and Hayes, Alan and Radford, Alec and others},
  journal={arXiv preprint arXiv:2410.21276},
  year={2024}
}

@inproceedings{paiss2023teaching,
  title={Teaching clip to count to ten},
  author={Paiss, Roni and Ephrat, Ariel and Tov, Omer and Zada, Shiran and Mosseri, Inbar and Irani, Michal and Dekel, Tali},
  booktitle={Proceedings of the IEEE/CVF International Conference on Computer Vision},
  pages={3170--3180},
  year={2023}
}

@inproceedings{zhangdino,
  title={DINO: DETR with Improved DeNoising Anchor Boxes for End-to-End Object Detection},
  author={Zhang, Hao and Li, Feng and Liu, Shilong and Zhang, Lei and Su, Hang and Zhu, Jun and Ni, Lionel and Shum, Heung-Yeung},
  booktitle={The Eleventh International Conference on Learning Representations}
}

@inproceedings{hu2024instruct,
  title={Instruct-Imagen: Image generation with multi-modal instruction},
  author={Hu, Hexiang and Chan, Kelvin CK and Su, Yu-Chuan and Chen, Wenhu and Li, Yandong and Sohn, Kihyuk and Zhao, Yang and Ben, Xue and Gong, Boqing and Cohen, William and others},
  booktitle={Proceedings of the IEEE/CVF Conference on Computer Vision and Pattern Recognition},
  pages={4754--4763},
  year={2024}
}

@inproceedings{deng2009imagenet,
  title={Imagenet: A large-scale hierarchical image database},
  author={Deng, Jia and Dong, Wei and Socher, Richard and Li, Li-Jia and Li, Kai and Fei-Fei, Li},
  booktitle={2009 IEEE conference on computer vision and pattern recognition},
  pages={248--255},
  year={2009},
  organization={Ieee}
}

@inproceedings{van2018inaturalist,
  title={The inaturalist species classification and detection dataset},
  author={Van Horn, Grant and Mac Aodha, Oisin and Song, Yang and Cui, Yin and Sun, Chen and Shepard, Alex and Adam, Hartwig and Perona, Pietro and Belongie, Serge},
  booktitle={Proceedings of the IEEE conference on computer vision and pattern recognition},
  pages={8769--8778},
  year={2018}
}

@article{wah2011caltech,
  title={The caltech-ucsd birds-200-2011 dataset},
  author={Wah, Catherine and Branson, Steve and Welinder, Peter and Perona, Pietro and Belongie, Serge},
  year={2011},
  publisher={California Institute of Technology}
}

@inproceedings{krause20133d,
  title={3d object representations for fine-grained categorization},
  author={Krause, Jonathan and Stark, Michael and Deng, Jia and Fei-Fei, Li},
  booktitle={Proceedings of the IEEE international conference on computer vision workshops},
  pages={554--561},
  year={2013}
}

@article{haviv2024not,
  title={Not Every Image is Worth a Thousand Words: Quantifying Originality in Stable Diffusion},
  author={Haviv, Adi and Sarfaty, Shahar and Hacohen, Uri and Elkin-Koren, Niva and Livni, Roi and Bermano, Amit H},
  journal={arXiv preprint arXiv:2408.08184},
  year={2024}
}

@inproceedings{hulora,
  title={LoRA: Low-Rank Adaptation of Large Language Models},
  author={Hu, Edward J and Wallis, Phillip and Allen-Zhu, Zeyuan and Li, Yuanzhi and Wang, Shean and Wang, Lu and Chen, Weizhu and others},
  booktitle={International Conference on Learning Representations},
    year={2021}
}

@article{li2024block,
  title={Block-wise LoRA: Revisiting Fine-grained LoRA for Effective Personalization and Stylization in Text-to-Image Generation},
  author={Li, Likun and Zeng, Haoqi and Yang, Changpeng and Jia, Haozhe and Xu, Di},
  journal={arXiv preprint arXiv:2403.07500},
  year={2024}
}

@inproceedings{samuel2024generating,
  title={Generating images of rare concepts using pre-trained diffusion models},
  author={Samuel, Dvir and Ben-Ari, Rami and Raviv, Simon and Darshan, Nir and Chechik, Gal},
  booktitle={Proceedings of the AAAI Conference on Artificial Intelligence},
  volume={38},
  number={5},
  pages={4695--4703},
  year={2024}
}

@article{samuel2024norm,
  title={Norm-guided latent space exploration for text-to-image generation},
  author={Samuel, Dvir and Ben-Ari, Rami and Darshan, Nir and Maron, Haggai and Chechik, Gal},
  journal={Advances in Neural Information Processing Systems},
  volume={36},
  year={2024}
}

@article{ji2023survey,
  title={Survey of hallucination in natural language generation},
  author={Ji, Ziwei and Lee, Nayeon and Frieske, Rita and Yu, Tiezheng and Su, Dan and Xu, Yan and Ishii, Etsuko and Bang, Ye Jin and Madotto, Andrea and Fung, Pascale},
  journal={ACM Computing Surveys},
  volume={55},
  number={12},
  pages={1--38},
  year={2023},
  publisher={ACM New York, NY}
}

@article{ram2023context,
  title={In-context retrieval-augmented language models},
  author={Ram, Ori and Levine, Yoav and Dalmedigos, Itay and Muhlgay, Dor and Shashua, Amnon and Leyton-Brown, Kevin and Shoham, Yoav},
  journal={Transactions of the Association for Computational Linguistics},
  volume={11},
  pages={1316--1331},
  year={2023},
  publisher={MIT Press One Broadway, 12th Floor, Cambridge, Massachusetts 02142, USA~…}
}

@article{gao2023retrieval,
  title={Retrieval-augmented generation for large language models: A survey},
  author={Gao, Yunfan and Xiong, Yun and Gao, Xinyu and Jia, Kangxiang and Pan, Jinliu and Bi, Yuxi and Dai, Yi and Sun, Jiawei and Wang, Haofen},
  journal={arXiv preprint arXiv:2312.10997},
  year={2023}
}

@article{ye2023ip,
  title={Ip-adapter: Text compatible image prompt adapter for text-to-image diffusion models},
  author={Ye, Hu and Zhang, Jun and Liu, Sibo and Han, Xiao and Yang, Wei},
  journal={arXiv preprint arXiv:2308.06721},
  year={2023}
}

@inproceedings{zhai2023sigmoid,
  title={Sigmoid loss for language image pre-training},
  author={Zhai, Xiaohua and Mustafa, Basil and Kolesnikov, Alexander and Beyer, Lucas},
  booktitle={Proceedings of the IEEE/CVF International Conference on Computer Vision},
  pages={11975--11986},
  year={2023}
}

@article{robertson2009probabilistic,
  title={The probabilistic relevance framework: BM25 and beyond},
  author={Robertson, Stephen and Zaragoza, Hugo and others},
  journal={Foundations and Trends{\textregistered} in Information Retrieval},
  volume={3},
  number={4},
  pages={333--389},
  year={2009},
  publisher={Now Publishers, Inc.}
}

@inproceedings{pankosmos,
  title={Kosmos-G: Generating Images in Context with Multimodal Large Language Models},
  author={Pan, Xichen and Dong, Li and Huang, Shaohan and Peng, Zhiliang and Chen, Wenhu and Wei, Furu},
  booktitle={The Twelfth International Conference on Learning Representations}
}

@inproceedings{radford2021learning,
  title={Learning transferable visual models from natural language supervision},
  author={Radford, Alec and Kim, Jong Wook and Hallacy, Chris and Ramesh, Aditya and Goh, Gabriel and Agarwal, Sandhini and Sastry, Girish and Askell, Amanda and Mishkin, Pamela and Clark, Jack and others},
  booktitle={International conference on machine learning},
  pages={8748--8763},
  year={2021},
  organization={PMLR}
}

@inproceedings{kumari2023multi,
  title={Multi-concept customization of text-to-image diffusion},
  author={Kumari, Nupur and Zhang, Bingliang and Zhang, Richard and Shechtman, Eli and Zhu, Jun-Yan},
  booktitle={Proceedings of the IEEE/CVF Conference on Computer Vision and Pattern Recognition},
  pages={1931--1941},
  year={2023}
}

@article{gal2022stylegan,
  title={Stylegan-nada: Clip-guided domain adaptation of image generators},
  author={Gal, Rinon and Patashnik, Or and Maron, Haggai and Bermano, Amit H and Chechik, Gal and Cohen-Or, Daniel},
  journal={ACM Transactions on Graphics (TOG)},
  volume={41},
  number={4},
  pages={1--13},
  year={2022},
  publisher={ACM New York, NY, USA}
}

@inproceedings{rombach2022high,
  title={High-resolution image synthesis with latent diffusion models},
  author={Rombach, Robin and Blattmann, Andreas and Lorenz, Dominik and Esser, Patrick and Ommer, Bj{\"o}rn},
  booktitle={Proceedings of the IEEE/CVF conference on computer vision and pattern recognition},
  pages={10684--10695},
  year={2022}
}

@inproceedings{podellsdxl,
  title={SDXL: Improving Latent Diffusion Models for High-Resolution Image Synthesis},
  author={Podell, Dustin and English, Zion and Lacey, Kyle and Blattmann, Andreas and Dockhorn, Tim and M{\"u}ller, Jonas and Penna, Joe and Rombach, Robin},
  booktitle={The Twelfth International Conference on Learning Representations},
  year={2024}
}

@inproceedings{esser2024scaling,
  title={Scaling rectified flow transformers for high-resolution image synthesis},
  author={Esser, Patrick and Kulal, Sumith and Blattmann, Andreas and Entezari, Rahim and M{\"u}ller, Jonas and Saini, Harry and Levi, Yam and Lorenz, Dominik and Sauer, Axel and Boesel, Frederic and others},
  booktitle={Forty-first International Conference on Machine Learning},
  year={2024}
}

@inproceedings{alaluf2024cross,
  title={Cross-image attention for zero-shot appearance transfer},
  author={Alaluf, Yuval and Garibi, Daniel and Patashnik, Or and Averbuch-Elor, Hadar and Cohen-Or, Daniel},
  booktitle={ACM SIGGRAPH 2024 Conference Papers},
  pages={1--12},
  year={2024}
}

@inproceedings{mokady2023null,
  title={Null-text inversion for editing real images using guided diffusion models},
  author={Mokady, Ron and Hertz, Amir and Aberman, Kfir and Pritch, Yael and Cohen-Or, Daniel},
  booktitle={Proceedings of the IEEE/CVF Conference on Computer Vision and Pattern Recognition},
  pages={6038--6047},
  year={2023}
}

@inproceedings{sun2024generative,
  title={Generative multimodal models are in-context learners},
  author={Sun, Quan and Cui, Yufeng and Zhang, Xiaosong and Zhang, Fan and Yu, Qiying and Wang, Yueze and Rao, Yongming and Liu, Jingjing and Huang, Tiejun and Wang, Xinlong},
  booktitle={Proceedings of the IEEE/CVF Conference on Computer Vision and Pattern Recognition},
  pages={14398--14409},
  year={2024}
}

@inproceedings{yang2023paint,
  title={Paint by example: Exemplar-based image editing with diffusion models},
  author={Yang, Binxin and Gu, Shuyang and Zhang, Bo and Zhang, Ting and Chen, Xuejin and Sun, Xiaoyan and Chen, Dong and Wen, Fang},
  booktitle={Proceedings of the IEEE/CVF Conference on Computer Vision and Pattern Recognition},
  pages={18381--18391},
  year={2023}
}

@article{pitie2007linear,
  title={The linear monge-kantorovitch linear colour mapping for example-based colour transfer},
  author={Piti{\'e}, Fran{\c{c}}ois and Kokaram, Anil},
  year={2007},
  publisher={IET},
  journal={European Conference on Visual Media Production}
}

@inproceedings{couairon2023diffedit,
  title={DiffEdit: Diffusion-based Semantic Image Editing with Mask Guidance},
  author={Couairon, Guillaume and Verbeek, Jakob and Schwenk, Holger and Cord, Matthieu},
  booktitle={ICLR 2023 (Eleventh International Conference on Learning Representations)},
  year={2023}
}

@inproceedings{meng2021sdedit,
  title={SDEdit: Guided Image Synthesis and Editing with Stochastic Differential Equations},
  author={Meng, Chenlin and He, Yutong and Song, Yang and Song, Jiaming and Wu, Jiajun and Zhu, Jun-Yan and Ermon, Stefano},
  booktitle={International Conference on Learning Representations},
  year={2021}
}

@inproceedings{geyer2023tokenflow,
  title={TokenFlow: Consistent Diffusion Features for Consistent Video Editing},
  author={Geyer, Michal and Bar-Tal, Omer and Bagon, Shai and Dekel, Tali},
  booktitle={The Twelfth International Conference on Learning Representations},
  year={2023}
}

@inproceedings{yang2023rerender,
    title = {Rerender A Video: Zero-Shot Text-Guided Video-to-Video Translation},
    author = {Yang, Shuai and Zhou, Yifan and Liu, Ziwei and and Loy, Chen Change},
     booktitle = {ACM SIGGRAPH Asia Conference Proceedings},
    year = {2023}
}

@inproceedings{wu2023tune,
  title={Tune-a-video: One-shot tuning of image diffusion models for text-to-video generation},
  author={Wu, Jay Zhangjie and Ge, Yixiao and Wang, Xintao and Lei, Stan Weixian and Gu, Yuchao and Shi, Yufei and Hsu, Wynne and Shan, Ying and Qie, Xiaohu and Shou, Mike Zheng},
  booktitle={Proceedings of the IEEE/CVF International Conference on Computer Vision},
  pages={7623--7633},
  year={2023}
}

@inproceedings{khachatryan2023text2video,
  title={Text2video-zero: Text-to-image diffusion models are zero-shot video generators},
  author={Khachatryan, Levon and Movsisyan, Andranik and Tadevosyan, Vahram and Henschel, Roberto and Wang, Zhangyang and Navasardyan, Shant and Shi, Humphrey},
  booktitle={Proceedings of the IEEE/CVF International Conference on Computer Vision},
  pages={15954--15964},
  year={2023}
}

@inproceedings{zhang2023controlvideo,
  title={ControlVideo: Training-free Controllable Text-to-video Generation},
  author={Zhang, Yabo and Wei, Yuxiang and Jiang, Dongsheng and ZHANG, XIAOPENG and Zuo, Wangmeng and Tian, Qi},
  booktitle={The Twelfth International Conference on Learning Representations},
  year={2023}
}

@InProceedings{Kim_2023_CVPR,
      author={Kim, Gyeongman and Shim, Hajin and Kim, Hyunsu and Choi, Yunjey and Kim, Junho and Yang, Eunho},
      title={Diffusion Video Autoencoders: Toward Temporally Consistent Face Video Editing via Disentangled Video Encoding},
      booktitle={Proceedings of the IEEE/CVF Conference on Computer Vision and Pattern Recognition (CVPR)},
      month={June},
      year={2023},
      pages={6091-6100}
}

@article{kara2023rave,
  title={RAVE: Randomized Noise Shuffling for Fast and Consistent Video Editing with Diffusion Models},
  author={Kara, Ozgur and Kurtkaya, Bariscan and Yesiltepe, Hidir and Rehg, James M and Yanardag, Pinar},
  journal={arXiv preprint arXiv:2312.04524},
  year={2023}
}

@inproceedings{yu2023celebv,
  title={CelebV-Text: A Large-Scale Facial Text-Video Dataset},
  author={Yu, Jianhui and Zhu, Hao and Jiang, Liming and Loy, Chen Change and Cai, Weidong and Wu, Wayne},
  booktitle={Proceedings of the IEEE/CVF Conference on Computer Vision and Pattern Recognition},
  pages={14805--14814},
  year={2023}
}

@inproceedings{huang2017arbitrary,
  title={Arbitrary style transfer in real-time with adaptive instance normalization},
  author={Huang, Xun and Belongie, Serge},
  booktitle={Proceedings of the IEEE international conference on computer vision},
  pages={1501--1510},
  year={2017}
}

@ARTICLE{plenopticam,
    author={Hahne, Christopher and Aggoun, Amar},
    journal={IEEE Transactions on Image Processing},
    title={PlenoptiCam v1.0: A Light-Field Imaging Framework},
    year={2021},
    volume={30},
    number={},
    pages={6757-6771},
    doi={10.1109/TIP.2021.3095671}
}

@inproceedings{cong2024flatten,
  title={FLATTEN: optical FLow-guided ATTENtion for consistent text-to-video editing},
  author={Cong, Yuren and Xu, Mengmeng and Simon, Christian and Chen, Shoufa and Ren, Jiawei and Xie, Yanping and Rosenhahn, Bodo and Xiang, Tao and He, Sen},
  booktitle={International Conference on Learning Representations (ICLR)},
  year={2024}
}

@inproceedings{li2022towards,
  title={Towards an end-to-end framework for flow-guided video inpainting},
  author={Li, Zhen and Lu, Cheng-Ze and Qin, Jianhua and Guo, Chun-Le and Cheng, Ming-Ming},
  booktitle={Proceedings of the IEEE/CVF conference on computer vision and pattern recognition},
  pages={17562--17571},
  year={2022}
}

@InProceedings{zhou2023propainter,
      title     = {{ProPainter}: Improving Propagation and Transformer for Video Inpainting},
      author    = {Zhou, Shangchen and Li, Chongyi and Chan, Kelvin C.K and Loy, Chen Change},
      booktitle = {Proceedings of IEEE International Conference on Computer Vision (ICCV)},
      year      = {2023}
    }

@inproceedings{zhang2022flow,
  title={Flow-guided transformer for video inpainting},
  author={Zhang, Kaidong and Fu, Jingjing and Liu, Dong},
  booktitle={European Conference on Computer Vision},
  pages={74--90},
  year={2022},
  organization={Springer}
}

@article{yu2023inpaint,
  title={Inpaint anything: Segment anything meets image inpainting},
  author={Yu, Tao and Feng, Runseng and Feng, Ruoyu and Liu, Jinming and Jin, Xin and Zeng, Wenjun and Chen, Zhibo},
  journal={arXiv preprint arXiv:2304.06790},
  year={2023}
}

@inproceedings{zheng2022farl,
  title={General facial representation learning in a visual-linguistic manner},
  author={Zheng, Yinglin and Yang, Hao and Zhang, Ting and Bao, Jianmin and Chen, Dongdong and Huang, Yangyu and Yuan, Lu and Chen, Dong and Zeng, Ming and Wen, Fang},
  booktitle={Proceedings of the IEEE/CVF Conference on Computer Vision and Pattern Recognition},
  pages={18697--18709},
  year={2022}
}
@article{kasten2021layered,
  title={Layered neural atlases for consistent video editing},
  author={Kasten, Yoni and Ofri, Dolev and Wang, Oliver and Dekel, Tali},
  journal={ACM Transactions on Graphics (TOG)},
  volume={40},
  number={6},
  pages={1--12},
  year={2021},
  publisher={ACM New York, NY, USA}
}

@article{yildirim2023inst,
  title={Inst-Inpaint: Instructing to Remove Objects with Diffusion Models},
  author={Yildirim, Ahmet Burak and Baday, Vedat and Erdem, Erkut and Erdem, Aykut and Dundar, Aysegul},
  journal={arXiv preprint arXiv:2304.03246},
  year={2023}
}

@inproceedings{bar2022text2live,
  title={Text2live: Text-driven layered image and video editing},
  author={Bar-Tal, Omer and Ofri-Amar, Dolev and Fridman, Rafail and Kasten, Yoni and Dekel, Tali},
  booktitle={European conference on computer vision},
  pages={707--723},
  year={2022},
  organization={Springer}
}

@article{avrahami2023blended,
  title={Blended latent diffusion},
  author={Avrahami, Omri and Fried, Ohad and Lischinski, Dani},
  journal={ACM Transactions on Graphics (TOG)},
  volume={42},
  number={4},
  pages={1--11},
  year={2023},
  publisher={ACM New York, NY, USA}
}

@article{ho2020denoising,
  title={Denoising diffusion probabilistic models},
  author={Ho, Jonathan and Jain, Ajay and Abbeel, Pieter},
  journal={Advances in neural information processing systems},
  volume={33},
  pages={6840--6851},
  year={2020}
}

@inproceedings{hertz2022prompt,
  title={Prompt-to-Prompt Image Editing with Cross-Attention Control},
  author={Hertz, Amir and Mokady, Ron and Tenenbaum, Jay and Aberman, Kfir and Pritch, Yael and Cohen-or, Daniel},
  booktitle={The Eleventh International Conference on Learning Representations},
  year={2022}
}

@inproceedings{tumanyan2023plug,
  title={Plug-and-play diffusion features for text-driven image-to-image translation},
  author={Tumanyan, Narek and Geyer, Michal and Bagon, Shai and Dekel, Tali},
  booktitle={Proceedings of the IEEE/CVF Conference on Computer Vision and Pattern Recognition},
  pages={1921--1930},
  year={2023}
}

@inproceedings{qi2023fatezero,
  title={Fatezero: Fusing attentions for zero-shot text-based video editing},
  author={Qi, Chenyang and Cun, Xiaodong and Zhang, Yong and Lei, Chenyang and Wang, Xintao and Shan, Ying and Chen, Qifeng},
  booktitle={Proceedings of the IEEE/CVF International Conference on Computer Vision},
  pages={15932--15942},
  year={2023}
}

@article{gu2023flow,
  title={Flow-Guided Diffusion for Video Inpainting},
  author={Gu, Bohai and Yu, Yongsheng and Fan, Heng and Zhang, Libo},
  journal={arXiv preprint arXiv:2311.15368},
  year={2023}
}

@inproceedings{xie2023smartbrush,
  title={Smartbrush: Text and shape guided object inpainting with diffusion model},
  author={Xie, Shaoan and Zhang, Zhifei and Lin, Zhe and Hinz, Tobias and Zhang, Kun},
  booktitle={Proceedings of the IEEE/CVF Conference on Computer Vision and Pattern Recognition},
  pages={22428--22437},
  year={2023}
}

@article{bar2024lumiere,
  title={Lumiere: A space-time diffusion model for video generation},
  author={Bar-Tal, Omer and Chefer, Hila and Tov, Omer and Herrmann, Charles and Paiss, Roni and Zada, Shiran and Ephrat, Ariel and Hur, Junhwa and Li, Yuanzhen and Michaeli, Tomer and others},
  journal={arXiv preprint arXiv:2401.12945},
  year={2024}
}

@article{unterthiner2018towards,
  title={Towards accurate generative models of video: A new metric \& challenges},
  author={Unterthiner, Thomas and Van Steenkiste, Sjoerd and Kurach, Karol and Marinier, Raphael and Michalski, Marcin and Gelly, Sylvain},
  journal={arXiv preprint arXiv:1812.01717},
  year={2018}
}

@article{heusel2017gans,
  title={Gans trained by a two time-scale update rule converge to a local nash equilibrium},
  author={Heusel, Martin and Ramsauer, Hubert and Unterthiner, Thomas and Nessler, Bernhard and Hochreiter, Sepp},
  journal={Advances in neural information processing systems},
  volume={30},
  year={2017}
}

@inproceedings{szegedy2016rethinking,
  title={Rethinking the inception architecture for computer vision},
  author={Szegedy, Christian and Vanhoucke, Vincent and Ioffe, Sergey and Shlens, Jon and Wojna, Zbigniew},
  booktitle={Proceedings of the IEEE conference on computer vision and pattern recognition},
  pages={2818--2826},
  year={2016}
}

@inproceedings{carreira2017quo,
  title={Quo vadis, action recognition? a new model and the kinetics dataset},
  author={Carreira, Joao and Zisserman, Andrew},
  booktitle={proceedings of the IEEE Conference on Computer Vision and Pattern Recognition},
  pages={6299--6308},
  year={2017}
}

@inproceedings{deng2019arcface,
  title={Arcface: Additive angular margin loss for deep face recognition},
  author={Deng, Jiankang and Guo, Jia and Xue, Niannan and Zafeiriou, Stefanos},
  booktitle={Proceedings of the IEEE/CVF conference on computer vision and pattern recognition},
  pages={4690--4699},
  year={2019}
}

@inproceedings{suhail2023omnimatte3d,
  title={Omnimatte3D: Associating Objects and Their Effects in Unconstrained Monocular Video},
  author={Suhail, Mohammed and Lu, Erika and Li, Zhengqi and Snavely, Noah and Sigal, Leonid and Cole, Forrester},
  booktitle={Proceedings of the IEEE/CVF Conference on Computer Vision and Pattern Recognition},
  pages={630--639},
  year={2023}
}

@inproceedings{lu2021omnimatte,
  title={Omnimatte: Associating objects and their effects in video},
  author={Lu, Erika and Cole, Forrester and Dekel, Tali and Zisserman, Andrew and Freeman, William T and Rubinstein, Michael},
  booktitle={Proceedings of the IEEE/CVF Conference on Computer Vision and Pattern Recognition},
  pages={4507--4515},
  year={2021}
}

@article{lei2020blind,
  title={Blind video temporal consistency via deep video prior},
  author={Lei, Chenyang and Xing, Yazhou and Chen, Qifeng},
  journal={Advances in Neural Information Processing Systems},
  volume={33},
  pages={1083--1093},
  year={2020}
}

@inproceedings{lai2018learning,
  title={Learning blind video temporal consistency},
  author={Lai, Wei-Sheng and Huang, Jia-Bin and Wang, Oliver and Shechtman, Eli and Yumer, Ersin and Yang, Ming-Hsuan},
  booktitle={Proceedings of the European conference on computer vision (ECCV)},
  pages={170--185},
  year={2018}
}

@inproceedings{teed2020raft,
  title={Raft: Recurrent all-pairs field transforms for optical flow},
  author={Teed, Zachary and Deng, Jia},
  booktitle={Computer Vision--ECCV 2020: 16th European Conference, Glasgow, UK, August 23--28, 2020, Proceedings, Part II 16},
  pages={402--419},
  year={2020},
  organization={Springer}
}

@inproceedings{li2022bigdatasetgan,
  title={BigDatasetGAN: Synthesizing ImageNet with pixel-wise annotations},
  author={Li, Daiqing and Ling, Huan and Kim, Seung Wook and Kreis, Karsten and Fidler, Sanja and Torralba, Antonio},
  booktitle={Proceedings of the IEEE/CVF Conference on Computer Vision and Pattern Recognition},
  pages={21330--21340},
  year={2022}
}

@inproceedings{peebles2022gan,
  title={Gan-supervised dense visual alignment},
  author={Peebles, William and Zhu, Jun-Yan and Zhang, Richard and Torralba, Antonio and Efros, Alexei A and Shechtman, Eli},
  booktitle={Proceedings of the IEEE/CVF Conference on Computer Vision and Pattern Recognition},
  pages={13470--13481},
  year={2022}
}

@article{ravuri2019classification,
  title={Classification accuracy score for conditional generative models},
  author={Ravuri, Suman and Vinyals, Oriol},
  journal={Advances in neural information processing systems},
  volume={32},
  year={2019}
}

@inproceedings{lyu2022portrait,
  title={Portrait eyeglasses and shadow removal by leveraging 3d synthetic data},
  author={Lyu, Junfeng and Wang, Zhibo and Xu, Feng},
  booktitle={Proceedings of the IEEE/CVF Conference on Computer Vision and Pattern Recognition},
  pages={3429--3439},
  year={2022}
}

@inproceedings{lee2020byeglassesgan,
  title={Byeglassesgan: Identity preserving eyeglasses removal for face images},
  author={Lee, Yu-Hui and Lai, Shang-Hong},
  booktitle={Computer Vision--ECCV 2020: 16th European Conference, Glasgow, UK, August 23--28, 2020, Proceedings, Part XXIX 16},
  pages={243--258},
  year={2020},
  organization={Springer}
}

@inproceedings{parmar2022aliased,
  title={On aliased resizing and surprising subtleties in gan evaluation},
  author={Parmar, Gaurav and Zhang, Richard and Zhu, Jun-Yan},
  booktitle={Proceedings of the IEEE/CVF Conference on Computer Vision and Pattern Recognition},
  pages={11410--11420},
  year={2022}
}

@inproceedings{m_Nguyen-etal-CVPR21,
  author = {Thao Nguyen and Anh Tran and Minh Hoai},
  title = {Lipstick ain't enough: Beyond Color Matching for In-the-Wild Makeup Transfer},
  year = {2021},
  booktitle = {Proceedings of the {IEEE} Conference on Computer Vision and Pattern Recognition (CVPR)}
}

@article{nitzan2024lazy,
  title={Lazy Diffusion Transformer for Interactive Image Editing},
  author={Nitzan, Yotam and Wu, Zongze and Zhang, Richard and Shechtman, Eli and Cohen-Or, Daniel and Park, Taesung and Gharbi, Micha{\"e}l},
  journal={arXiv preprint arXiv:2404.12382},
  year={2024}
}

@inproceedings{gerig2018morphable,
  title={Morphable face models-an open framework},
  author={Gerig, Thomas and Morel-Forster, Andreas and Blumer, Clemens and Egger, Bernhard and Luthi, Marcel and Sch{\"o}nborn, Sandro and Vetter, Thomas},
  booktitle={2018 13th IEEE international conference on automatic face \& gesture recognition (FG 2018)},
  pages={75--82},
  year={2018},
  organization={IEEE}
}

@inproceedings{sohl2015deep,
  title={Deep unsupervised learning using nonequilibrium thermodynamics},
  author={Sohl-Dickstein, Jascha and Weiss, Eric and Maheswaranathan, Niru and Ganguli, Surya},
  booktitle={International conference on machine learning},
  pages={2256--2265},
  year={2015},
  organization={PMLR}
}

@inproceedings{agarwal2020detecting,
  title={Detecting deep-fake videos from phoneme-viseme mismatches},
  author={Agarwal, Shruti and Farid, Hany and Fried, Ohad and Agrawala, Maneesh},
  booktitle={Proceedings of the IEEE/CVF conference on computer vision and pattern recognition workshops},
  pages={660--661},
  year={2020}
}

@inproceedings{sinitsa2024deep,
  title={Deep image fingerprint: Towards low budget synthetic image detection and model lineage analysis},
  author={Sinitsa, Sergey and Fried, Ohad},
  booktitle={Proceedings of the IEEE/CVF Winter Conference on Applications of Computer Vision},
  pages={4067--4076},
  year={2024}
}

@mastersthesis{knafo2022fakeout,
  title={Fakeout: Leveraging out-of-domain self-supervision for multi-modal video deepfake detection},
  author={Knafo, Gil},
  year={2022},
  school={Reichman University (Israel)}
}

@article{gal2023encoder,
  title={Encoder-based domain tuning for fast personalization of text-to-image models},
  author={Gal, Rinon and Arar, Moab and Atzmon, Yuval and Bermano, Amit H and Chechik, Gal and Cohen-Or, Daniel},
  journal={ACM Transactions on Graphics (TOG)},
  volume={42},
  number={4},
  pages={1--13},
  year={2023},
  publisher={ACM New York, NY, USA}
}

@inproceedings{wei2023elite,
  title={Elite: Encoding visual concepts into textual embeddings for customized text-to-image generation},
  author={Wei, Yuxiang and Zhang, Yabo and Ji, Zhilong and Bai, Jinfeng and Zhang, Lei and Zuo, Wangmeng},
  booktitle={Proceedings of the IEEE/CVF International Conference on Computer Vision},
  pages={15943--15953},
  year={2023}
}

@inproceedings{gal2024lcm,
  title={Lcm-lookahead for encoder-based text-to-image personalization},
  author={Gal, Rinon and Lichter, Or and Richardson, Elad and Patashnik, Or and Bermano, Amit H and Chechik, Gal and Cohen-Or, Daniel},
  booktitle={European Conference on Computer Vision},
  pages={322--340},
  year={2024},
  organization={Springer}
}

@article{patashnik2025nested,
  title={Nested Attention: Semantic-aware Attention Values for Concept Personalization},
  author={Patashnik, Or and Gal, Rinon and Ostashev, Daniil and Tulyakov, Sergey and Aberman, Kfir and Cohen-Or, Daniel},
  journal={arXiv preprint arXiv:2501.01407},
  year={2025}
}

@inproceedings{shi2024instantbooth,
  title={Instantbooth: Personalized text-to-image generation without test-time finetuning},
  author={Shi, Jing and Xiong, Wei and Lin, Zhe and Jung, Hyun Joon},
  booktitle={Proceedings of the IEEE/CVF Conference on Computer Vision and Pattern Recognition},
  pages={8543--8552},
  year={2024}
}

@misc{zhang2025aidrivensignlanguagegeneration,
      title={Towards AI-driven Sign Language Generation with Non-manual Markers}, 
      author={Han Zhang and Rotem Shalev-Arkushin and Vasileios Baltatzis and Connor Gillis and Gierad Laput and Raja Kushalnagar and Lorna Quandt and Leah Findlater and Abdelkareem Bedri and Colin Lea},
      year={2025},
      eprint={2502.05661},
      archivePrefix={arXiv},
      primaryClass={cs.HC},
      url={https://arxiv.org/abs/2502.05661}, 
}