@article{alaluf2023neural,
  title={A neural space-time representation for text-to-image personalization},
  author={Alaluf, Yuval and Richardson, Elad and Metzer, Gal and Cohen-Or, Daniel},
  journal={ACM Transactions on Graphics (TOG)},
  volume={42},
  number={6},
  pages={1--10},
  year={2023},
  publisher={ACM New York, NY, USA}
}

@article{arar2024palp,
  title={PALP: Prompt Aligned Personalization of Text-to-Image Models},
  author={Arar, Moab and Voynov, Andrey and Hertz, Amir and Avrahami, Omri and Fruchter, Shlomi and Pritch, Yael and Cohen-Or, Daniel and Shamir, Ariel},
  journal={arXiv preprint arXiv:2401.06105},
  year={2024}
}

@inproceedings{avrahami2023break,
  title={Break-a-scene: Extracting multiple concepts from a single image},
  author={Avrahami, Omri and Aberman, Kfir and Fried, Ohad and Cohen-Or, Daniel and Lischinski, Dani},
  booktitle={SIGGRAPH Asia 2023 Conference Papers},
  pages={1--12},
  year={2023}
}

@article{blattmann2022retrieval,
  title={Retrieval-augmented diffusion models},
  author={Blattmann, Andreas and Rombach, Robin and Oktay, Kaan and M{\"u}ller, Jonas and Ommer, Bj{\"o}rn},
  journal={Advances in Neural Information Processing Systems},
  volume={35},
  pages={15309--15324},
  year={2022}
}

@article{brown2020language,
  title={Language models are few-shot learners},
  author={Brown, Tom B},
  journal={arXiv preprint arXiv:2005.14165},
  year={2020}
}

@inproceedings{chenre,
  title={Re-Imagen: Retrieval-Augmented Text-to-Image Generator},
  author={Chen, Wenhu and Hu, Hexiang and Saharia, Chitwan and Cohen, William W},
  booktitle={The Eleventh International Conference on Learning Representations},
  year={2022}
}

@article{dhariwal2021diffusion,
  title={Diffusion models beat gans on image synthesis},
  author={Dhariwal, Prafulla and Nichol, Alexander},
  journal={Advances in neural information processing systems},
  volume={34},
  pages={8780--8794},
  year={2021}
}

@article{gal2023encoder,
  title={Encoder-based domain tuning for fast personalization of text-to-image models},
  author={Gal, Rinon and Arar, Moab and Atzmon, Yuval and Bermano, Amit H and Chechik, Gal and Cohen-Or, Daniel},
  journal={ACM Transactions on Graphics (TOG)},
  volume={42},
  number={4},
  pages={1--13},
  year={2023},
  publisher={ACM New York, NY, USA}
}

@inproceedings{gal2024lcm,
  title={Lcm-lookahead for encoder-based text-to-image personalization},
  author={Gal, Rinon and Lichter, Or and Richardson, Elad and Patashnik, Or and Bermano, Amit H and Chechik, Gal and Cohen-Or, Daniel},
  booktitle={European Conference on Computer Vision},
  pages={322--340},
  year={2024},
  organization={Springer}
}

@inproceedings{galimage,
  title={An Image is Worth One Word: Personalizing Text-to-Image Generation using Textual Inversion},
  author={Gal, Rinon and Alaluf, Yuval and Atzmon, Yuval and Patashnik, Or and Bermano, Amit Haim and Chechik, Gal and Cohen-or, Daniel},
  booktitle={The Eleventh International Conference on Learning Representations},
  year={2023}
}

@article{gao2023retrieval,
  title={Retrieval-augmented generation for large language models: A survey},
  author={Gao, Yunfan and Xiong, Yun and Gao, Xinyu and Jia, Kangxiang and Pan, Jinliu and Bi, Yuxi and Dai, Yi and Sun, Jiawei and Wang, Haofen},
  journal={arXiv preprint arXiv:2312.10997},
  year={2023}
}

@article{gu2024analogist,
  title={Analogist: Out-of-the-box Visual In-Context Learning with Image Diffusion Model},
  author={Gu, Zheng and Yang, Shiyuan and Liao, Jing and Huo, Jing and Gao, Yang},
  journal={ACM Transactions on Graphics (TOG)},
  volume={43},
  number={4},
  pages={1--15},
  year={2024},
  publisher={ACM New York, NY, USA}
}

@article{ho2020denoising,
  title={Denoising diffusion probabilistic models},
  author={Ho, Jonathan and Jain, Ajay and Abbeel, Pieter},
  journal={Advances in neural information processing systems},
  volume={33},
  pages={6840--6851},
  year={2020}
}

@inproceedings{hu2024instruct,
  title={Instruct-Imagen: Image generation with multi-modal instruction},
  author={Hu, Hexiang and Chan, Kelvin CK and Su, Yu-Chuan and Chen, Wenhu and Li, Yandong and Sohn, Kihyuk and Zhao, Yang and Ben, Xue and Gong, Boqing and Cohen, William and others},
  booktitle={Proceedings of the IEEE/CVF Conference on Computer Vision and Pattern Recognition},
  pages={4754--4763},
  year={2024}
}

@inproceedings{kumari2023multi,
  title={Multi-concept customization of text-to-image diffusion},
  author={Kumari, Nupur and Zhang, Bingliang and Zhang, Richard and Shechtman, Eli and Zhu, Jun-Yan},
  booktitle={Proceedings of the IEEE/CVF Conference on Computer Vision and Pattern Recognition},
  pages={1931--1941},
  year={2023}
}

@article{lewis2020retrieval,
  title={Retrieval-augmented generation for knowledge-intensive nlp tasks},
  author={Lewis, Patrick and Perez, Ethan and Piktus, Aleksandra and Petroni, Fabio and Karpukhin, Vladimir and Goyal, Naman and K{\"u}ttler, Heinrich and Lewis, Mike and Yih, Wen-tau and Rockt{\"a}schel, Tim and others},
  journal={Advances in Neural Information Processing Systems},
  volume={33},
  pages={9459--9474},
  year={2020}
}

@inproceedings{najdenkoska2024context,
  title={Context diffusion: In-context aware image generation},
  author={Najdenkoska, Ivona and Sinha, Animesh and Dubey, Abhimanyu and Mahajan, Dhruv and Ramanathan, Vignesh and Radenovic, Filip},
  booktitle={European Conference on Computer Vision},
  pages={375--391},
  year={2024},
  organization={Springer}
}

@article{nguyen2024visual,
  title={Visual instruction inversion: Image editing via image prompting},
  author={Nguyen, Thao and Li, Yuheng and Ojha, Utkarsh and Lee, Yong Jae},
  journal={Advances in Neural Information Processing Systems},
  volume={36},
  year={2024}
}

@article{nitzan2022mystyle,
  title={Mystyle: A personalized generative prior},
  author={Nitzan, Yotam and Aberman, Kfir and He, Qiurui and Liba, Orly and Yarom, Michal and Gandelsman, Yossi and Mosseri, Inbar and Pritch, Yael and Cohen-Or, Daniel},
  journal={ACM Transactions on Graphics (TOG)},
  volume={41},
  number={6},
  pages={1--10},
  year={2022},
  publisher={ACM New York, NY, USA}
}

@article{patashnik2025nested,
  title={Nested Attention: Semantic-aware Attention Values for Concept Personalization},
  author={Patashnik, Or and Gal, Rinon and Ostashev, Daniil and Tulyakov, Sergey and Aberman, Kfir and Cohen-Or, Daniel},
  journal={arXiv preprint arXiv:2501.01407},
  year={2025}
}

@inproceedings{podellsdxl,
  title={SDXL: Improving Latent Diffusion Models for High-Resolution Image Synthesis},
  author={Podell, Dustin and English, Zion and Lacey, Kyle and Blattmann, Andreas and Dockhorn, Tim and M{\"u}ller, Jonas and Penna, Joe and Rombach, Robin},
  booktitle={The Twelfth International Conference on Learning Representations},
  year={2024}
}

@article{ram2023context,
  title={In-context retrieval-augmented language models},
  author={Ram, Ori and Levine, Yoav and Dalmedigos, Itay and Muhlgay, Dor and Shashua, Amnon and Leyton-Brown, Kevin and Shoham, Yoav},
  journal={Transactions of the Association for Computational Linguistics},
  volume={11},
  pages={1316--1331},
  year={2023},
  publisher={MIT Press One Broadway, 12th Floor, Cambridge, Massachusetts 02142, USA~â€¦}
}

@inproceedings{rombach2022high,
  title={High-resolution image synthesis with latent diffusion models},
  author={Rombach, Robin and Blattmann, Andreas and Lorenz, Dominik and Esser, Patrick and Ommer, Bj{\"o}rn},
  booktitle={Proceedings of the IEEE/CVF conference on computer vision and pattern recognition},
  pages={10684--10695},
  year={2022}
}

@inproceedings{ruiz2023dreambooth,
  title={Dreambooth: Fine tuning text-to-image diffusion models for subject-driven generation},
  author={Ruiz, Nataniel and Li, Yuanzhen and Jampani, Varun and Pritch, Yael and Rubinstein, Michael and Aberman, Kfir},
  booktitle={Proceedings of the IEEE/CVF conference on computer vision and pattern recognition},
  pages={22500--22510},
  year={2023}
}

@inproceedings{samuel2024generating,
  title={Generating images of rare concepts using pre-trained diffusion models},
  author={Samuel, Dvir and Ben-Ari, Rami and Raviv, Simon and Darshan, Nir and Chechik, Gal},
  booktitle={Proceedings of the AAAI Conference on Artificial Intelligence},
  volume={38},
  number={5},
  pages={4695--4703},
  year={2024}
}

@article{samuel2024norm,
  title={Norm-guided latent space exploration for text-to-image generation},
  author={Samuel, Dvir and Ben-Ari, Rami and Darshan, Nir and Maron, Haggai and Chechik, Gal},
  journal={Advances in Neural Information Processing Systems},
  volume={36},
  year={2024}
}

@inproceedings{sheyninknn,
  title={kNN-Diffusion: Image Generation via Large-Scale Retrieval},
  author={Sheynin, Shelly and Ashual, Oron and Polyak, Adam and Singer, Uriel and Gafni, Oran and Nachmani, Eliya and Taigman, Yaniv},
  booktitle={The Eleventh International Conference on Learning Representations},
  year={2022}
}

@inproceedings{shi2024instantbooth,
  title={Instantbooth: Personalized text-to-image generation without test-time finetuning},
  author={Shi, Jing and Xiong, Wei and Lin, Zhe and Jung, Hyun Joon},
  booktitle={Proceedings of the IEEE/CVF Conference on Computer Vision and Pattern Recognition},
  pages={8543--8552},
  year={2024}
}

@inproceedings{sun2024generative,
  title={Generative multimodal models are in-context learners},
  author={Sun, Quan and Cui, Yufeng and Zhang, Xiaosong and Zhang, Fan and Yu, Qiying and Wang, Yueze and Rao, Yongming and Liu, Jingjing and Huang, Tiejun and Wang, Xinlong},
  booktitle={Proceedings of the IEEE/CVF Conference on Computer Vision and Pattern Recognition},
  pages={14398--14409},
  year={2024}
}

@article{voynov2023p+,
  title={p+: Extended textual conditioning in text-to-image generation},
  author={Voynov, Andrey and Chu, Qinghao and Cohen-Or, Daniel and Aberman, Kfir},
  journal={arXiv preprint arXiv:2303.09522},
  year={2023}
}

@article{wang2023context,
  title={In-context learning unlocked for diffusion models},
  author={Wang, Zhendong and Jiang, Yifan and Lu, Yadong and He, Pengcheng and Chen, Weizhu and Wang, Zhangyang and Zhou, Mingyuan and others},
  journal={Advances in Neural Information Processing Systems},
  volume={36},
  pages={8542--8562},
  year={2023}
}

@inproceedings{wanggenartist,
  title={GenArtist: Multimodal LLM as an Agent for Unified Image Generation and Editing},
  author={Wang, Zhenyu and Li, Aoxue and Li, Zhenguo and Liu, Xihui},
  booktitle={The Thirty-eighth Annual Conference on Neural Information Processing Systems}
}

@inproceedings{wei2023elite,
  title={Elite: Encoding visual concepts into textual embeddings for customized text-to-image generation},
  author={Wei, Yuxiang and Zhang, Yabo and Ji, Zhilong and Bai, Jinfeng and Zhang, Lei and Zuo, Wangmeng},
  booktitle={Proceedings of the IEEE/CVF International Conference on Computer Vision},
  pages={15943--15953},
  year={2023}
}

@article{xiao2024omnigen,
  title={Omnigen: Unified image generation},
  author={Xiao, Shitao and Wang, Yueze and Zhou, Junjie and Yuan, Huaying and Xing, Xingrun and Yan, Ruiran and Wang, Shuting and Huang, Tiejun and Liu, Zheng},
  journal={arXiv preprint arXiv:2409.11340},
  year={2024}
}

@article{ye2023ip,
  title={Ip-adapter: Text compatible image prompt adapter for text-to-image diffusion models},
  author={Ye, Hu and Zhang, Jun and Liu, Sibo and Han, Xiao and Yang, Wei},
  journal={arXiv preprint arXiv:2308.06721},
  year={2023}
}

@misc{zhang2025aidrivensignlanguagegeneration,
      title={Towards AI-driven Sign Language Generation with Non-manual Markers}, 
      author={Han Zhang and Rotem Shalev-Arkushin and Vasileios Baltatzis and Connor Gillis and Gierad Laput and Raja Kushalnagar and Lorna Quandt and Leah Findlater and Abdelkareem Bedri and Colin Lea},
      year={2025},
      eprint={2502.05661},
      archivePrefix={arXiv},
      primaryClass={cs.HC},
      url={https://arxiv.org/abs/2502.05661}, 
}

