@inproceedings{Le17,
  title={Coordinated multi-agent imitation learning},
  author={Le, Hoang M and Yue, Yisong and Carr, Peter and Lucey, Patrick},
  booktitle={Proceedings of the 34th International Conference on Machine Learning-Volume 70},
  pages={1995--2003},
  year={2017},
  organization={JMLR. org}
}

@article{Li2021,
  title={Grin: Generative relation and intention network for multi-agent trajectory prediction},
  author={Li, Longyuan and Yao, Jian and Wenliang, Li and He, Tong and Xiao, Tianjun and Yan, Junchi and Wipf, David and Zhang, Zheng},
  journal={Advances in Neural Information Processing Systems},
  volume={34},
  pages={27107--27118},
  year={2021}
}

@inproceedings{Liu2018,
  title={Deep reinforcement learning in ice hockey for context-aware player evaluation},
  author={Liu, Guiliang and Schulte, Oliver},
  booktitle={Proceedings of the 27th International Joint Conference on Artificial Intelligence},
  pages={3442--3448},
  year={2018}
}

@article{Liu2020,
  title={Deep soccer analytics: learning an action-value function for evaluating soccer players},
  author={Liu, Guiliang and Luo, Yudong and Schulte, Oliver and Kharrat, Tarak},
  journal={Data Mining and Knowledge Discovery},
  volume={34},
  number={5},
  pages={1531--1559},
  year={2020},
  publisher={Springer}
}

@inproceedings{Luo2020,
  title     = {Inverse Reinforcement Learning for Team Sports: Valuing Actions and Players},
  author    = {Luo, Yudong and Schulte, Oliver and Poupart, Pascal},
  booktitle = {Proceedings of the Twenty-Ninth International Joint Conference on
               Artificial Intelligence, {IJCAI-20}},
  publisher = {International Joint Conferences on Artificial Intelligence Organization},
  editor    = {Christian Bessiere},
  pages     = {3356--3363},
  year      = {2020},
  month     = {7},
}

@article{Schulte2017,
  title={A Markov Game model for valuing actions, locations, and team performance in ice hockey},
  author={Schulte, Oliver and Khademi, Mahmoud and Gholami, Sajjad and Zhao, Zeyu and Javan, Mehrsan and Desaulniers, Philippe},
  journal={Data Mining and Knowledge Discovery},
  volume={31},
  number={6},
  pages={1735--1757},
  year={2017},
  publisher={Springer}
}

@inproceedings{Teranishi2020,
  title={Trajectory prediction with imitation learning reflecting defensive evaluation in team sports},
  author={Teranishi, Masakiyo and Fujii, Keisuke and Takeda, Kazuya},
  booktitle={2020 IEEE 9th Global Conference on Consumer Electronics (GCCE)},
  pages={124--125},
  year={2020},
  organization={IEEE}
}

@inproceedings{Zhan19,
title={Generating Multi-Agent Trajectories using Programmatic Weak Supervision},
author={Eric Zhan and Stephan Zheng and Yisong Yue and Long Sha and Patrick Lucey},
booktitle={International Conference on Learning Representations},
year={2019},
}

@article{decroos2019actions,
  title={Actions speak louder than goals: Valuing player actions in soccer},
  author={Decroos, Tom and Bransen, Lotte and Van Haaren, Jan and Davis, Jesse},
  journal={Proceedings of the 25th ACM SIGKDD international conference on knowledge discovery \& data mining},
  pages={1851--1861},
  year={2019}
}

@article{ding2022deep,
  title={Deep Reinforcement Learning in a Racket Sport for Player Evaluation With Technical and Tactical Contexts},
  author={Ding, Ning and Takeda, Kazuya and Fujii, Keisuke},
  journal={IEEE Access},
  volume={10},
  pages={54764--54772},
  year={2022},
  publisher={IEEE}
}

@article{eggels2016expected,
  title={Expected goals in soccer: Explaining match results using predictive analytics},
  author={Eggels, H and van Elk, R and Pechenizkiy, M},
  journal={The machine learning and data mining for sports analytics workshop},
  volume={16},
  year={2016}
}

@article{fujii2021data,
  title={Data-driven Analysis for Understanding Team Sports Behaviors},
  author={Fujii, Keisuke},
  journal={Journal of Robotics and Mechatronics},
  volume={33},
  number={3},
  pages={505--514},
  year={2021},
  publisher={Fuji Technology Press Ltd.}
}

@inproceedings{kurach2020google,
  title={Google research football: A novel reinforcement learning environment},
  author={Kurach, Karol and Raichuk, Anton and Sta{\'n}czyk, Piotr and Zaj{\k{a}}c, Micha{\l} and Bachem, Olivier and Espeholt, Lasse and Riquelme, Carlos and Vincent, Damien and Michalski, Marcin and Bousquet, Olivier and others},
  booktitle={Proceedings of the AAAI Conference on Artificial Intelligence},
  volume={34},
  number={04},
  pages={4501--4510},
  year={2020}
}

@inproceedings{le2017data,
  title={Data-driven ghosting using deep imitation learning},
  author={Le, Hoang M and Carr, Peter and Yue, Yisong and Lucey, Patrick},
  booktitle={Proceedings of MIT Sloan Sports Analytics Conference},
  year={2017}
}

@article{pappalardo2019public,
  title={A public data set of spatio-temporal match events in soccer competitions},
  author={Pappalardo, Luca and Cintia, Paolo and Rossi, Alessio and Massucco, Emanuele and Ferragina, Paolo and Pedreschi, Dino and Giannotti, Fosca},
  journal={Scientific data},
  volume={6},
  number={1},
  pages={1--15},
  year={2019},
  publisher={Nature Publishing Group}
}

@inproceedings{rahimian2022beyond,
  title={Beyond action valuation: A deep reinforcement learning framework for optimizing player decisions in soccer},
  author={Rahimian, Pegah and Van Haaren, Jan and Abzhanova, T and Toka, L},
  booktitle={16th Annual MIT Sloan Sports Analytics Conference. Boston, MA, USA: MIT},
  pages={25},
  year={2022}
}

@inproceedings{rahimian2022inferring,
  title={Inferring the strategy of offensive and defensive play in soccer with inverse reinforcement learning},
  author={Rahimian, Pegah and Toka, Laszlo},
  booktitle={Machine Learning and Data Mining for Sports Analytics: 8th International Workshop, MLSA 2021, Virtual Event, September 13, 2021, Revised Selected Papers},
  pages={26--38},
  year={2022},
  organization={Springer}
}

@article{simpson2022seq2event,
  title={Seq2Event: Learning the Language of Soccer using Transformer-based Match Event Prediction},
  author={Simpson, Ian and Beal, Ryan J and Locke, Duncan and Norman, Timothy J},
  journal={Proceedings of the 28th ACM SIGKDD Conference on Knowledge Discovery and Data Mining},
  pages={3898--3908},
  year={2022}
}

@article{toda2022evaluation,
  title={Evaluation of soccer team defense based on prediction models of ball recovery and being attacked},
  author={Toda, Kosuke and Teranishi, Masakiyo and Kushiro, Keisuke and Fujii, Keisuke},
  journal={PLoS One},
  volume={17},
  number={1},
  pages={e0263051},
  year={2022},
  publisher={Public Library of Science San Francisco, CA USA}
}

@article{umemoto2022location,
  title={Location analysis of players in UEFA EURO 2020 and 2022 using generalized valuation of defense by estimating probabilities},
  author={Umemoto, Rikuhei and Tsutsui, Kazushi and Fujii, Keisuke},
  journal={arXiv preprint arXiv:2212.00021},
  year={2022}
}

@article{vaswani2017attention,
  title={Attention is all you need},
  author={Vaswani, Ashish and Shazeer, Noam and Parmar, Niki and Uszkoreit, Jakob and Jones, Llion and Gomez, Aidan N and Kaiser, {\L}ukasz and Polosukhin, Illia},
  journal={Advances in neural information processing systems},
  volume={30},
  year={2017}
}

@article{yeung2023transformer,
  title={Transformer-Based Neural Marked Spatio Temporal Point Process Model for Football Match Events Analysis},
  author={Yeung, Calvin C. K. and Sit, Tony and Fujii, Keisuke},
  journal={arXiv preprint arXiv:2302.09276},
  year={2022}
}

