@inproceedings{Le17,
  title={Coordinated multi-agent imitation learning},
  author={Le, Hoang M and Yue, Yisong and Carr, Peter and Lucey, Patrick},
  booktitle={Proceedings of the 34th International Conference on Machine Learning-Volume 70},
  pages={1995--2003},
  year={2017},
  organization={JMLR. org}
}

@inproceedings{le2017data,
  title={Data-driven ghosting using deep imitation learning},
  author={Le, Hoang M and Carr, Peter and Yue, Yisong and Lucey, Patrick},
  booktitle={Proceedings of MIT Sloan Sports Analytics Conference},
  year={2017}
}
@misc{JLeague,
  title={J1 league game results and statistics}, 
  url={https://www.jleague.jp},
  note={(Accessed: 2019/11/22)}, 
  author={JLEAGUE.jp}
 }


@misc{football-lab,
  author={FootballLAB},
  title={FootballLAB},
  url={https://www.football-lab.jp},
  lastaccessed ={November 15, 2019},
  year={2019}
  } % note={(Accessed: 2019/11/15)}
@misc{SoccerMoney,
  author={Soccer-Money.net},
  title={Soccer-Money.net},
  url={https://www.soccer-money.net},
  lastaccessed ={January 9, 2022},
  year={2019}
  } % note={(Accessed: 2022/1/9)}
@misc{Rating,
  author={Soccer-digest},
  title={Soccer digest Web J1 rating},
  url={https://www.soccerdigestweb.com},
  lastaccessed ={January 9, 2022},
  year={2019}
  } % note={(Accessed: 2022/1/9)}
% url={https://www.soccerdigestweb.com/tag\_list/tag\_search\eq1\&tag_id\eq120},
@inproceedings{Lucey2014,
  title={quality vs quantity: Improved shot prediction in soccer using strategic features from spatiotemporal data},
  author={Lucey, Patrick and Bialkowski, Alina and Monfort, Mathew and Carr, Peter and Matthews, Iain},
  booktitle={Proceedings of MIT Sloan Sports Analytics Conference},
  pages={1--9},
  year={2014}
}

@inproceedings{hobbs2018quantifying,
  title={Quantifying the value of transitions in soccer via spatiotemporal trajectory clustering},
  booktitle={Proceedings of MIT Sloan Sports Analytics Conference},
  year={2018},
  author={Hobbs, Jennifer and Power, Paul and Sha, Long}
}

@article{Helbing95,
  title={Social force model for pedestrian dynamics},
  author={Helbing, Dirk and Molnar, Peter},
  journal={Physical Review E},
  volume={51},
  number={5},
  pages={4282},
  year={1995},
  publisher={APS}
}

@article{Yokoyama18,
  title={Social forces for team coordination in ball possession game},
  author={Yokoyama, Keiko and Shima, Hiroyuki and Fujii, Keisuke and Tabuchi, Noriyuki and Yamamoto, Yuji},
  journal={Physical Review E},
  volume={97},
  number={2},
  pages={022410},
  year={2018},
  publisher={APS}
}

@article{Fujii18,
  title={Prediction and classification in equation-free collective motion dynamics},
  author={Fujii, Keisuke and Kawasaki, Takeshi and Inaba, Yuki and Kawahara, Yoshinobu},
  journal={PLoS Computational Biology},
  volume={14},
  number={11},
  pages={e1006545},
  year={2018},
  publisher={Public Library of Science}
}

@article{Daume09,
  title={Search-based structured prediction},
  author={Daum{\'e}, Hal and Langford, John and Marcu, Daniel},
  journal={Machine Learning},
  volume={75},
  number={3},
  pages={297--325},
  year={2009},
  publisher={Springer}
}

@inproceedings{Ross11,
  title={A reduction of imitation learning and structured prediction to no-regret online learning},
  author={Ross, St{\'e}phane and Gordon, Geoffrey and Bagnell, Drew},
  booktitle={Proceedings of the fourteenth International Conference on Artificial Intelligence and Statistics},
  pages={627--635},
  year={2011}
}

@inproceedings{Ho16,
  title={Generative adversarial imitation learning},
  author={Ho, Jonathan and Ermon, Stefano},
  booktitle={Advances in Neural Information Processing Systems 29},
  pages={4565--4573},
  year={2016}
}

@article{Fujii16,
   author = {Fujii, K. and Yokoyama, K. and Koyama, T. and Rikukawa, A. and Yamada, H. and Yamamoto, Y.},
   title = {Resilient help to switch and overlap hierarchical subsystems in a small human group},
   journal = {Scientific Reports},
   volume = {6},
   ISSN = {2045-2322},
   year = {2016},
   type = {Journal Article}
}
@article{vilar2013,
  title={Spatial-temporal constraints on decision-making during shooting performance in the team sport of futsal},
  author={Vilar, Lu{\'\i}s and Ara{\'u}jo, Duarte and Davids, Keith and Correia, Vanda and Esteves, Pedro Tiago},
  journal={Journal of Sports Sciences},
  volume={31},
  number={8},
  pages={840--846},
  year={2013},
  publisher={Taylor \& Francis}
}

@book{Papadimitriou82,
  title={Combinatorial optimization},
  author={Papadimitriou, Christos H and Steiglitz, Kenneth},
  volume={24},
  year={1982},
  publisher={Prentice Hall Englewood Cliffs}
}

@inproceedings{Yeh2019,
author = {Yeh, Raymond A. and Schwing, Alexander G. and Huang, Jonathan and Murphy, Kevin},
title = {Diverse Generation for Multi-Agent Sports Games},
booktitle = {The IEEE Conference on Computer Vision and Pattern Recognition (CVPR)},
month = {June},
year = {2019}
}

@phdthesis{sha2018representing,
  title={Representing and predicting multi-agent data in adversarial team sports},
  author={Sha, Long},
  year={2018},
  school={Queensland University of Technology}
}

@article{Fujii20,
  title={Physically-interpretable classification of network dynamics for complex collective motions},
  author={Fujii, Keisuke and Takeishi, Naoya and Hojo, Motokazu and Inaba, Yuki and Kawahara, Yoshinobu},
  journal={Scientific Reports},
  volume = {10},
  number={3005},
  year={2020}
}
@inproceedings{Schulte2015,
    author = {Routley, Kurt and Schulte, Oliver},
    title = {A Markov Game Model for Valuing Player Actions in Ice Hockey},
    year = {2015},
    isbn = {9780996643108},
    publisher = {AUAI Press},
    address = {Arlington, Virginia, USA},
    booktitle = {Proceedings of the Thirty-First Conference on Uncertainty in Artificial Intelligence},
    pages = {782–791},
    numpages = {10},
    location = {Amsterdam, Netherlands},
    series = {UAI'15}
}
@article{Schulte2017,
  title={A Markov Game model for valuing actions, locations, and team performance in ice hockey},
  author={Schulte, Oliver and Khademi, Mahmoud and Gholami, Sajjad and Zhao, Zeyu and Javan, Mehrsan and Desaulniers, Philippe},
  journal={Data Mining and Knowledge Discovery},
  volume={31},
  number={6},
  pages={1735--1757},
  year={2017},
  publisher={Springer}
}

@inproceedings{Liu2018,
  title={Deep reinforcement learning in ice hockey for context-aware player evaluation},
  author={Liu, Guiliang and Schulte, Oliver},
  booktitle={Proceedings of the 27th International Joint Conference on Artificial Intelligence},
  pages={3442--3448},
  year={2018}
}

@article{Liu2020,
  title={Deep soccer analytics: learning an action-value function for evaluating soccer players},
  author={Liu, Guiliang and Luo, Yudong and Schulte, Oliver and Kharrat, Tarak},
  journal={Data Mining and Knowledge Discovery},
  volume={34},
  number={5},
  pages={1531--1559},
  year={2020},
  publisher={Springer}
}
@inproceedings{Sun2020,
  title={Cracking the black box: Distilling deep sports analytics},
  author={Sun, Xiangyu and Davis, Jack and Schulte, Oliver and Liu, Guiliang},
  booktitle={Proceedings of the 26th acm sigkdd international conference on knowledge discovery \& data mining},
  pages={3154--3162},
  year={2020}
}
@inproceedings{Bransen2018,
  title={Measuring football players’ on-the-ball contributions from passes during games},
  author={Bransen, Lotte and Van Haaren, Jan},
  booktitle={International workshop on machine learning and data mining for sports analytics},
  pages={3--15},
  year={2018},
  organization={Springer}
}
@article{Wang2018,
  title={The advantage of doubling: a deep reinforcement learning approach to studying the double team in the NBA},
  author={Wang, Jiaxuan and Fox, Ian and Skaza, Jonathan and Linck, Nick and Singh, Satinder and Wiens, Jenna},
  journal={arXiv preprint arXiv:1803.02940},
  year={2018}
}
@article{Link2016,
  title={Real time quantification of dangerousity in football using spatiotemporal tracking data},
  author={Link, Daniel and Lang, Steffen and Seidenschwarz, Philipp},
  journal={PloS one},
  volume={11},
  number={12},
  pages={e0168768},
  year={2016},
  publisher={Public Library of Science San Francisco, CA USA}
}
@inproceedings{Zheng16,
  title={Generating long-term trajectories using deep hierarchical networks},
  author={Zheng, Stephan and Yue, Yisong and Hobbs, Jennifer},
  booktitle={Advances in Neural Information Processing Systems 29},
  pages={1543--1551},
  year={2016}
}

@inproceedings{Liu19naomi,
  title={NAOMI: Non-Autoregressive Multiresolution Sequence Imputation},
  author={Liu, Yukai and Yu, Rose and Zheng, Stephan and Zhan, Eric and Yue, Yisong},
  booktitle={Advances in Neural Information Processing Systems 32},
  pages={11236--11246},
  year={2019}
}

@inproceedings{Zhan19,
title={Generating Multi-Agent Trajectories using Programmatic Weak Supervision},
author={Eric Zhan and Stephan Zheng and Yisong Yue and Long Sha and Patrick Lucey},
booktitle={International Conference on Learning Representations},
year={2019},
}

@inproceedings{Chen18generating,
  title={Generating Defensive Plays in Basketball Games},
  author={Chen, Chieh-Yu and Lai, Wenze and Hsieh, Hsin-Ying and Zheng, Wen-Hao and Wang, Yu-Shuen and Chuang, Jung-Hong},
  booktitle={Proceedings of the 26th ACM International Conference on Multimedia},
  pages={1580--1588},
  year={2018}
}

@inproceedings{Hsieh19,
  title={BasketballGAN: Generating Basketball Play Simulation Through Sketching},
  author={Hsieh, Hsin-Ying and Chen, Chieh-Yu and Wang, Yu-Shuen and Chuang, Jung-Hong},
  booktitle={Proceedings of the 27th ACM International Conference on Multimedia},
  pages={720--728},
  year={2019}
}

@inproceedings{Kipf18,
  title={Neural Relational Inference for Interacting Systems},
  author={Kipf, Thomas and Fetaya, Ethan and Wang, Kuan-Chieh and Welling, Max and Zemel, Richard},
  booktitle={International Conference on Machine Learning},
  pages={2688--2697},
  year={2018}
}

@inproceedings{Ivanovic18,
  title={Generative modeling of multimodal multi-human behavior},
  author={Ivanovic, Boris and Schmerling, Edward and Leung, Karen and Pavone, Marco},
  booktitle={2018 IEEE/RSJ International Conference on Intelligent Robots and Systems},
  pages={3088--3095},
  year={2018},
  organization={IEEE}
}

@inproceedings{Roy20,
    title={Valuing On-the-Ball Actions in Soccer: A Critical Comparison of xT and VAEP},
    author={Maaike Van Roy and Pieter Robberechts and Tom Decroos and Jesse Davis}
    }
@inproceedings{Spearman18,
  title={Beyond expected goals},
  author={Spearman, William},
  booktitle={Proceedings of the 12th MIT sloan sports analytics conference},
  pages={1--17},
  year={2018}
}
@inproceedings{Spearman2017,
  title={Physics-based modeling of pass probabilities in soccer},
  author={Spearman, William and Basye, Austin and Dick, Greg and Hotovy, Ryan and Pop, Paul},
  booktitle={Proceeding of the 11th MIT Sloan Sports Analytics Conference},
  year={2017}
}
@inproceedings{Cervone2014,
  title={Pointwise: Predicting points and valuing decisions in real time with nba optical tracking data},
  author={Cervone, Dan and D’Amour, Alexander and Bornn, Luke and Goldsberry, Kirk},
  booktitle={Proceedings of the 8th MIT Sloan Sports Analytics Conference, Boston, MA, USA},
  volume={28},
  pages={3},
  year={2014}
}
@article{Cervone2016ASA,
  title={A multiresolution stochastic process model for predicting basketball possession outcomes},
  author={Cervone, Daniel and D’Amour, Alex and Bornn, Luke and Goldsberry, Kirk},
  journal={Journal of the American Statistical Association},
  volume={111},
  number={514},
  pages={585--599},
  year={2016},
  publisher={Taylor \& Francis}
}
@inproceedings{Cervone2016SSAC,
  title={NBA court realty},
  author={Cervone, Dan and Bornn, Luke and Goldsberry, Kirk},
  booktitle={10th MIT Sloan Sports Analytics Conference},
  year={2016}
}
@inproceedings{Luo2020,
  title     = {Inverse Reinforcement Learning for Team Sports: Valuing Actions and Players},
  author    = {Luo, Yudong and Schulte, Oliver and Poupart, Pascal},
  booktitle = {Proceedings of the Twenty-Ninth International Joint Conference on
               Artificial Intelligence, {IJCAI-20}},
  publisher = {International Joint Conferences on Artificial Intelligence Organization},
  editor    = {Christian Bessiere},
  pages     = {3356--3363},
  year      = {2020},
  month     = {7},
}

@inproceedings{rahimian2022inferring,
  title={Inferring the strategy of offensive and defensive play in soccer with inverse reinforcement learning},
  author={Rahimian, Pegah and Toka, Laszlo},
  booktitle={Machine Learning and Data Mining for Sports Analytics: 8th International Workshop, MLSA 2021, Virtual Event, September 13, 2021, Revised Selected Papers},
  pages={26--38},
  year={2022},
  organization={Springer}
}

@article{Toda2021,
  title={Evaluation of soccer team defense based on prediction models of ball recovery and being attacked},
  author={Toda, Kosuke and Teranishi, Masakiyo and Kushiro, Keisuke and Fujii, Keisuke},
  journal={PLoS One},
  volume={17},
  number={1},
  pages={e0263051},
  year={2022},
  publisher={Public Library of Science San Francisco, CA USA}
}
@inproceedings{Power17,
  title={Not all passes are created equal: Objectively measuring the risk and reward of passes in soccer from tracking data},
  author={Power, Paul and Ruiz, Hector and Wei, Xinyu and Lucey, Patrick},
  booktitle={KDD},
  pages={1605--1613},
  year={2017}
}
@inproceedings{Decroos2017,
  title={Predicting soccer highlights from spatio-temporal match event streams},
  author={Decroos, Tom and Dzyuba, Vladimir and Van Haaren, Jan and Davis, Jesse},
  booktitle={Proceedings of the AAAI Conference on Artificial Intelligence},
  volume={31},
  number={1},
  year={2017}
}
@inproceedings{Decroos19,
  title={Actions speak louder than goals: Valuing player actions in soccer},
  author={Decroos, Tom and Bransen, Lotte and Van Haaren, Jan and Davis, Jesse},
  booktitle={KDD},
  pages={1851--1861},
  year={2019}
}
@inproceedings{Fernandez18,
  title={Wide open spaces: A statistical technique for measuring space creation in professional soccer},
  author={Fern{\'a}ndez, Javier and Bornn, Luke},
  booktitle={12th MIT Sloan Sports Analytics Conference},
  year={2018}
}
@inproceedings{Fernandez2019,
  title={Decomposing the Immeasurable Sport: A deep learning expected possession value framework for soccer},
  author={Fern{\'a}ndez, Javier and Bornn, Luke and Cervone, Dan},
  booktitle={13th MIT Sloan Sports Analytics Conference},
  year={2019}
}
@article{Chung15,
  title={A recurrent latent variable model for sequential data},
  author={Chung, Junyoung and Kastner, Kyle and Dinh, Laurent and Goel, Kratarth and Courville, Aaron C and Bengio, Yoshua},
  journal={Advances in neural information processing systems},
  volume={28},
  pages={2980--2988},
  year={2015}
}
@incollection{Littman1994,
  title={Markov games as a framework for multi-agent reinforcement learning},
  author={Littman, Michael L},
  booktitle={Machine learning proceedings 1994},
  pages={157--163},
  year={1994},
  publisher={Elsevier}
}
@inproceedings{Teranishi2020,
  title={Trajectory prediction with imitation learning reflecting defensive evaluation in team sports},
  author={Teranishi, Masakiyo and Fujii, Keisuke and Takeda, Kazuya},
  booktitle={2020 IEEE 9th Global Conference on Consumer Electronics (GCCE)},
  pages={124--125},
  year={2020},
  organization={IEEE}
}

@article{Li2021,
  title={Grin: Generative relation and intention network for multi-agent trajectory prediction},
  author={Li, Longyuan and Yao, Jian and Wenliang, Li and He, Tong and Xiao, Tianjun and Yan, Junchi and Wipf, David and Zhang, Zheng},
  journal={Advances in Neural Information Processing Systems},
  volume={34},
  pages={27107--27118},
  year={2021}
}

@article{Zhang2020,
  title={Deep learning on graphs: A survey},
  author={Zhang, Ziwei and Cui, Peng and Zhu, Wenwu},
  journal={IEEE Transactions on Knowledge and Data Engineering},
  year={2020},
  publisher={IEEE}
}
@inproceedings{Robberechts2019,
  title={Valuing the art of pressing},
  author={Robberechts, Pieter},
  booktitle={Proceedings of the StatsBomb Innovation In Football Conference},
  pages={1--11},
  year={2019},
  organization={StatsBomb}
}
@inproceedings{Brooks2016,
  title={Developing a data-driven player ranking in soccer using predictive model weights},
  author={Brooks, Joel and Kerr, Matthew and Guttag, John},
  booktitle={Proceedings of the 22nd ACM SIGKDD International Conference on Knowledge Discovery and Data Mining},
  pages={49--55},
  year={2016}
}

@inproceedings{van2021learning,
  title={Learning a Markov Model for Evaluating Soccer Decision Making},
  author={Van Roy, Maaike and Robberechts, Pieter and Yang, Wen-Chi and De Raedt, Luc and Davis, Jesse},
  booktitle={Reinforcement Learning for Real Life (RL4RealLife) Workshop at ICML 2021},
  year={2021}
}
@article{Mchale2007,
  title={Modelling soccer matches using bivariate discrete distributions with general dependence structure},
  author={McHale, Ian and Scarf, Phil},
  journal={Statistica Neerlandica},
  volume={61},
  number={4},
  pages={432--445},
  year={2007},
  publisher={Wiley Online Library}
}
@article{Mchale2012,
  title={On the development of a soccer player performance rating system for the English Premier League},
  author={McHale, Ian G and Scarf, Philip A and Folker, David E},
  journal={Interfaces},
  volume={42},
  number={4},
  pages={339--351},
  year={2012},
  publisher={Informs}
}
@article{Pappalardo2019,
  title={PlayeRank: data-driven performance evaluation and player ranking in soccer via a machine learning approach},
  author={Pappalardo, Luca and Cintia, Paolo and Ferragina, Paolo and Massucco, Emanuele and Pedreschi, Dino and Giannotti, Fosca},
  journal={ACM Transactions on Intelligent Systems and Technology (TIST)},
  volume={10},
  number={5},
  pages={1--27},
  year={2019},
  publisher={ACM New York, NY, USA}
}
@inproceedings{Rudd2011,
  title={A framework for tactical analysis and individual offensive production assessment in soccer using markov chains},
  author={Rudd, Sarah},
  booktitle={New England Symposium on Statistics in Sports},
  year={2011}
}
@misc{Mackay2017,
  title={Improving my ‘xg added’ model.}, 
  url={https://mackayanalytics.nl/2017/07/28/improving-my-xg-added-model/},
  note={(Accessed: 2021/12/20)}, 
  author={Mackey,N}
 }
@inproceedings{Decroos2017b,
  title={STARSS: a spatio-temporal action rating system for soccer},
  author={Decroos, Tom and Van Haaren, Jan and Dzyuba, Vladimir and Davis, Jesse},
  booktitle={Machine Learning and Data Mining for Sports Analytics ECML/PKDD 2017 workshop},
  volume={1971},
  pages={11--20},
  year={2017},
  organization={Springer}
}
@misc{Yam2019,
  title={Attacking contributions: Markov models for football}, 
  url={https://statsbomb.com/2019/02/attacking-contributions-markov-models-for-football/},
  note={(Accessed: 2021/12/20)}, 
  author={Yam,D}
 }
@misc{Singh2019,
  title={Introducing expected threat}, 
  url={https://karun.in/blog/expected-threat.html},
  note={(Accessed: 2021/12/20)}, 
  author={Singh,K}
 }
 
 @article{fujii2021data,
  title={Data-driven Analysis for Understanding Team Sports Behaviors},
  author={Fujii, Keisuke},
  journal={Journal of Robotics and Mechatronics},
  volume={33},
  number={3},
  pages={505--514},
  year={2021},
  publisher={Fuji Technology Press Ltd.}
}

@article{fujii2020policy,
  title={Policy learning with partial observation and mechanical constraints for multi-person modeling},
  author={Fujii, Keisuke and Takeishi, Naoya and Kawahara, Yoshinobu and Takeda, Kazuya},
  journal={arXiv preprint arXiv:2007.03155},
  year={2020}
}

@article{fujii2020cognition,
  title={Cognition and interpersonal coordination of patients with schizophrenia who have sports habits},
  author={Fujii, Keisuke and Yoshihara, Yujiro and Matsumoto, Yukiko and Tose, Keima and Takeuchi, Hideaki and Isobe, Masanori and Mizuta, Hiroto and Maniwa, Daisuke and Okamura, Takehiko and Murai, Toshiya and others},
  journal={PLoS One},
  volume={15},
  number={11},
  pages={e0241863},
  year={2020},
  publisher={Public Library of Science San Francisco, CA USA}
}

@inproceedings{Fraccaro16,
  title={Sequential neural models with stochastic layers},
  author={Fraccaro, Marco and S{\o}nderby, S{\o}ren Kaae and Paquet, Ulrich and Winther, Ole},
  booktitle={Advances in Neural Information Processing Systems 29},
  pages={2199--2207},
  year={2016}
}

@inproceedings{Goyal17,
  title={Z-forcing: Training stochastic recurrent networks},
  author={Goyal, Anirudh Goyal Alias Parth and Sordoni, Alessandro and C{\^o}t{\'e}, Marc-Alexandre and Ke, Nan Rosemary and Bengio, Yoshua},
  booktitle={Advances in Neural Information Processing Systems 30},
  pages={6713--6723},
  year={2017}
}

@article{zaheer2017deep,
  title={Deep Sets},
  author={Zaheer, Manzil and Kottur, Satwik and Ravanbakhsh, Siamak and Poczos, Barnabas and Salakhutdinov, Russ R and Smola, Alexander J},
  journal={Advances in Neural Information Processing Systems},
  volume={30},
  year={2017}
}

@misc{Score,
  author = {JLEAGUE},
  title={JLEAGUE.jp 2019 data},
  url={https://www.jleague.jp/stats/2019/goal.html},
  year = {2019},
  lastaccessed ={January 9, 2022},
  } % note={(Accessed: 2022/1/9)}
 
@article{Cho14,
  title={On the properties of neural machine translation: Encoder-decoder approaches},
  author={Cho, Kyunghyun and Van Merri{\"e}nboer, Bart and Bahdanau, Dzmitry and Bengio, Yoshua},
  journal={arXiv preprint arXiv:1409.1259},
  year={2014}
}

@inproceedings{Becker18,
  title={RED: A Simple but Effective Baseline Predictor for the TrajNet Benchmark},
  author={Becker, Stefan and Hug, Ronny and H{\"u}bner, Wolfgang and Arens, Michael},
  booktitle={European Conference on Computer Vision},
  pages={138--153},
  year={2018},
  organization={Springer}
}

@article{Bernstein02,
  title={The complexity of decentralized control of Markov decision processes},
  author={Bernstein, Daniel S and Givan, Robert and Immerman, Neil and Zilberstein, Shlomo},
  journal={Mathematics of Operations Research},
  volume={27},
  number={4},
  pages={819--840},
  year={2002},
  publisher={INFORMS}
}

@inproceedings{Kingma14,
  title={Auto-encoding variational bayes},
  author={Kingma, Diederik P and Welling, Max},
  booktitle = {International Conference on Learning Representations},
  year={2014}
}

@article{goes2019not,
  title={Not every pass can be an assist: a data-driven model to measure pass effectiveness in professional soccer matches},
  author={Goes, Floris R and Kempe, Matthias and Meerhoff, Laurentius A and Lemmink, Koen APM},
  journal={Big Data},
  volume={7},
  number={1},
  pages={57--70},
  year={2019},
  publisher={Mary Ann Liebert, Inc., publishers 140 Huguenot Street, 3rd Floor New~…}
}

@inproceedings{Ueda14,
  title={The Causal Relationship between Dominant Region and Offense-Defense Performance - Focusing on the Time of Ball Acquisition},
  author={Ueda, Fumiya and Honda, Masaaki and Horino, Hiroyuki},
  booktitle={Football Science},
  volume={11},
  pages={1-17},
  year={2014}
}

@inproceedings{scott2022does,
  title={How does {AI} play football? {A}n analysis of {RL} and real-world football strategies},
  author={Scott, Atom and Fujii, Keisuke and Onishi, Masaki},
  booktitle={14th International Conference on Agents and Artificial Intelligence (ICAART' 22)},
  volume={1},
  pages={42-52},
  year={2022}
}
@inproceedings{kurach2020google,
  title={Google research football: A novel reinforcement learning environment},
  author={Kurach, Karol and Raichuk, Anton and Sta{\'n}czyk, Piotr and Zaj{\k{a}}c, Micha{\l} and Bachem, Olivier and Espeholt, Lasse and Riquelme, Carlos and Vincent, Damien and Michalski, Marcin and Bousquet, Olivier and others},
  booktitle={Proceedings of the AAAI Conference on Artificial Intelligence},
  volume={34},
  number={04},
  pages={4501--4510},
  year={2020}
}

@inproceedings{Kingma15,
  title={Adam: A method for stochastic optimization},
  author={Kingma, Diederik P and Ba, Jimmy},
  booktitle = {International Conference on Learning Representations},
  year={2015}
}

@article{anzer2021goal,
  title={A Goal Scoring Probability Model for Shots Based on Synchronized Positional and Event Data in Football (Soccer)},
  author={Anzer, Gabriel and Bauer, Pascal},
  journal={Frontiers in Sports and Active Living},
  volume={3},
  pages={53},
  year={2021},
  publisher={Frontiers}
}

@article{dick2022can,
  title={Who can receive the pass? A computational model for quantifying availability in soccer},
  author={Dick, Uwe and Link, Daniel and Brefeld, Ulf},
  journal={Data Mining and Knowledge Discovery},
  volume={36},
  number={3},
  pages={987--1014},
  year={2022},
  publisher={Springer}
}

@article{dick2021rating,
  title={Rating Player Actions in Soccer},
  author={Dick, Uwe and Tavakol, Maryam and Brefeld, Ulf},
  journal={Frontiers in Sports and Active Living},
  pages={174},
  year={2021},
  publisher={Frontiers}
}

@article{fujii2022estimating,
  title={Estimating counterfactual treatment outcomes over time in complex multi-agent scenarios},
  author={Fujii, Keisuke and Takeuchi, Koh and Kuribayashi, Atsushi and Takeishi, Naoya and Kawahara, Yoshinobu and Takeda, Kazuya},
  journal={arXiv preprint arXiv:2206.01900},
  year={2022}
}

@inproceedings{scott2022soccertrack,
  title={SoccerTrack: A Dataset and Tracking Algorithm for Soccer With Fish-Eye and Drone Videos},
  author={Scott, Atom and Uchida, Ikuma and Onishi, Masaki and Kameda, Yoshinari and Fukui, Kazuhiro and Fujii, Keisuke},
  booktitle={8th International Workshop on Computer Vision in Sports (CVsports) at IEEE/CVF Conference on Computer Vision and Pattern Recognition (CVPR' 22)},
  pages={3569--3579},
  year={2022}
}

@inproceedings{deliege2021soccernet,
  title={Soccernet-v2: A dataset and benchmarks for holistic understanding of broadcast soccer videos},
  author={Deliege, Adrien and Cioppa, Anthony and Giancola, Silvio and Seikavandi, Meisam J and Dueholm, Jacob V and Nasrollahi, Kamal and Ghanem, Bernard and Moeslund, Thomas B and Van Droogenbroeck, Marc},
  booktitle={7th International Workshop on Computer Vision in Sports (CVsports) at IEEE/CVF Conference on Computer Vision and Pattern Recognition (CVPR' 21)},
  pages={4508--4519},
  year={2021}
}

@inproceedings{rahimian2022beyond,
  title={Beyond action valuation: A deep reinforcement learning framework for optimizing player decisions in soccer},
  author={Rahimian, Pegah and Van Haaren, Jan and Abzhanova, T and Toka, L},
  booktitle={16th Annual MIT Sloan Sports Analytics Conference. Boston, MA, USA: MIT},
  pages={25},
  year={2022}
}

@inproceedings{teranishi2022evaluation,
  title={Evaluation of creating scoring opportunities for teammates in soccer via trajectory prediction},
  author={Teranishi, Masakiyo and Tsutsui, Kazushi and Takeda, Kazuya and Fujii, Keisuke},
  booktitle={International Workshop on Machine Learning and Data Mining for Sports Analytics},
  year={2022},
  organization={Springer}
}

@article{umemoto2022location,
  title={Location analysis of players in UEFA EURO 2020 and 2022 using generalized valuation of defense by estimating probabilities},
  author={Umemoto, Rikuhei and Tsutsui, Kazushi and Fujii, Keisuke},
  journal={arXiv preprint arXiv:2212.00021},
  year={2022}
}

@article{ding2022deep,
  title={Deep Reinforcement Learning in a Racket Sport for Player Evaluation With Technical and Tactical Contexts},
  author={Ding, Ning and Takeda, Kazuya and Fujii, Keisuke},
  journal={IEEE Access},
  volume={10},
  pages={54764--54772},
  year={2022},
  publisher={IEEE}
}

@inproceedings{hester2018deep,
  title={Deep Q-learning from demonstrations},
  author={Hester, Todd and Vecerik, Matej and Pietquin, Olivier and Lanctot, Marc and Schaul, Tom and Piot, Bilal and Horgan, Dan and Quan, John and Sendonaris, Andrew and Osband, Ian and others},
  booktitle={Proceedings of the Thirty-Second AAAI Conference on Artificial Intelligence and Thirtieth Innovative Applications of Artificial Intelligence Conference},
  pages={3223--3230},
  year={2018}
}

@inproceedings{Lakshminarayanan2016,
  title={Reinforcement learning with few expert demonstrations},
  author={Lakshminarayanan, Aravind S and Ozair, Sherjil and Bengio, Yoshua},
  booktitle={NIPS Workshop on Deep Learning for Action and Interaction},
  year={2016}
}


@misc{football-lab_cbp_idea,
  title={FootballLAB Chance Building Point (CBP)},
  url={https://www.football-lab.jp/pages/cb\_point},
  lastaccessed ={January 24, 2023},
  year = {2019}
}

@misc{football-lab_cbp_rank,
  title={FootballLAB Chance Building Point (CBP) Ranking},
  url={https://www.football-lab.jp/y-fm/ranking/?year=2019},
  lastaccessed ={January 24, 2023},
  year = {2019}
}

@article{yeung2023transformer,
  title={Transformer-Based Neural Marked Spatio Temporal Point Process Model for Football Match Events Analysis},
  author={Yeung, Calvin C. K. and Sit, Tony and Fujii, Keisuke},
  journal={arXiv preprint arXiv:2302.09276},
  year={2022}
}

@book{guilford1950fundamental,
  title={Fundamental statistics in psychology and education},
  author={Guilford, Joy Paul},
  year={1950},
  publisher={McGraw-Hill}
}

@inproceedings{mendes2021data,
  title={A data-driven simulator for assessing decision-making in soccer},
  author={Mendes-Neves, Tiago and Mendes-Moreira, Jo{\~a}o and Rossetti, Rosaldo JF},
  booktitle={Progress in Artificial Intelligence: 20th EPIA Conference on Artificial Intelligence, EPIA 2021, Virtual Event, September 7--9, 2021, Proceedings},
  pages={687--698},
  year={2021},
  organization={Springer}
}

@article{fujii2023adaptive,
  title={Adaptive action supervision in reinforcement learning from real-world multi-agent demonstrations},
  author={Keisuke Fujii and Kazushi Tsutsui and Atom Scott and Hiroshi Nakahara and Naoya Takeishi and Yoshinobu Kawahara},
  journal={arXiv preprint arXiv:2305.13030},
  year={2023}
}


@article{levine2020offline,
  title={Offline reinforcement learning: Tutorial, review, and perspectives on open problems},
  author={Levine, Sergey and Kumar, Aviral and Tucker, George and Fu, Justin},
  journal={arXiv preprint arXiv:2005.01643},
  year={2020}
}

@article{kijima2014emergence,
  title={Emergence of self-similarity in football dynamics},
  author={Kijima, Akifumi and Yokoyama, Keiko and Shima, Hiroyuki and Yamamoto, Yuji},
  journal={The European Physical Journal B},
  volume={87},
  pages={1--6},
  year={2014},
  publisher={Springer}
}

@article{li2020analysis,
  title={Analysis on the construction of sports match prediction model using neural network},
  author={Li, Hang},
  journal={Soft Computing},
  volume={24},
  number={11},
  pages={8343--8353},
  year={2020},
  publisher={Springer}
}

@article{zhang2022sports,
  title={Sports match prediction model for training and exercise using attention-based LSTM network},
  author={Zhang, Qiyun and Zhang, Xuyun and Hu, Hongsheng and Li, Caizhong and Lin, Yinping and Ma, Rui},
  journal={Digital Communications and Networks},
  volume={8},
  number={4},
  pages={508--515},
  year={2022},
  publisher={Elsevier}
}

@article{berrar2019guest,
  title={Guest editorial: special issue on machine learning for soccer},
  author={Berrar, Daniel and Lopes, Philippe and Davis, Jesse and Dubitzky, Werner},
  journal={Machine Learning},
  volume={108},
  number={1},
  pages={1--7},
  year={2019},
  publisher={Springer}
}

@article{simpson2022seq2event,
  title={Seq2Event: Learning the Language of Soccer using Transformer-based Match Event Prediction},
  author={Simpson, Ian and Beal, Ryan J and Locke, Duncan and Norman, Timothy J},
  journal={Proceedings of the 28th ACM SIGKDD Conference on Knowledge Discovery and Data Mining},
  pages={3898--3908},
  year={2022}
}

@article{tuyls2021game,
  title={Game Plan: What AI can do for Football, and What Football can do for AI},
  author={Tuyls, Karl and Omidshafiei, Shayegan and Muller, Paul and Wang, Zhe and Connor, Jerome and Hennes, Daniel and Graham, Ian and Spearman, William and Waskett, Tim and Steel, Dafydd and others},
  journal={Journal of Artificial Intelligence Research},
  volume={71},
  pages={41--88},
  year={2021}
}

@article{pappalardo2019public,
  title={A public data set of spatio-temporal match events in soccer competitions},
  author={Pappalardo, Luca and Cintia, Paolo and Rossi, Alessio and Massucco, Emanuele and Ferragina, Paolo and Pedreschi, Dino and Giannotti, Fosca},
  journal={Scientific data},
  volume={6},
  number={1},
  pages={1--15},
  year={2019},
  publisher={Nature Publishing Group}
}

@article{green2012assessing,
  title={Assessing the Performance of Premier Leauge Goalscorers},
  author={Green, Sam},
  journal={OptaPro Blog},
  year={2012}
}

@misc{statsperform2021,
  title = {Opta Advanced Metrics},
  howpublished = {\url{https://www.statsperform.com/opta-analytics/}},
  note = {{L}ast accessed 27 Dec 2022}
}

@misc{singh2019introducing,
  title = {Introducing Expected Threat (xT)},
  howpublished = {\url{https://karun.in/blog/expected-threat.html}},
  note = {{L}ast accessed 27 Dec 2022}
}


@article{decroos2020soccer,
  title={Soccer analytics meets artificial intelligence: learning value and style from soccer event stream data},
  author={Decroos, Tom},
  year={2020}
}

@article{zuo2020transformer,
  title={Transformer hawkes process},
  author={Zuo, Simiao and Jiang, Haoming and Li, Zichong and Zhao, Tuo and Zha, Hongyuan},
  journal={International conference on machine learning},
  pages={11692--11702},
  year={2020},
  organization={PMLR}
}

@article{shchur2021neural,
  title={Neural temporal point processes: A review},
  author={Shchur, Oleksandr and T{\"u}rkmen, Ali Caner and Januschowski, Tim and G{\"u}nnemann, Stephan},
  journal={Proceedings of the Thirtieth International Joint Conference on Artificial Intelligence (IJCAI-21)},
  year={2021}
}

@article{fernandez2018wide,
  title={Wide Open Spaces: A statistical technique for measuring space creation in professional soccer},
  author={Fernandez, Javier and Bornn, Luke},
  journal={Proceedings of the 12th MIT Sloan sports analytics conference},
  volume={2018},
  year={2018}
}

@article{sicilia2019deephoops,
  title={Deephoops: Evaluating micro-actions in basketball using deep feature representations of spatio-temporal data},
  author={Sicilia, Anthony and Pelechrinis, Konstantinos and Goldsberry, Kirk},
  journal={Proceedings of the 25th ACM SIGKDD International Conference on Knowledge Discovery \& Data Mining},
  pages={2096--2104},
  year={2019}
}

@misc{queiroz2021estimating,
  title={Estimating Football Position from Context},
  author={Queiroz Gongora, Lucas},
  year={2021}
}

@article{watson2021integrating,
  title={Integrating machine learning and decision support in tactical decision-making in rugby union},
  author={Watson, Neil and Hendricks, Sharief and Stewart, Theodor and Durbach, Ian},
  journal={Journal of the operational research society},
  volume={72},
  number={10},
  pages={2274--2285},
  year={2021},
  publisher={Taylor \& Francis}
}

@article{hochreiter1997long,
  title={Long short-term memory},
  author={Hochreiter, Sepp and Schmidhuber, J{\"u}rgen},
  journal={Neural computation},
  volume={9},
  number={8},
  pages={1735--1780},
  year={1997},
  publisher={MIT press}
}

@article{chung2014empirical,
  title={Empirical evaluation of gated recurrent neural networks on sequence modeling},
  author={Chung, Junyoung and Gulcehre, Caglar and Cho, KyungHyun and Bengio, Yoshua},
  journal={NIPS 2014 Workshop on Deep Learning, December 2014},
  year={2014}
}

@article{vaswani2017attention,
  title={Attention is all you need},
  author={Vaswani, Ashish and Shazeer, Noam and Parmar, Niki and Uszkoreit, Jakob and Jones, Llion and Gomez, Aidan N and Kaiser, {\L}ukasz and Polosukhin, Illia},
  journal={Advances in neural information processing systems},
  volume={30},
  year={2017}
}

@article{rasmussen2018lecture,
  title={Lecture notes: Temporal point processes and the conditional intensity function},
  author={Rasmussen, Jakob Gulddahl},
  journal={arXiv preprint arXiv:1806.00221},
  year={2018}
}

@article{cox1975partial,
  title={Partial likelihood},
  author={Cox, David R},
  journal={Biometrika},
  volume={62},
  number={2},
  pages={269--276},
  year={1975},
  publisher={Oxford University Press}
}

@phdthesis{narayanan2020bayesian,
  title={Bayesian modelling of flexible marked point processes with applications to event sequences from association football},
  author={Narayanan, Santhosh},
  year={2020},
  school={University of Warwick}
}

@book{kingman1992poisson,
  title={Poisson processes},
  author={Kingman, John Frank Charles},
  volume={3},
  year={1992},
  publisher={Clarendon Press}
}

@article{hawkes1971spectra,
  title={Spectra of some self-exciting and mutually exciting point processes},
  author={Hawkes, Alan G},
  journal={Biometrika},
  volume={58},
  number={1},
  pages={83--90},
  year={1971},
  publisher={Oxford University Press}
}

@article{ertekin2015reactive,
  title={Reactive point processes: A new approach to predicting power failures in underground electrical systems},
  author={Ertekin, {\c{S}}eyda and Rudin, Cynthia and McCormick, Tyler H},
  journal={The Annals of Applied Statistics},
  volume={9},
  number={1},
  pages={122--144},
  year={2015},
  publisher={Institute of Mathematical Statistics}
}

@article{xiao2017modeling,
  title={Modeling the intensity function of point process via recurrent neural networks},
  author={Xiao, Shuai and Yan, Junchi and Yang, Xiaokang and Zha, Hongyuan and Chu, Stephen},
  journal={Proceedings of the AAAI Conference on Artificial Intelligence},
  volume={31},
  number={1},
  year={2017}
}

@article{zhang2020self,
  title={Self-attentive Hawkes process},
  author={Zhang, Qiang and Lipani, Aldo and Kirnap, Omer and Yilmaz, Emine},
  journal={International conference on machine learning},
  pages={11183--11193},
  year={2020},
  organization={PMLR}
}

@article{du2016recurrent,
  title={Recurrent marked temporal point processes: Embedding event history to vector},
  author={Du, Nan and Dai, Hanjun and Trivedi, Rakshit and Upadhyay, Utkarsh and Gomez-Rodriguez, Manuel and Song, Le},
  journal={Proceedings of the 22nd ACM SIGKDD international conference on knowledge discovery and data mining},
  pages={1555--1564},
  year={2016}
}

@article{shchur2019intensity,
  title={Intensity-free learning of temporal point processes},
  author={Shchur, Oleksandr and Bilo{\v{s}}, Marin and G{\"u}nnemann, Stephan},
  journal={arXiv preprint arXiv:1909.12127},
  year={2019}
}

@article{kingma2014adam,
  title={Adam: A method for stochastic optimization},
  author={Kingma, Diederik P and Ba, Jimmy},
  journal={International Conference on Learning Representations (ICLR)},
  year={2014}
}

@article{van2021would,
  title={`` Why Would I Trust Your Numbers?'' On the Explainability of Expected Values in Soccer},
  author={Van Haaren, Jan},
  journal={Proceedings of the AI for Sports Analytics Workshop},
  year={2021}
}

@article{jordan1997serial,
  title={Serial order: A parallel distributed processing approach},
  author={Jordan, Michael I},
  journal={Advances in psychology},
  volume={121},
  pages={471--495},
  year={1997},
  publisher={Elsevier}
}

@article{rumelhart1986learning,
  title={Learning representations by back-propagating errors},
  author={Rumelhart, David E and Hinton, Geoffrey E and Williams, Ronald J},
  journal={nature},
  volume={323},
  number={6088},
  pages={533--536},
  year={1986},
  publisher={Nature Publishing Group}
}

@article{schuster1997bidirectional,
  title={Bidirectional recurrent neural networks},
  author={Schuster, Mike and Paliwal, Kuldip K},
  journal={IEEE transactions on Signal Processing},
  volume={45},
  number={11},
  pages={2673--2681},
  year={1997},
  publisher={Ieee}
}

@article{miller2014factorized,
  title={Factorized point process intensities: A spatial analysis of professional basketball},
  author={Miller, Andrew and Bornn, Luke and Adams, Ryan and Goldsberry, Kirk},
  journal={International conference on machine learning},
  pages={235--243},
  year={2014},
  organization={PMLR}
}

@article{moller1998log,
  title={Log gaussian cox processes},
  author={M{\o}ller, Jesper and Syversveen, Anne Randi and Waagepetersen, Rasmus Plenge},
  journal={Scandinavian journal of statistics},
  volume={25},
  number={3},
  pages={451--482},
  year={1998},
  publisher={Wiley Online Library}
}

@article{macdonald2012expected,
  title={An expected goals model for evaluating NHL teams and players},
  author={Macdonald, Brian},
  journal={Proceedings of the 2012 MIT Sloan Sports Analytics Conference},
  year={2012}
}

@article{eggels2016expected,
  title={Expected goals in soccer: Explaining match results using predictive analytics},
  author={Eggels, H and van Elk, R and Pechenizkiy, M},
  journal={The machine learning and data mining for sports analytics workshop},
  volume={16},
  year={2016}
}

@article{spearman2018beyond,
  title={Beyond expected goals},
  author={Spearman, William},
  journal={Proceedings of the 12th MIT sloan sports analytics conference},
  pages={1--17},
  year={2018}
}

@article{decroos2019actions,
  title={Actions speak louder than goals: Valuing player actions in soccer},
  author={Decroos, Tom and Bransen, Lotte and Van Haaren, Jan and Davis, Jesse},
  journal={Proceedings of the 25th ACM SIGKDD international conference on knowledge discovery \& data mining},
  pages={1851--1861},
  year={2019}
}

@article{he2016deep,
  title={Deep residual learning for image recognition},
  author={He, Kaiming and Zhang, Xiangyu and Ren, Shaoqing and Sun, Jian},
  journal={Proceedings of the IEEE conference on computer vision and pattern recognition},
  pages={770--778},
  year={2016}
}

@article{ba2016layer,
  title={Layer normalization},
  author={Ba, Jimmy Lei and Kiros, Jamie Ryan and Hinton, Geoffrey E},
  journal={arXiv preprint arXiv:1607.06450},
  year={2016}
}

@article{chen2016xgboost,
  title={Xgboost: A scalable tree boosting system},
  author={Chen, Tianqi and Guestrin, Carlos},
  journal={Proceedings of the 22nd acm sigkdd international conference on knowledge discovery and data mining},
  pages={785--794},
  year={2016}
}

@article{toda2022evaluation,
  title={Evaluation of soccer team defense based on prediction models of ball recovery and being attacked},
  author={Toda, Kosuke and Teranishi, Masakiyo and Kushiro, Keisuke and Fujii, Keisuke},
  journal={PLoS One},
  volume={17},
  number={1},
  pages={e0263051},
  year={2022},
  publisher={Public Library of Science San Francisco, CA USA}
}

@article{teranishi2022evaluation,
  title={Evaluation of creating scoring opportunities for teammates in soccer via trajectory prediction},
  author={Teranishi, Masakiyo and Tsutsui, Kazushi and Takeda, Kazuya and Fujii, Keisuke},
  journal={International Workshop on Machine Learning and Data Mining for Sports Analytics},
  year={2022},
  organization={Springer}
}


@article{umemoto2023evaluation,
  title={Evaluation of team defense positioning by computing counterfactuals using statsbomb 360 data},
  author={Umemoto, Rikuhei and Fujii, Keisuke},
  journal={Statsbomb conference proceedings},
  year={2023}
}

@book{garcia2019futbol,
  title={F{\'u}tbol. El juego de posici{\'o}n: Concepto y 101 tareas para su entrenamiento},
  author={Garc{\'\i}a, Manuel J Crespo},
  year={2019},
  publisher={Wanceulen SL}
}

@article{breiman2001random,
  title={Random forests},
  author={Breiman, Leo},
  journal={Machine learning},
  volume={45},
  pages={5--32},
  year={2001},
  publisher={Springer}
}

@book{harrell2001regression,
  title={Regression modeling strategies: with applications to linear models, logistic regression, and survival analysis},
  author={Harrell, Frank E and others},
  volume={608},
  year={2001},
  publisher={Springer}
}

