@article{pappalardo2019public,
  title={A public data set of spatio-temporal match events in soccer competitions},
  author={Pappalardo, Luca and Cintia, Paolo and Rossi, Alessio and Massucco, Emanuele and Ferragina, Paolo and Pedreschi, Dino and Giannotti, Fosca},
  journal={Scientific data},
  volume={6},
  number={1},
  pages={1--15},
  year={2019},
  publisher={Nature Publishing Group}
}

@article{ballan2010semantic,
  title={Semantic annotation of soccer videos by visual instance clustering and spatial/temporal reasoning in ontologies},
  author={Ballan, Lamberto and Bertini, Marco and Del Bimbo, Alberto and Serra, Giuseppe},
  journal={Multimedia Tools and Applications},
  volume={48},
  pages={313--337},
  year={2010},
  publisher={Springer}
}

@article{hosseini2013fuzzy,
  title={Fuzzy rule-based reasoning approach for event detection and annotation of broadcast soccer video},
  author={Hosseini, Monireh-Sadat and Eftekhari-Moghadam, Amir-Masoud},
  journal={Applied Soft Computing},
  volume={13},
  number={2},
  pages={846--866},
  year={2013},
  publisher={Elsevier}
}

@article{assfalg2003semantic,
  title={Semantic annotation of soccer videos: automatic highlights identification},
  author={Assfalg, J{\"u}rgen and Bertini, Marco and Colombo, Carlo and Del Bimbo, Alberto and Nunziati, Walter},
  journal={Computer vision and image understanding},
  volume={92},
  number={2-3},
  pages={285--305},
  year={2003},
  publisher={Elsevier}
}

@article{wang2016soccer,
  title={Soccer video event annotation by synchronization of attack--defense clips and match reports with coarse-grained time information},
  author={Wang, Zengkai and Yu, Junqing and He, Yunfeng},
  journal={IEEE Transactions on Circuits and Systems for Video Technology},
  volume={27},
  number={5},
  pages={1104--1117},
  year={2016},
  publisher={IEEE}
}

@article{stein2016director,
  title={Director's cut: Analysis and annotation of soccer matches},
  author={Stein, Manuel and Janetzko, Halld{\'o}r and Breitkreutz, Thorsten and Seebacher, Daniel and Schreck, Tobias and Grossniklaus, Michael and Couzin, Iain D and Keim, Daniel A},
  journal={IEEE computer graphics and applications},
  volume={36},
  number={5},
  pages={50--60},
  year={2016},
  publisher={IEEE}
}

@article{alan2008ontological,
  title={Ontological video annotation and querying system for soccer games},
  author={Alan, Ozgur and Akpinar, Samet and Sabuncu, Orkunt and Cicekli, Nihan and Alpaslan, Ferda},
  journal={2008 23rd International Symposium on Computer and Information Sciences},
  pages={1--6},
  year={2008},
  organization={IEEE}
}

@article{sorano2021automatic,
  title={Automatic pass annotation from soccer video streams based on object detection and lstm},
  author={Sorano, Danilo and Carrara, Fabio and Cintia, Paolo and Falchi, Fabrizio and Pappalardo, Luca},
  journal={Machine Learning and Knowledge Discovery in Databases. Applied Data Science and Demo Track: European Conference, ECML PKDD 2020, Ghent, Belgium, September 14--18, 2020, Proceedings, Part V},
  pages={475--490},
  year={2021},
  organization={Springer}
}

@article{barra2023footapp,
  title={FootApp: An AI-powered system for football match annotation},
  author={Barra, Silvio and Carta, Salvatore M and Giuliani, Alessandro and Pisu, Alessia and Podda, Alessandro Sebastian and Riboni, Daniele},
  journal={Multimedia Tools and Applications},
  volume={82},
  number={4},
  pages={5547--5567},
  year={2023},
  publisher={Springer}
}

@article{cioppa2020context,
  title={A context-aware loss function for action spotting in soccer videos},
  author={Cioppa, Anthony and Deliege, Adrien and Giancola, Silvio and Ghanem, Bernard and Droogenbroeck, Marc Van and Gade, Rikke and Moeslund, Thomas B},
  journal={Proceedings of the IEEE/CVF Conference on Computer Vision and Pattern Recognition},
  pages={13126--13136},
  year={2020}
}

@article{theagarajan2020automated,
  title={An automated system for generating tactical performance statistics for individual soccer players from videos},
  author={Theagarajan, Rajkumar and Bhanu, Bir},
  journal={IEEE Transactions on Circuits and Systems for Video Technology},
  volume={31},
  number={2},
  pages={632--646},
  year={2020},
  publisher={IEEE}
}

@article{ma2020event,
  title={Event detection in soccer video based on self-attention},
  author={Ma, Sifan and Shao, En and Xie, Xiang and Liu, Wei},
  journal={2020 IEEE 6th International Conference on Computer and Communications (ICCC)},
  pages={1852--1856},
  year={2020},
  organization={IEEE}
}

@article{morra2020soccer,
  title={SoccER: Computer graphics meets sports analytics for soccer event recognition},
  author={Morra, Lia and Manigrasso, Francesco and Lamberti, Fabrizio},
  journal={SoftwareX},
  volume={12},
  pages={100612},
  year={2020},
  publisher={Elsevier}
}

@article{cioppa2024soccernet2024challengesresults,
  title={SoccerNet 2024 Challenges Results}, 
      author={Anthony Cioppa and Silvio Giancola and Vladimir Somers and Victor Joos and Floriane Magera and Jan Held and Seyed Abolfazl Ghasemzadeh and Xin Zhou and Karolina Seweryn and Mateusz Kowalczyk and Zuzanna Mróz and Szymon Łukasik and Michał Hałoń and Hassan Mkhallati and Adrien Deliège and Carlos Hinojosa and Karen Sanchez and Amir M. Mansourian and Pierre Miralles and Olivier Barnich and Christophe De Vleeschouwer and Alexandre Alahi and Bernard Ghanem and Marc Van Droogenbroeck and Adam Gorski and Albert Clapés and Andrei Boiarov and Anton Afanasiev and Artur Xarles and Atom Scott and ByoungKwon Lim and Calvin Yeung and Cristian Gonzalez and Dominic Rüfenacht and Enzo Pacilio and Fabian Deuser and Faisal Sami Altawijri and Francisco Cachón and HanKyul Kim and Haobo Wang and Hyeonmin Choe and Hyunwoo J Kim and Il-Min Kim and Jae-Mo Kang and Jamshid Tursunboev and Jian Yang and Jihwan Hong and Jimin Lee and Jing Zhang and Junseok Lee and Kexin Zhang and Konrad Habel and Licheng Jiao and Linyi Li and Marc Gutiérrez-Pérez and Marcelo Ortega and Menglong Li and Milosz Lopatto and Nikita Kasatkin and Nikolay Nemtsev and Norbert Oswald and Oleg Udin and Pavel Kononov and Pei Geng and Saad Ghazai Alotaibi and Sehyung Kim and Sergei Ulasen and Sergio Escalera and Shanshan Zhang and Shuyuan Yang and Sunghwan Moon and Thomas B. Moeslund and Vasyl Shandyba and Vladimir Golovkin and Wei Dai and WonTaek Chung and Xinyu Liu and Yongqiang Zhu and Youngseo Kim and Yuan Li and Yuting Yang and Yuxuan Xiao and Zehua Cheng and Zhihao Li},
  journal={arXiv preprint arXiv:2409.10587},
  year={2024}
}

@article{decroos2020vaep,
  title={VAEP: An objective approach to valuing on-the-ball actions in soccer},
  author={Decroos, Tom and Bransen, Lotte and Van Haaren, Jan and Davis, Jesse},
  journal={IJCAI},
  pages={4696--4700},
  year={2020}
}

@article{kurach2020google,
  title={Google research football: A novel reinforcement learning environment},
  author={Kurach, Karol and Raichuk, Anton and Sta{\'n}czyk, Piotr and Zaj{\k{a}}c, Micha{\l} and Bachem, Olivier and Espeholt, Lasse and Riquelme, Carlos and Vincent, Damien and Michalski, Marcin and Bousquet, Olivier and others},
  journal={Proceedings of the AAAI conference on artificial intelligence},
  volume={34},
  number={04},
  pages={4501--4510},
  year={2020}
}

@article{yeung2024unveiling,
  title={Unveiling Multi-Agent Strategies: A Data-Driven Approach for Extracting and Evaluating Team Tactics from Football Event and Freeze-Frame Data},
  author={Yeung, Calvin and Bunker, Rory and Fujii, Keisuke},
  journal={Journal of Robotics and Mechatronics},
  volume={36},
  number={3},
  pages={603--617},
  year={2024},
  publisher={Fuji Technology Press Ltd.}
}

@article{yeung2023events,
  title={An events and 360 data-driven approach for extracting team tactics and evaluating performance in football},
  author={Yeung, Calvin and Bunker, Rory},
  journal={Statsbomb Conference Proceedings},
  year={2023}
}

@article{yeung2023transformer,
  title={Transformer-based neural marked spatio temporal point process model for football match events analysis},
  author={Yeung, Calvin and Sit, Tony and Fujii, Keisuke},
  journal={arXiv preprint arXiv:2302.09276},
  year={2023}
}

@article{simpson2022seq2event,
  title={Seq2event: learning the language of soccer using transformer-based match event prediction},
  author={Simpson, Ian and Beal, Ryan J and Locke, Duncan and Norman, Timothy J},
  journal={Proceedings of the 28th ACM SIGKDD Conference on Knowledge Discovery and Data Mining},
  pages={3898--3908},
  year={2022}
}

@article{mendes2024forecasting,
  title={Forecasting Events in Soccer Matches Through Language},
  author={Mendes-Neves, Tiago and Meireles, Lu{\'\i}s and Mendes-Moreira, Jo{\~a}o},
  journal={arXiv preprint arXiv:2402.06820},
  year={2024}
}

@article{mendes2024towards,
  title={Towards a foundation large events model for soccer},
  author={Mendes-Neves, Tiago and Meireles, Lu{\'\i}s and Mendes-Moreira, Jo{\~a}o},
  journal={Machine Learning},
  pages={1--23},
  year={2024},
  publisher={Springer}
}

@article{baron2024foundation,
  title={A Foundation Model for Soccer},
  author={Baron, Ethan and Hocevar, Daniel and Salehe, Zach},
  journal={arXiv preprint arXiv:2407.14558},
  year={2024}
}

@article{vaswani2017attention,
  title={Attention is all you need},
  author={Vaswani, A},
  journal={Advances in Neural Information Processing Systems},
  year={2017}
}

@article{Shchur2021,
 author = {Oleksandr Shchur and Ali Caner Turkmen and Tim Januschowski and Stephan Günnemann},
 title = {Neural Temporal Point Processes: A Review},
 year = {2021},
 journal = {IJCAI 2021},
}

@article{deliege2021soccernet,
  title={Soccernet-v2: A dataset and benchmarks for holistic understanding of broadcast soccer videos},
  author={Deliege, Adrien and Cioppa, Anthony and Giancola, Silvio and Seikavandi, Meisam J and Dueholm, Jacob V and Nasrollahi, Kamal and Ghanem, Bernard and Moeslund, Thomas B and Van Droogenbroeck, Marc},
  journal={Proceedings of the IEEE/CVF conference on computer vision and pattern recognition},
  pages={4508--4519},
  year={2021}
}

@article{optuna_2019,
    title={Optuna: A Next-generation Hyperparameter Optimization Framework},
    author={Akiba, Takuya and Sano, Shotaro and Yanase, Toshihiko and Ohta, Takeru and Koyama, Masanori},
    journal={Proceedings of the 25th {ACM} {SIGKDD} International Conference on Knowledge Discovery and Data Mining},
    year={2019}
}

@article{gutierrez2024no,
  title={No Bells Just Whistles: Sports Field Registration by Leveraging Geometric Properties},
  author={Guti{\'e}rrez-P{\'e}rez, Marc and Agudo, Antonio},
  journal={Proceedings of the IEEE/CVF Conference on Computer Vision and Pattern Recognition},
  pages={3325--3334},
  year={2024}
}

@article{theiner2023tvcalib,
  title={Tvcalib: Camera calibration for sports field registration in soccer},
  author={Theiner, Jonas and Ewerth, Ralph},
  journal={Proceedings of the IEEE/CVF Winter Conference on Applications of Computer Vision},
  pages={1166--1175},
  year={2023}
}

@article{chen2019sports,
  title={Sports camera calibration via synthetic data},
  author={Chen, Jianhui and Little, James J},
  journal={Proceedings of the IEEE/CVF conference on computer vision and pattern recognition workshops},
  year={2019}
}

@article{chu2022sports,
  title={Sports field registration via keypoints-aware label condition},
  author={Chu, Yen-Jui and Su, Jheng-Wei and Hsiao, Kai-Wen and Lien, Chi-Yu and Fan, Shu-Ho and Hu, Min-Chun and Lee, Ruen-Rone and Yao, Chih-Yuan and Chu, Hung-Kuo},
  journal={Proceedings of the IEEE/CVF Conference on Computer Vision and Pattern Recognition},
  pages={3523--3530},
  year={2022}
}

@article{sha2020end,
  title={End-to-end camera calibration for broadcast videos},
  author={Sha, Long and Hobbs, Jennifer and Felsen, Panna and Wei, Xinyu and Lucey, Patrick and Ganguly, Sujoy},
  journal={Proceedings of the IEEE/CVF conference on computer vision and pattern recognition},
  pages={13627--13636},
  year={2020}
}

@article{scott2022soccertrack,
  title={SoccerTrack: A Dataset and Tracking Algorithm for Soccer With Fish-Eye and Drone Videos},
  author={Scott, Atom and Uchida, Ikuma and Onishi, Masaki and Kameda, Yoshinari and Fukui, Kazuhiro and Fujii, Keisuke},
  journal={Proceedings of the IEEE/CVF Conference on Computer Vision and Pattern Recognition},
  pages={3569--3579},
  year={2022}
}

@article{fujii2024adaptive,
  title={Adaptive action supervision in reinforcement learning from real-world multi-agent demonstrations},
  author={Fujii, Keisuke and Tsutsui, Kazushi and Scott, Atom and Nakahara, Hiroshi and Takeishi, Naoya and Kawahara, Yoshinobu},
  journal={16th International Conference on Agents and Artificial Intelligence (ICAART' 24)},
  volume={2},
  pages={27--39},
  year={2024}
}

@article{fujii2021data,
  title={Data-driven Analysis for Understanding Team Sports Behaviors},
  author={Fujii, Keisuke},
  journal={Journal of Robotics and Mechatronics},
  volume={33},
  number={3},
  pages={505--514},
  year={2021},
  publisher={Fuji Technology Press Ltd.}
}

@book{fujii2025machine,
  title={Machine Learning in Sports:
Open Approach for Next Play
Analytics},
  author={Fujii, Keisuke},
  year={2025},
  publisher={Springer}
}

@article{Liu2020,
  title={Deep soccer analytics: learning an action-value function for evaluating soccer players},
  author={Liu, Guiliang and Luo, Yudong and Schulte, Oliver and Kharrat, Tarak},
  journal={Data Mining and Knowledge Discovery},
  volume={34},
  number={5},
  pages={1531--1559},
  year={2020},
  publisher={Springer}
}

@article{van2023markov,
  title={A Markov framework for learning and reasoning about strategies in professional soccer},
  author={Van Roy, Maaike and Robberechts, Pieter and Yang, Wen-Chi and De Raedt, Luc and Davis, Jesse},
  journal={Journal of Artificial Intelligence Research},
  volume={77},
  pages={517--562},
  year={2023}
}

@article{van2021leaving,
  title={Leaving goals on the pitch: Evaluating decision making in soccer},
  author={Van Roy, Maaike and Robberechts, Pieter and Yang, Wen-Chi and De Raedt, Luc and Davis, Jesse},
  journal={Proceedings of the MIT Sloan Sports Analytics Conference},
  year={2021}
}


@article{rahimian2024towards,
  title={Towards maximizing expected possession outcome in soccer},
  author={Rahimian, Pegah and Van Haaren, Jan and Toka, Laszlo},
  journal={International Journal of Sports Science \& Coaching},
  volume={19},
  number={1},
  pages={230--244},
  year={2024},
  publisher={SAGE Publications Sage UK: London, England}
}

@article{rahimian2024data,
  title={A data-driven approach to assist offensive and defensive players in optimal decision making},
  author={Rahimian, Pegah and Toka, Laszlo},
  journal={International Journal of Sports Science \& Coaching},
  volume={19},
  number={1},
  pages={245--256},
  year={2024},
  publisher={SAGE Publications Sage UK: London, England}
}

@article{rahimian2021towards,
  title={Towards optimized actions in critical situations of soccer games with deep reinforcement learning},
  author={Rahimian, Pegah and Oroojlooy, Afshin and Toka, Laszlo},
  journal={2021 IEEE 8th International Conference on Data Science and Advanced Analytics (DSAA)},
  pages={1--12},
  year={2021},
  organization={IEEE}
}

@article{rahimian2022beyond,
  title={Beyond action valuation: A deep reinforcement learning framework for optimizing player decisions in soccer},
  author={Rahimian, Pegah and Van Haaren, Jan and Toka, Togzhan Abzhanova--Laszlo},
  journal={16th Annual MIT Sloan Sports Analytics Conference},
  year={2022}
}

@article{Schulte2017,
  title={A Markov Game model for valuing actions, locations, and team performance in ice hockey},
  author={Schulte, Oliver and Khademi, Mahmoud and Gholami, Sajjad and Zhao, Zeyu and Javan, Mehrsan and Desaulniers, Philippe},
  journal={Data Mining and Knowledge Discovery},
  volume={31},
  number={6},
  pages={1735--1757},
  year={2017},
  publisher={Springer}
}
@article{Liu2018,
  title={Deep reinforcement learning in ice hockey for context-aware player evaluation},
  author={Liu, Guiliang and Schulte, Oliver},
  journal={Proceedings of the 27th International Joint Conference on Artificial Intelligence},
  pages={3442--3448},
  year={2018}
}

@article{ding2022deep,
  title={Deep reinforcement learning in a racket sport for player evaluation with technical and tactical contexts},
  author={Ding, Ning and Takeda, Kazuya and Fujii, Keisuke},
  journal={IEEE Access}, 
  volume={10},
  pages={54764--54772},
  year={2022},
  publisher={IEEE}
}

@article{yanai2022q,
  title={Q-Ball: Modeling Basketball Games Using Deep Reinforcement Learning},
  author={Yanai, Chen and Solomon, Adir and Katz, Gilad and Shapira, Bracha and Rokach, Lior},
  journal={Proceedings of the AAAI Conference on Artificial Intelligence},
  volume={36},
  number={8},
  pages={8806--8813},
  year={2022}
}

@article{chen2022reliable,
  title={ReLiable: Offline Reinforcement Learning for Tactical Strategies in Professional Basketball Games},
  author={Chen, Xiusi and Jiang, Jyun-Yu and Jin, Kun and Zhou, Yichao and Liu, Mingyan and Brantingham, P Jeffrey and Wang, Wei},
  journal={Proceedings of the 31st ACM International Conference on Information \& Knowledge Management},
  pages={3023--3032},
  year={2022}
}

@article{nakahara2023action,
  title={Action valuation of on-and off-ball soccer players based on multi-agent deep reinforcement learning},
  author={Nakahara, Hiroshi and Tsutsui, Kazushi and Takeda, Kazuya and Fujii, Keisuke},
  journal={IEEE Access},
  volume={11},
  pages={131237--131244},
  year={2023}
}

@article{Luo2020,
  title     = {Inverse Reinforcement Learning for Team Sports: Valuing Actions and Players},
  author    = {Luo, Yudong and Schulte, Oliver and Poupart, Pascal},
  journal = {Proceedings of the Twenty-Ninth International Joint Conference on
               Artificial Intelligence, {IJCAI-20}},
  publisher = {International Joint Conferences on Artificial Intelligence Organization},
  editor    = {Christian Bessiere},
  pages     = {3356--3363},
  year      = {2020},
  month     = {7},
}

@article{rahimian2022inferring,
  title={Inferring the strategy of offensive and defensive play in soccer with inverse reinforcement learning},
  author={Rahimian, Pegah and Toka, Laszlo},
  journal={Machine Learning and Data Mining for Sports Analytics},
  pages={26--38},
  year={2022},
  organization={Springer}
}

@article{Le17,
  title={Coordinated multi-agent imitation learning},
  author={Le, Hoang M and Yue, Yisong and Carr, Peter and Lucey, Patrick},
  journal={Proceedings of the 34th International Conference on Machine Learning-Volume 70},
  pages={1995--2003},
  year={2017},
  organization={JMLR. org}
}

@article{le2017data,
  title={Data-driven ghosting using deep imitation learning},
  author={Le, Hoang M and Carr, Peter and Yue, Yisong and Lucey, Patrick},
  journal={Proceedings of MIT Sloan Sports Analytics Conference},
  year={2017}
}

@article{Teranishi2020,
  title={Trajectory prediction with imitation learning reflecting defensive evaluation in team sports},
  author={Teranishi, Masakiyo and Fujii, Keisuke and Takeda, Kazuya},
  journal={2020 IEEE 9th Global Conference on Consumer Electronics (GCCE)},
  pages={124--125},
  year={2020},
  organization={IEEE}
}

@article{fujii2024decentralized,
  title={Decentralized policy learning with partial observation and mechanical constraints for multiperson modeling},
  author={Fujii, Keisuke and Takeishi, Naoya and Kawahara, Yoshinobu and Takeda, Kazuya},
  journal={Neural Networks},
  volume={171},
  pages={40--52},
  year={2024},
  publisher={Elsevier}
}

@article{Zhan19,
title={Generating Multi-Agent Trajectories using Programmatic Weak Supervision},
author={Eric Zhan and Stephan Zheng and Yisong Yue and Long Sha and Patrick Lucey},
journal={International Conference on Learning Representations},
year={2019},
}

@article{Yeh19,
author = {Yeh, Raymond A. and Schwing, Alexander G. and Huang, Jonathan and Murphy, Kevin},
title = {Diverse Generation for Multi-Agent Sports Games},
journal = {The IEEE Conference on Computer Vision and Pattern Recognition (CVPR)},
pages={4610--4619},
year = {2019}
}

@article{Li2021,
  title={{GRIN}: Generative Relation and Intention Network for Multi-agent Trajectory Prediction},
  author={Li, Longyuan and Yao, Jian and Wenliang, Li and He, Tong and Xiao, Tianjun and Yan, Junchi and Wipf, David and Zhang, Zheng},
  journal={Advances in Neural Information Processing Systems},
  volume={34},
  pages={27107--27118},
  year={2021}
}

@article{fujii2024estimating,
  title={Estimating counterfactual treatment outcomes over time in complex multi-agent scenarios},
  author={Fujii, Keisuke and Takeuchi, Koh and Kuribayashi, Atsushi and Takeishi, Naoya and Kawahara, Yoshinobu and Takeda, Kazuya},
  journal={IEEE Transactions on Neural Networks and Learning Systems},
  pages={1-15},
  year={2024}
}

@article{van2023etsy,
  title={ETSY: A Rule-Based Approach to Event and Tracking Data SYnchronization},
  author={Van Roy, Maaike and Cascioli, Lorenzo and Davis, Jesse},
  journal={International Workshop on Machine Learning and Data Mining for Sports Analytics},
  pages={11--23},
  year={2023},
  organization={Springer}
}

@article{decroos2019actions,
  title={Actions speak louder than goals: Valuing player actions in soccer},
  author={Decroos, Tom and Bransen, Lotte and Van Haaren, Jan and Davis, Jesse},
  journal={Proceedings of the 25th ACM SIGKDD international conference on knowledge discovery \& data mining},
  pages={1851--1861},
  year={2019}
}

@article{giancola2018soccernet,
  title={Soccernet: A scalable dataset for action spotting in soccer videos},
  author={Giancola, Silvio and Amine, Mohieddine and Dghaily, Tarek and Ghanem, Bernard},
  journal={Proceedings of the IEEE Conference on Computer Vision and Pattern Recognition Workshops},
  pages={1711--1721},
  year={2018}
}

@article{cioppa2024soccernet,
  title={SoccerNet 2023 challenges results},
  author={Cioppa, Anthony and Giancola, Silvio and Somers, Vladimir and Magera, Floriane and Zhou, Xin and Mkhallati, Hassan and Deli{\`e}ge, Adrien and Held, Jan and Hinojosa, Carlos and Mansourian, Amir M and others},
  journal={Sports Engineering},
  volume={27},
  number={2},
  pages={24},
  year={2024},
  publisher={Springer}
}

@article{cui2023sportsmot,
  title={Sports{MOT}: A large multi-object tracking dataset in multiple sports scenes},
  author={Cui, Yutao and Zeng, Chenkai and Zhao, Xiaoyu and Yang, Yichun and Wu, Gangshan and Wang, Limin},
  journal={Proceedings of the IEEE/CVF International Conference on Computer Vision},
  pages={9921--9931},
  year={2023}
}

@article{scott2024teamtrack,
  title={TeamTrack: A Dataset for Multi-Sport Multi-Object Tracking in Full-pitch Videos},
  author={Scott, Atom and Uchida, Ikuma and Ding, Ning and Umemoto, Rikuhei and Bunker, Rory and Kobayashi, Ren and Koyama, Takeshi and Onishi, Masaki and Kameda, Yoshinari and Fujii, Keisuke},
  journal={Proceedings of the IEEE/CVF Conference on Computer Vision and Pattern Recognition},
  pages={3357--3366},
  year={2024}
}

@article{wu2024sportshhi,
  title={SportsHHI: A Dataset for Human-Human Interaction Detection in Sports Videos},
  author={Wu, Tao and He, Runyu and Wu, Gangshan and Wang, Limin},
  journal={Proceedings of the IEEE/CVF Conference on Computer Vision and Pattern Recognition},
  pages={18537--18546},
  year={2024}
}

@article{eggels2016expected,
  title={Expected goals in soccer: Explaining match results using predictive analytics},
  author={Eggels, H and van Elk, R and Pechenizkiy, M},
  journal={The machine learning and data mining for sports analytics workshop},
  volume={16},
  year={2016}
}

@article{umemoto2022location,
  title={Location analysis of players in uefa euro 2020 and 2022 using generalized valuation of defense by estimating probabilities},
  author={Umemoto, Rikuhei and Tsutsui, Kazushi and Fujii, Keisuke},
  journal={arXiv preprint arXiv:2212.00021},
  year={2022}
}

@article{toda2022evaluation,
  title={Evaluation of soccer team defense based on prediction models of ball recovery and being attacked: A pilot study},
  author={Toda, Kosuke and Teranishi, Masakiyo and Kushiro, Keisuke and Fujii, Keisuke},
  journal={Plos one},
  volume={17},
  number={1},
  pages={e0263051},
  year={2022},
  publisher={Public Library of Science San Francisco, CA USA}
}

@article{yeung2024evaluating,
  title={Evaluating soccer match prediction models: a deep learning approach and feature optimization for gradient-boosted trees},
  author={Yeung, Calvin and Bunker, Rory and Umemoto, Rikuhei and Fujii, Keisuke},
  journal={Machine Learning},
  volume={113},
  number={10},
  pages={7541--7564},
  year={2024},
  publisher={Springer}
}

@article{berrar2024data,
  title={A data-and knowledge-driven framework for developing machine learning models to predict soccer match outcomes},
  author={Berrar, Daniel and Lopes, Philippe and Dubitzky, Werner},
  journal={Machine Learning},
  volume={113},
  number={10},
  pages={8165--8204},
  year={2024},
  publisher={Springer}
}

@article{yeung2023framework,
  title={A framework of interpretable match results prediction in football with FIFA ratings and team formation},
  author={Yeung, Calvin CK and Bunker, Rory and Fujii, Keisuke},
  journal={Plos one},
  volume={18},
  number={4},
  pages={e0284318},
  year={2023},
  publisher={Public Library of Science San Francisco, CA USA}
}

@article{spearman2018beyond,
  title={Beyond expected goals},
  author={Spearman, William},
  journal={Proceedings of the 12th MIT sloan sports analytics conference},
  pages={1--17},
  year={2018}
}

@article{liu2020deep,
  title={Deep soccer analytics: learning an action-value function for evaluating soccer players},
  author={Liu, Guiliang and Luo, Yudong and Schulte, Oliver and Kharrat, Tarak},
  journal={Data Mining and Knowledge Discovery},
  volume={34},
  pages={1531--1559},
  year={2020},
  publisher={Springer}
}

@article{yeung2024autosoccerpose,
  title={AutoSoccerPose: Automated 3D posture Analysis of Soccer Shot Movements},
  author={Yeung, Calvin and Ide, Kenjiro and Fujii, Keisuke},
  journal={Proceedings of the IEEE/CVF Conference on Computer Vision and Pattern Recognition Workshop},
  pages={3214--3224},
  year={2024}
}
