@misc{Cuccaro200,
  title={A new quantum ripple-carry addition circuit}, 
  author={Steven A. Cuccaro and Thomas G. Draper and Samuel A. Kutin and David Petrie Moulton},
  year={2004},
  eprint={quant-ph/0410184},
  archivePrefix={arXiv},
  primaryClass={quant-ph},
  url={https://arxiv.org/abs/quant-ph/0410184}, 
}

@online{PennyLaneOnline,
  title     = {PennyLane Online Documentation},
  author    = {{Xanadu Inc.}},
  url       = {https://docs.pennylane.ai/en/stable/code/qml.html},
  urldate   = {2025-01-07},
  note      = {Accessed: 2025-01-07}
}

@online{QiskitLibraryOnline,
  title     = {{Qiskit Online Documentation}},
  author    = {{IBM Quantum}},
  url       = {https://docs.quantum.ibm.com/api/qiskit},
  urldate   = {2025-01-07},
  note      = {Accessed: 2025-01-07}
}

@misc{Qrisp2024,
title={Qrisp: A Framework for Compilable High-Level Programming of Gate-Based Quantum Computers}, 
author={Raphael Seidel and Sebastian Bock and René Zander and Matic Petrič and Niklas Steinmann and Nikolay Tcholtchev and Manfred Hauswirth},
year={2024},
eprint={2406.14792},
archivePrefix={arXiv},
primaryClass={quant-ph},
url={https://arxiv.org/abs/2406.14792}, 
}

@online{QsharpApiReference,
  title     = {{Q\# API Reference}},
  author    = {{Microsoft}},
  url       = {https://learn.microsoft.com/en-us/qsharp/api/},
  urldate   = {2025-01-07}, 
  note      = {Accessed: 2025-01-07}
}

@misc{draper2000,
  title={Addition on a Quantum Computer}, 
  author={Thomas G. Draper},
  year={2000},
  eprint={quant-ph/0008033},
  archivePrefix={arXiv},
  primaryClass={quant-ph},
  url={https://arxiv.org/abs/quant-ph/0008033}, 
}

@article{draper2004logarithmic,
  title={A logarithmic-depth quantum carry-lookahead adder},
  author={Draper, Thomas G and Kutin, Samuel A and Rains, Eric M and Svore, Krysta M},
  journal={arXiv preprint quant-ph/0406142},
  year={2004}
}

@article{takahashi2009quantum,
  title={Quantum addition circuits and unbounded fan-out},
  author={Takahashi, Yasuhiro and Tani, Seiichiro and Kunihiro, Noboru},
  journal={arXiv preprint arXiv:0910.2530},
  year={2009}
}

@article{wang2016improved,
  title={Improved quantum ripple-carry addition circuit},
  author={Wang, Feng and Luo, Mingxing and Li, Huiran and Qu, Zhiguo and Wang, Xiaojun},
  journal={Science China Information Sciences},
  volume={59},
  pages={1--8},
  year={2016},
  publisher={Springer}
}

