@article{berman2024mumu,
  title={Mumu: Bootstrapping multimodal image generation from text-to-image data},
  author={Berman, William and Peysakhovich, Alexander},
  journal={arXiv preprint arXiv:2406.18790},
  year={2024}
}

@article{brown2020language,
  title={Language Models are Few-Shot Learners},
  author={Brown, Tom B and Mann, Benjamin and Ryder, Nick and Subbiah, Melanie and Kaplan, Jared D and Dhariwal, Prafulla and Neelakantan, Arvind and Shyam, Pranav and Sastry, Girish and Askell, Amanda and others},
  journal={NeurIPS},
  year={2020}
}

@inproceedings{chenpixart,
  title={PixArt-$\alpha$: Fast Training of Diffusion Transformer for Photorealistic Text-to-Image Synthesis},
  author={Chen, Junsong and Jincheng, YU and Chongjian, GE and Yao, Lewei and Xie, Enze and Wang, Zhongdao and Kwok, James and Luo, Ping and Lu, Huchuan and Li, Zhenguo},
  booktitle={ICLR},
  year={2024}
}

@inproceedings{fang2023eva,
  title={Eva: Exploring the limits of masked visual representation learning at scale},
  author={Fang, Yuxin and Wang, Wen and Xie, Binhui and Sun, Quan and Wu, Ledell and Wang, Xinggang and Huang, Tiejun and Wang, Xinlong and Cao, Yue},
  booktitle={CVPR},
  pages={19358--19369},
  year={2023}
}

@misc{flux_github,
  author       = {Black Forest},
  title        = {Flux},
  year         = {2024},
  howpublished = {\url{https://github.com/black-forest-labs/flux}},
  note         = {GitHub repository}
}

@inproceedings{galimage,
  title={An Image is Worth One Word: Personalizing Text-to-Image Generation using Textual Inversion},
  author={Gal, Rinon and Alaluf, Yuval and Atzmon, Yuval and Patashnik, Or and Bermano, Amit Haim and Chechik, Gal and Cohen-or, Daniel},
  booktitle={ICLR},
  year={2023}
}

@inproceedings{gemaking,
  title={Making LLaMA SEE and Draw with SEED Tokenizer},
  author={Ge, Yuying and Zhao, Sijie and Zeng, Ziyun and Ge, Yixiao and Li, Chen and Wang, Xintao and Shan, Ying},
  booktitle={ICLR},
  year={2024}
}

@article{ho2020denoising,
  title={Denoising diffusion probabilistic models},
  author={Ho, Jonathan and Jain, Ajay and Abbeel, Pieter},
  journal={NeurIPS},
  volume={33},
  pages={6840--6851},
  year={2020}
}

@article{koh2024generating,
  title={Generating images with multimodal language models},
  author={Koh, Jing Yu and Fried, Daniel and Salakhutdinov, Russ R},
  journal={NeurIPS},
  volume={36},
  year={2024}
}

@inproceedings{li2023blip,
  title={Blip-2: Bootstrapping language-image pre-training with frozen image encoders and large language models},
  author={Li, Junnan and Li, Dongxu and Savarese, Silvio and Hoi, Steven},
  booktitle={ICML},
  pages={19730--19742},
  year={2023},
  organization={PMLR}
}

@inproceedings{li2024photomaker,
  title={Photomaker: Customizing realistic human photos via stacked id embedding},
  author={Li, Zhen and Cao, Mingdeng and Wang, Xintao and Qi, Zhongang and Cheng, Ming-Ming and Shan, Ying},
  booktitle={CVPR},
  pages={8640--8650},
  year={2024}
}

@inproceedings{liu2023llava,
    author      = {Liu, Haotian and Li, Chunyuan and Wu, Qingyang and Lee, Yong Jae},
    title       = {Visual Instruction Tuning},
    booktitle   = {NeurIPS},
    year        = {2023}
  }

@misc{llama3_meta,
  author       = {Meta AI},
  title        = {LLaMA 3: Vision and Edge AI for Mobile Devices},
  year         = {2024},
  howpublished = {\url{https://ai.meta.com/blog/llama-3-2-connect-2024-vision \ -edge-mobile-devices/}},
}

@inproceedings{mou2024t2i,
  title={T2i-adapter: Learning adapters to dig out more controllable ability for text-to-image diffusion models},
  author={Mou, Chong and Wang, Xintao and Xie, Liangbin and Wu, Yanze and Zhang, Jian and Qi, Zhongang and Shan, Ying},
  booktitle={AAAI},
  volume={38},
  pages={4296--4304},
  year={2024}
}

@article{openai2024gpt4technicalreport,
      title={GPT-4 Technical Report}, 
      author={Josh Achiam and Steven Adler and Sandhini Agarwal et. al.},
      journal={arXiv preprint arXiv:2303.08774},
      year={2024}
}

@article{pan2023kosmos,
  title={Kosmos-g: Generating images in context with multimodal large language models},
  author={Pan, Xichen and Dong, Li and Huang, Shaohan and Peng, Zhiliang and Chen, Wenhu and Wei, Furu},
  journal={arXiv preprint arXiv:2310.02992},
  year={2023}
}

@inproceedings{peebles2023scalable,
  title={Scalable diffusion models with transformers},
  author={Peebles, William and Xie, Saining},
  booktitle={ICCV},
  pages={4195--4205},
  year={2023}
}

@article{qian2024omniid,
    title   = {Omni-ID: Holistic Identity Representation Designed for Generative Tasks},
    author  = {Guocheng Qian and Kuan-Chieh Wang and Or Patashnik and Negin Heravi and Daniil Ostashev and Sergey Tulyakov and Daniel Cohen-Or and Kfir Aberman},
    journal = {arXiv preprint},
    year    = {2024},
    }

@inproceedings{radford2021learning,
  title={Learning transferable visual models from natural language supervision},
  author={Radford, Alec and Kim, Jong Wook and Hallacy, Chris and Ramesh and others},
  booktitle={International conference on machine learning},
  pages={8748--8763},
  year={2021},
  organization={PMLR}
}

@inproceedings{rombach2022high,
  title={High-resolution image synthesis with latent diffusion models},
  author={Rombach, Robin and Blattmann, Andreas and Lorenz, Dominik and Esser, Patrick and Ommer, Bj{\"o}rn},
  booktitle={CVPR},
  pages={10684--10695},
  year={2022}
}

@inproceedings{ruiz2023dreambooth,
  title={Dreambooth: Fine tuning text-to-image diffusion models for subject-driven generation},
  author={Ruiz, Nataniel and Li, Yuanzhen and Jampani, Varun and Pritch, Yael and Rubinstein, Michael and Aberman, Kfir},
  booktitle={Proceedings of the IEEE/CVF conference on computer vision and pattern recognition},
  pages={22500--22510},
  year={2023}
}

@article{saharia2022photorealistic,
  title={Photorealistic text-to-image diffusion models with deep language understanding},
  author={Saharia, Chitwan and Chan, William and Saxena, Saurabh and Li, Lala and Whang, Jay and Denton, Emily L and Ghasemipour, Kamyar and Gontijo Lopes, Raphael and Karagol Ayan, Burcu and Salimans, Tim and others},
  journal={Advances in neural information processing systems},
  volume={35},
  pages={36479--36494},
  year={2022}
}

@misc{sd3_5_github,
  author       = {Stability AI},
  title        = {Stable Diffusion 3.5},
  year         = {2024},
  howpublished = {\url{https://github.com/Stability-AI/sd3.5}},
  note         = {GitHub repository}
}

@article{shi2024llamafusion,
  title={LlamaFusion: Adapting Pretrained Language Models for Multimodal Generation},
  author={Shi, Weijia and Han, Xiaochuang and Zhou, Chunting and Liang, Weixin and Lin, Xi Victoria and Zettlemoyer, Luke and Yu, Lili},
  journal={arXiv preprint arXiv:2412.15188},
  year={2024}
}

@article{sun2023generative,
  title={Generative pretraining in multimodality},
  author={Sun, Quan and Yu, Qiying and Cui, Yufeng and Zhang, Fan and Zhang, Xiaosong and Wang, Yueze and Gao, Hongcheng and Liu, Jingjing and Huang, Tiejun and Wang, Xinlong},
  journal={arXiv preprint arXiv:2307.05222},
  year={2023}
}

@article{tong2024metamorph,
  title={MetaMorph: Multimodal Understanding and Generation via Instruction Tuning},
  author={Tong, Shengbang and Fan, David and Zhu, Jiachen and Xiong, Yunyang and Chen, Xinlei and Sinha, Koustuv and Rabbat, Michael and LeCun, Yann and Xie, Saining and Liu, Zhuang},
  journal={arXiv preprint arXiv:2412.14164},
  year={2024}
}

@article{wang2024instantid,
  title={Instantid: Zero-shot identity-preserving generation in seconds},
  author={Wang, Qixun and Bai, Xu and Wang, Haofan and Qin, Zekui and Chen, Anthony and Li, Huaxia and Tang, Xu and Hu, Yao},
  journal={arXiv preprint arXiv:2401.07519},
  year={2024}
}

@inproceedings{wang2024moa,
  title={Moa: Mixture-of-attention for subject-context disentanglement in personalized image generation},
  author={Wang, Kuan-Chieh and Ostashev, Daniil and Fang, Yuwei and Tulyakov, Sergey and Aberman, Kfir},
  booktitle={SIGGRAPH Asia},
  pages={1--12},
  year={2024}
}

@article{wang2024qwen2,
  title={Qwen2-vl: Enhancing vision-language model's perception of the world at any resolution},
  author={Wang, Peng and Bai, Shuai and Tan, Sinan and Wang, Shijie and Fan, Zhihao and Bai, Jinze and Chen, Keqin and Liu, Xuejing and Wang, Jialin and Ge, Wenbin and others},
  journal={arXiv preprint arXiv:2409.12191},
  year={2024}
}

@article{wang2024visual,
  title={Visual Lexicon: Rich Image Features in Language Space},
  author={Wang, XuDong and Zhou, Xingyi and Fathi, Alireza and Darrell, Trevor and Schmid, Cordelia},
  journal={arXiv preprint arXiv:2412.06774},
  year={2024}
}

@article{wu2023next,
  title={Next-gpt: Any-to-any multimodal llm},
  author={Wu, Shengqiong and Fei, Hao and Qu, Leigang and Ji, Wei and Chua, Tat-Seng},
  journal={arXiv preprint arXiv:2309.05519},
  year={2023}
}

@article{xiao2024omnigen,
  title={Omnigen: Unified image generation},
  author={Xiao, Shitao and Wang, Yueze and Zhou, Junjie and Yuan, Huaying and Xing, Xingrun and Yan, Ruiran and Wang, Shuting and Huang, Tiejun and Liu, Zheng},
  journal={arXiv preprint arXiv:2409.11340},
  year={2024}
}

@article{yang2024qwen2,
  title={Qwen2.5 Technical Report},
  author={Yang, An and Yang, Baosong and Zhang, Beichen and Hui, Binyuan and Zheng and others},
  journal={arXiv preprint arXiv:2412.15115},
  year={2024}
}

@article{ye2023ip,
  title={Ip-adapter: Text compatible image prompt adapter for text-to-image diffusion models},
  author={Ye, Hu and Zhang, Jun and Liu, Sibo and Han, Xiao and Yang, Wei},
  journal={arXiv preprint arXiv:2308.06721},
  year={2023}
}

@article{ye2024x,
  title={X-VILA: Cross-Modality Alignment for Large Language Model},
  author={Ye, Hanrong and Huang, De-An and Lu, Yao and Yu, Zhiding and Ping, Wei and Tao, Andrew and Kautz, Jan and Han, Song and Xu, Dan and Molchanov, Pavlo and others},
  journal={arXiv preprint arXiv:2405.19335},
  year={2024}
}

@inproceedings{zhang2023adding,
  title={Adding conditional control to text-to-image diffusion models},
  author={Zhang, Lvmin and Rao, Anyi and Agrawala, Maneesh},
  booktitle={ICCV},
  pages={3836--3847},
  year={2023}
}

@article{zhu2023minigpt,
  title={MiniGPT-4: Enhancing Vision-Language Understanding with Advanced Large Language Models},
  author={Zhu, Deyao and Chen, Jun and Shen, Xiaoqian and Li, Xiang and Elhoseiny, Mohamed},
  journal={arXiv preprint arXiv:2304.10592},
  year={2023}
}

