@inproceedings{du2017deeplog,
  title={Deeplog: Anomaly detection and diagnosis from system logs through deep learning},
  author={Du, Min and Li, Feifei and Zheng, Guineng and Srikumar, Vivek},
  booktitle={Proceedings of the 2017 ACM SIGSAC conference on computer and communications security},
  pages={1285--1298},
  year={2017}
}

@article{huang2020hitanomaly,
  title={Hitanomaly: Hierarchical transformers for anomaly detection in system log},
  author={Huang, Shaohan and Liu, Yi and Fung, Carol and He, Rong and Zhao, Yining and Yang, Hailong and Luan, Zhongzhi},
  journal={IEEE transactions on network and service management},
  volume={17},
  number={4},
  pages={2064--2076},
  year={2020},
  publisher={IEEE}
}

@article{lee2023lanobert,
  title={Lanobert: System log anomaly detection based on bert masked language model},
  author={Lee, Yukyung and Kim, Jina and Kang, Pilsung},
  journal={Applied Soft Computing},
  volume={146},
  pages={110689},
  year={2023},
  publisher={Elsevier}
}

@article{stepanov2024extracting,
  title={Extracting high-level activities from low-level program execution logs},
  author={Stepanov, Evgenii V and Mitsyuk, Alexey A},
  journal={Automated Software Engineering},
  volume={31},
  number={2},
  pages={41},
  year={2024},
  publisher={Springer}
}

