@ARTICLE{10005113,
  author={Zhang, Yuxiang and Zhang, Mengmeng and Li, Wei and Wang, Shuai and Tao, Ran},
  journal={IEEE Transactions on Geoscience and Remote Sensing}, 
  title={Language-Aware Domain Generalization Network for Cross-Scene Hyperspectral Image Classification}, 
  year={2023},
  volume={61},
  number={},
  pages={1-12}}

@ARTICLE{9076866,
  author={Mou, Lichao and Hua, Yuansheng and Zhu, Xiao Xiang},
  journal={IEEE Transactions on Geoscience and Remote Sensing}, 
  title={Relation Matters: Relational Context-Aware Fully Convolutional Network for Semantic Segmentation of High-Resolution Aerial Images}, 
  year={2020},
  volume={58},
  number={11},
  pages={7557-7569}}

@ARTICLE{9487010,
  author={Li, Rui and Zheng, Shunyi and Zhang, Ce and Duan, Chenxi and Su, Jianlin and Wang, Libo and Atkinson, Peter M.},
  journal={IEEE Transactions on Geoscience and Remote Sensing}, 
  title={Multiattention Network for Semantic Segmentation of Fine-Resolution Remote Sensing Images}, 
  year={2022},
  volume={60},
  number={},
  pages={1-13}}

@article{LIU2012144,
title = {Discrepancy measures for selecting optimal combination of parameter values in object-based image analysis},
journal = {ISPRS Journal of Photogrammetry and Remote Sensing},
volume = {68},
pages = {144-156},
year = {2012},


author = {Yong Liu and Ling Bian and Yuhong Meng and Huanping Wang and Shifu Zhang and Yining Yang and Xiaomin Shao and Bo Wang}
}

@article{SU2017256,
title = {Local and global evaluation for remote sensing image segmentation},
journal = {ISPRS Journal of Photogrammetry and Remote Sensing},
volume = {130},
pages = {256-276},
year = {2017},


author = {Tengfei Su and Shengwei Zhang}
}

@article{WOODCOCK1987311,
title = {The factor of scale in remote sensing},
journal = {Remote Sensing of Environment},
volume = {21},
number = {3},
pages = {311-332},
year = {1987},


author = {Curtis E. Woodcock and Alan H. Strahler}
}

@article{YANG2015186,
title = {A discrepancy measure for segmentation evaluation from the perspective of object recognition},
journal = {ISPRS Journal of Photogrammetry and Remote Sensing},
volume = {101},
pages = {186-192},
year = {2015},
author = {Jian Yang and Yuhong He and John Caspersen and Trevor Jones}
}

@article{ZHANG201573,
title = {Segmentation quality evaluation using region-based precision and recall measures for remote sensing images},
journal = {ISPRS Journal of Photogrammetry and Remote Sensing},
volume = {102},
pages = {73-84},
year = {2015},


author = {Xueliang Zhang and Xuezhi Feng and Pengfeng Xiao and Guangjun He and Liujun Zhu}
}

@article{Zhihua,
author = {Zhihua WANG},
author = {Fan MENG},
author = {Xiaomei YANG},
author = {Fengshuo YANG},
author = {Yu FANG},
title = {Study on the Automatic Selection of Segmentation Scale Parameters for High Spatial Resolution Remote Sensing Images},
publisher = {Journal of Geo-information Science},
year = {2016},
journal = {Journal of Geo-information Science},
volume = {18},
number = {5},
eid = {639},
pages = {639-648}


}

@article{article,
author = {Weidner, Uwe},
year = {2008},
month = {01},
pages = {},
title = {Contribution to the assessment of segmentation quality for remote sensing applications},
volume = {37},
journal = {International Archives of Photogrammetry and Remote Sensing}
}

@article{article222,
author = {Clinton, Nicholas and Holt, Ashley and Scarborough, James and Yan, Li and Gong, Peng},
year = {2010},
month = {03},
pages = {289-299},
title = {Accuracy Assessment Measures for Object-based Image Segmentation Goodness},
volume = {76},
journal = {Photogrammetric Engineering \& Remote Sensing},

}

@article{article31666,
author = {Chen, Yangyang and Ming, Dongping and Zhao, Lu and Lv, Beiru and Zhou, Keqi and Qing, Yuanzhao},
year = {2018},
month = {10},
pages = {629-646},
title = {Review on High Spatial Resolution Remote Sensing Image Segmentation Evaluation},
volume = {84},
journal = {Photogrammetric Engineering \& Remote Sensing},

}

@article{articleroclv,
author = {Mingwei, Zhao},
year = {2012},
month = {01},
pages = {37-43},
title = {Optimal Scale Selection for DEM Based Slope Segmentation in the Loess Plateau},
volume = {3},
journal = {International Journal of Geosciences},

}

@article{cha2023billion,
  title={A billion-scale foundation model for remote sensing images},
  author={Cha, Keumgang and Seo, Junghoon and Lee, Taekyung},
  journal={IEEE Journal of Selected Topics in Applied Earth Observations and Remote Sensing},
  year={2024}
}

@article{chen2017deeplab,
  title={Deeplab: Semantic image segmentation with deep convolutional nets, atrous convolution, and fully connected crfs},
  author={Chen, Liang-Chieh and Papandreou, George and Kokkinos, Iasonas and Murphy, Kevin and Yuille, Alan L},
  journal={IEEE Transactions on Pattern Analysis and Machine Intelligence},
  volume={40},
  number={4},
  pages={834--848},
  year={2017},
  publisher={IEEE}
}

@article{chen2019effects,
  title={Effects of compression on remote sensing image classification based on fractal analysis},
  author={Chen, Zhenzhong and Hu, Ye and Zhang, Yingxue},
  journal={IEEE Transactions on Geoscience and Remote Sensing},
  volume={57},
  number={7},
  pages={4577--4590},
  year={2019},
  publisher={IEEE}
}

@article{chen2019visual,
  title={Visual quality evaluation for semantic segmentation: subjective assessment database and objective assessment measure},
  author={Chen, Zhenzhong and Zhu, Han},
  journal={IEEE Transactions on Image Processing},
  volume={28},
  number={12},
  pages={5785--5796},
  year={2019},
  publisher={IEEE}
}

@inproceedings{cheng2021boundary,
  title={Boundary IoU: Improving object-centric image segmentation evaluation},
  author={Cheng, Bowen and Girshick, Ross and Doll{\'a}r, Piotr and Berg, Alexander C and Kirillov, Alexander},
  booktitle={Proceedings of the IEEE/CVF Conference on Computer Vision and Pattern Recognition},
  pages={15334--15342},
  year={2021}
}

@inproceedings{csurka2013good,
  title={What is a good evaluation measure for semantic segmentation?.},
  author={Csurka, Gabriela and Larlus, Diane and Perronnin, Florent and Meylan, France},
  booktitle={Bmvc},
  volume={27},
  number={2013},
  pages={10--5244},
  year={2013},
  organization={Bristol}
}

@article{cui2020sanet,
  title={SANet: A sea--land segmentation network via adaptive multiscale feature learning},
  author={Cui, Binge and Jing, Wei and Huang, Ling and Li, Zhongrui and Lu, Yan},
  journal={IEEE Journal of Selected Topics in Applied Earth Observations and Remote Sensing},
  volume={14},
  pages={116--126},
  year={2020},
  publisher={IEEE}
}

@article{guo2020multi,
  title={A multi-scale water extraction convolutional neural network (MWEN) method for GaoFen-1 remote sensing images},
  author={Guo, Hongxiang and He, Guojin and Jiang, Wei and Yin, Ranyu and Yan, Lei and Leng, Wanchun},
  journal={ISPRS International Journal of Geo-Information},
  volume={9},
  number={4},
  pages={189},
  year={2020},
  publisher={MDPI}
}

@inproceedings{kniaz2019deep,
  title={Deep learning for dense labeling of hydrographic regions in very high resolution imagery},
  author={Kniaz, Vladimir V},
  booktitle={Image and Signal Processing for Remote Sensing XXV},
  volume={11155},
  pages={283--292},
  year={2019},
  organization={SPIE}
}

@inproceedings{kuckreja2024geochat,
  title={Geochat: Grounded large vision-language model for remote sensing},
  author={Kuckreja, Kartik and Danish, Muhammad Sohail and Naseer, Muzammal and Das, Abhijit and Khan, Salman and Khan, Fahad Shahbaz},
  booktitle={Proceedings of the IEEE/CVF Conference on Computer Vision and Pattern Recognition},
  pages={27831--27840},
  year={2024}
}

@inproceedings{lin2017refinenet,
  title={Refinenet: Multi-path refinement networks for high-resolution semantic segmentation},
  author={Lin, Guosheng and Milan, Anton and Shen, Chunhua and Reid, Ian},
  booktitle={Proceedings of the IEEE/CVF Conference on Computer Vision and Pattern Recognition},
  pages={1925--1934},
  year={2017}
}

@article{liu2024remoteclip,
  title={Remoteclip: A vision language foundation model for remote sensing},
  author={Liu, Fan and Chen, Delong and Guan, Zhangqingyun and Zhou, Xiaocong and Zhu, Jiale and Ye, Qiaolin and Fu, Liyong and Zhou, Jun},
  journal={IEEE Transactions on Geoscience and Remote Sensing},
  year={2024},
  publisher={IEEE}
}

@inproceedings{ronneberger2015u,
  title={U-net: Convolutional networks for biomedical image segmentation},
  author={Ronneberger, Olaf and Fischer, Philipp and Brox, Thomas},
  booktitle={Medical Image Computing and Computer-Assisted Intervention MICCAI International Conference},
  pages={234--241},
  year={2015},
  organization={Springer}
}

@Article{rs16162930,
AUTHOR = {Hanyu, Taisei and Yamazaki, Kashu and Tran, Minh and McCann, Roy A. and Liao, Haitao and Rainwater, Chase and Adkins, Meredith and Cothren, Jackson and Le, Ngan},
TITLE = {AerialFormer: Multi-Resolution Transformer for Aerial Image Segmentation},
JOURNAL = {Remote Sensing},
VOLUME = {16},
YEAR = {2024},
NUMBER = {16},
ARTICLE-NUMBER = {2930},

}

@article{song2020semantic,
  title={Semantic segmentation of remote-sensing imagery using heterogeneous big data: International society for photogrammetry and remote sensing potsdam and cityscape datasets},
  author={Song, Ahram and Kim, Yongil},
  journal={ISPRS International Journal of Geo-Information},
  volume={9},
  number={10},
  pages={601},
  year={2020},
  publisher={MDPI}
}

@inproceedings{strudel2021segmenter,
  title={Segmenter: Transformer for semantic segmentation},
  author={Strudel, Robin and Garcia, Ricardo and Laptev, Ivan and Schmid, Cordelia},
  booktitle={Proceedings of the IEEE/CVF International Conference on Computer Vision},
  pages={7262--7272},
  year={2021}
}

@article{sun2022ringmo,
  title={RingMo: A remote sensing foundation model with masked image modeling},
  author={Sun, Xian and Wang, Peijin and Lu, Wanxuan and Zhu, Zicong and Lu, Xiaonan and He, Qibin and Li, Junxi and Rong, Xuee and Yang, Zhujun and Chang, Hao and others},
  journal={IEEE Transactions on Geoscience and Remote Sensing},
  volume={61},
  pages={1--22},
  year={2022},
  publisher={IEEE}
}

@article{wang2021loveda,
  title={LoveDA: A remote sensing land-cover dataset for domain adaptive semantic segmentation},
  author={Wang, Junjue and Zheng, Zhuo and Ma, Ailong and Lu, Xiaoyan and Zhong, Yanfei},
  journal={arXiv preprint arXiv:2110.08733},
  year={2021}
}

@article{wang2022novel,
  title={A novel transformer based semantic segmentation scheme for fine-resolution remote sensing images},
  author={Wang, Libo and Li, Rui and Duan, Chenxi and Zhang, Ce and Meng, Xiaoliang and Fang, Shenghui},
  journal={IEEE Geoscience and Remote Sensing Letters},
  volume={19},
  pages={1--5},
  year={2022},
  publisher={IEEE}
}

@article{wang2022unetformer,
  title={UNetFormer: A UNet-like transformer for efficient semantic segmentation of remote sensing urban scene imagery},
  author={Wang, Libo and Li, Rui and Zhang, Ce and Fang, Shenghui and Duan, Chenxi and Meng, Xiaoliang and Atkinson, Peter M},
  journal={ISPRS Journal of Photogrammetry and Remote Sensing},
  volume={190},
  pages={196--214},
  year={2022},
  publisher={Elsevier}
}

@article{wei2021effects,
  title={Effects of lossy compression on remote sensing image classification based on convolutional sparse coding},
  author={Wei, Jingru and Mi, Li and Hu, Ye and Ling, Jing and Li, Yawen and Chen, Zhenzhong},
  journal={IEEE Geoscience and Remote Sensing Letters},
  volume={19},
  pages={1--5},
  year={2021},
  publisher={IEEE}
}

@inproceedings{xia2015quality,
  title={Quality assessment for remote sensing images: approaches and applications},
  author={Xia, Yatong and Chen, Zhenzhong},
  booktitle={2015 IEEE International Conference on Systems, Man, and Cybernetics},
  pages={1029--1034},
  year={2015},
  organization={IEEE}
}

@article{zhang2021rest,
  title={Rest: An efficient transformer for visual recognition},
  author={Zhang, Qinglong and Yang, Yu-Bin},
  journal={Advances in Neural Information Processing Systems},
  volume={34},
  pages={15475--15485},
  year={2021}
}

@inproceedings{zhao2017pyramid,
  title={Pyramid scene parsing network},
  author={Zhao, Hengshuang and Shi, Jianping and Qi, Xiaojuan and Wang, Xiaogang and Jia, Jiaya},
  booktitle={Proceedings of the IEEE/CVF Conference on Computer Vision and Pattern Recognition},
  pages={2881--2890},
  year={2017}
}

