%%% ====================================================================
%%%  BibTeX-file{
%%%     author          = "Gerry Murray",
%%%     version         = "1.2",
%%%     date            = "2 April 2012",
%%%     filename        = "acmsmall-sample-bibfile.bib",
%%%     address         = "ACM, NY",
%%%     email           = "murray at hq.acm.org",
%%%     codetable       = "ISO/ASCII",
%%%     keywords        = "ACM Reference Format, bibliography, citation, references",
%%%     supported       = "yes",
%%%     docstring       = "This BibTeX database file contains 'bibdata' entries
%%%                        that 'match' the examples provided in the Specifications Document
%%%                        AND, also, 'legacy'-type bibs. It should assist authors in
%%%                        choosing the 'correct' at-bibtype and necessary bib-fields
%%%                        so as to obtain the appropriate ACM Reference Format output.
%%%                        It also contains many 'Standard Abbreviations'. "
%%%  }
%%% ====================================================================

% Journals

% First the Full Name is given, then the abbreviation used in the AMS Math
% Reviews, with an indication if it could not be found there.
% Note the 2nd overwrites the 1st, so swap them if you want the full name.

 %{AMS}
 @String{AMSTrans = "American Mathematical Society Translations" }
 @String{AMSTrans = "Amer. Math. Soc. Transl." }
 @String{BullAMS = "Bulletin of the American Mathematical Society" }
 @String{BullAMS = "Bull. Amer. Math. Soc." }
 @String{ProcAMS = "Proceedings of the American Mathematical Society" }
 @String{ProcAMS = "Proc. Amer. Math. Soc." }
 @String{TransAMS = "Transactions of the American Mathematical Society" }
 @String{TransAMS = "Trans. Amer. Math. Soc." }

 %ACM
 @String{CACM = "Communications of the {ACM}" }
 @String{CACM = "Commun. {ACM}" }
 @String{CompServ = "Comput. Surveys" }
 @String{JACM = "J. ACM" }
 @String{ACMMathSoft = "{ACM} Transactions on Mathematical Software" }
 @String{ACMMathSoft = "{ACM} Trans. Math. Software" }
 @String{SIGNUM = "{ACM} {SIGNUM} Newsletter" }
 @String{SIGNUM = "{ACM} {SIGNUM} Newslett." }

 @String{AmerSocio = "American Journal of Sociology" }
 @String{AmerStatAssoc = "Journal of the American Statistical Association" }
 @String{AmerStatAssoc = "J. Amer. Statist. Assoc." }
 @String{ApplMathComp = "Applied Mathematics and Computation" }
 @String{ApplMathComp = "Appl. Math. Comput." }
 @String{AmerMathMonthly = "American Mathematical Monthly" }
 @String{AmerMathMonthly = "Amer. Math. Monthly" }
 @String{BIT = "{BIT}" }
 @String{BritStatPsych = "British Journal of Mathematical and Statistical
          Psychology" }
 @String{BritStatPsych = "Brit. J. Math. Statist. Psych." }
 @String{CanMathBull = "Canadian Mathematical Bulletin" }
 @String{CanMathBull = "Canad. Math. Bull." }
 @String{CompApplMath = "Journal of Computational and Applied Mathematics" }
 @String{CompApplMath = "J. Comput. Appl. Math." }
 @String{CompPhys = "Journal of Computational Physics" }
 @String{CompPhys = "J. Comput. Phys." }
 @String{CompStruct = "Computers and Structures" }
 @String{CompStruct = "Comput. \& Structures" }
 @String{CompJour = "The Computer Journal" }
 @String{CompJour = "Comput. J." }
 @String{CompSysSci = "Journal of Computer and System Sciences" }
 @String{CompSysSci = "J. Comput. System Sci." }
 @String{Computing = "Computing" }
 @String{ContempMath = "Contemporary Mathematics" }
 @String{ContempMath = "Contemp. Math." }
 @String{Crelle = "Crelle's Journal" }
 @String{GiornaleMath = "Giornale di Mathematiche" }
 @String{GiornaleMath = "Giorn. Mat." } % didn't find in AMS MR., ibid.

 %IEEE
 @String{Computer = "{IEEE} Computer" }
 @String{IEEETransComp = "{IEEE} Transactions on Computers" }
 @String{IEEETransComp = "{IEEE} Trans. Comput." }
 @String{IEEETransAC = "{IEEE} Transactions on Automatic Control" }
 @String{IEEETransAC = "{IEEE} Trans. Automat. Control" }
 @String{IEEESpec = "{IEEE} Spectrum" } % didn't find in AMS MR
 @String{ProcIEEE = "Proceedings of the {IEEE}" }
 @String{ProcIEEE = "Proc. {IEEE}" } % didn't find in AMS MR
 @String{IEEETransAeroElec = "{IEEE} Transactions on Aerospace and Electronic
     Systems" }
 @String{IEEETransAeroElec = "{IEEE} Trans. Aerospace Electron. Systems" }

 @String{IMANumerAna = "{IMA} Journal of Numerical Analysis" }
 @String{IMANumerAna = "{IMA} J. Numer. Anal." }
 @String{InfProcLet = "Information Processing Letters" }
 @String{InfProcLet = "Inform. Process. Lett." }
 @String{InstMathApp = "Journal of the Institute of Mathematics and
     its Applications" }
 @String{InstMathApp = "J. Inst. Math. Appl." }
 @String{IntControl = "International Journal of Control" }
 @String{IntControl = "Internat. J. Control" }
 @String{IntNumerEng = "International Journal for Numerical Methods in
     Engineering" }
 @String{IntNumerEng = "Internat. J. Numer. Methods Engrg." }
 @String{IntSuper = "International Journal of Supercomputing Applications" }
 @String{IntSuper = "Internat. J. Supercomputing Applic." } % didn't find
%% in AMS MR
 @String{Kibernetika = "Kibernetika" }
 @String{JResNatBurStand = "Journal of Research of the National Bureau
     of Standards" }
 @String{JResNatBurStand = "J. Res. Nat. Bur. Standards" }
 @String{LinAlgApp = "Linear Algebra and its Applications" }
 @String{LinAlgApp = "Linear Algebra Appl." }
 @String{MathAnaAppl = "Journal of Mathematical Analysis and Applications" }
 @String{MathAnaAppl = "J. Math. Anal. Appl." }
 @String{MathAnnalen = "Mathematische Annalen" }
 @String{MathAnnalen = "Math. Ann." }
 @String{MathPhys = "Journal of Mathematical Physics" }
 @String{MathPhys = "J. Math. Phys." }
 @String{MathComp = "Mathematics of Computation" }
 @String{MathComp = "Math. Comp." }
 @String{MathScand = "Mathematica Scandinavica" }
 @String{MathScand = "Math. Scand." }
 @String{TablesAidsComp = "Mathematical Tables and Other Aids to Computation" }
 @String{TablesAidsComp = "Math. Tables Aids Comput." }
 @String{NumerMath = "Numerische Mathematik" }
 @String{NumerMath = "Numer. Math." }
 @String{PacificMath = "Pacific Journal of Mathematics" }
 @String{PacificMath = "Pacific J. Math." }
 @String{ParDistComp = "Journal of Parallel and Distributed Computing" }
 @String{ParDistComp = "J. Parallel and Distrib. Comput." } % didn't find
%% in AMS MR
 @String{ParComputing = "Parallel Computing" }
 @String{ParComputing = "Parallel Comput." }
 @String{PhilMag = "Philosophical Magazine" }
 @String{PhilMag = "Philos. Mag." }
 @String{ProcNAS = "Proceedings of the National Academy of Sciences
                    of the USA" }
 @String{ProcNAS = "Proc. Nat. Acad. Sci. U. S. A." }
 @String{Psychometrika = "Psychometrika" }
 @String{QuartMath = "Quarterly Journal of Mathematics, Oxford, Series (2)" }
 @String{QuartMath = "Quart. J. Math. Oxford Ser. (2)" }
 @String{QuartApplMath = "Quarterly of Applied Mathematics" }
 @String{QuartApplMath = "Quart. Appl. Math." }
 @String{RevueInstStat = "Review of the International Statisical Institute" }
 @String{RevueInstStat = "Rev. Inst. Internat. Statist." }

 %SIAM
 @String{JSIAM = "Journal of the Society for Industrial and Applied
     Mathematics" }
 @String{JSIAM = "J. Soc. Indust. Appl. Math." }
 @String{JSIAMB = "Journal of the Society for Industrial and Applied
     Mathematics, Series B, Numerical Analysis" }
 @String{JSIAMB = "J. Soc. Indust. Appl. Math. Ser. B Numer. Anal." }
 @String{SIAMAlgMeth = "{SIAM} Journal on Algebraic and Discrete Methods" }
 @String{SIAMAlgMeth = "{SIAM} J. Algebraic Discrete Methods" }
 @String{SIAMAppMath = "{SIAM} Journal on Applied Mathematics" }
 @String{SIAMAppMath = "{SIAM} J. Appl. Math." }
 @String{SIAMComp = "{SIAM} Journal on Computing" }
 @String{SIAMComp = "{SIAM} J. Comput." }
 @String{SIAMMatrix = "{SIAM} Journal on Matrix Analysis and Applications" }
 @String{SIAMMatrix = "{SIAM} J. Matrix Anal. Appl." }
 @String{SIAMNumAnal = "{SIAM} Journal on Numerical Analysis" }
 @String{SIAMNumAnal = "{SIAM} J. Numer. Anal." }
 @String{SIAMReview = "{SIAM} Review" }
 @String{SIAMReview = "{SIAM} Rev." }
 @String{SIAMSciStat = "{SIAM} Journal on Scientific and Statistical
     Computing" }
 @String{SIAMSciStat = "{SIAM} J. Sci. Statist. Comput." }

 @String{SoftPracExp = "Software Practice and Experience" }
 @String{SoftPracExp = "Software Prac. Experience" } % didn't find in AMS MR
 @String{StatScience = "Statistical Science" }
 @String{StatScience = "Statist. Sci." }
 @String{Techno = "Technometrics" }
 @String{USSRCompMathPhys = "{USSR} Computational Mathematics and Mathematical
     Physics" }
 @String{USSRCompMathPhys = "{U. S. S. R.} Comput. Math. and Math. Phys." }
 @String{VLSICompSys = "Journal of {VLSI} and Computer Systems" }
 @String{VLSICompSys = "J. {VLSI} Comput. Syst." }
 @String{ZAngewMathMech = "Zeitschrift fur Angewandte Mathematik und
     Mechanik" }
 @String{ZAngewMathMech = "Z. Angew. Math. Mech." }
 @String{ZAngewMathPhys = "Zeitschrift fur Angewandte Mathematik und Physik" }
 @String{ZAngewMathPhys = "Z. Angew. Math. Phys." }

% Publishers % ================================================= |

 @String{Academic = "Academic Press" }
 @String{ACMPress = "{ACM} Press" }
 @String{AdamHilger = "Adam Hilger" }
 @String{AddisonWesley = "Addison-Wesley" }
 @String{AllynBacon = "Allyn and Bacon" }
 @String{AMS = "American Mathematical Society" }
 @String{Birkhauser = "Birkha{\"u}ser" }
 @String{CambridgePress = "Cambridge University Press" }
 @String{Chelsea = "Chelsea" }
 @String{ClaredonPress = "Claredon Press" }
 @String{DoverPub = "Dover Publications" }
 @String{Eyolles = "Eyolles" }
 @String{HoltRinehartWinston = "Holt, Rinehart and Winston" }
 @String{Interscience = "Interscience" }
 @String{JohnsHopkinsPress = "The Johns Hopkins University Press" }
 @String{JohnWileySons = "John Wiley and Sons" }
 @String{Macmillan = "Macmillan" }
 @String{MathWorks = "The Math Works Inc." }
 @String{McGrawHill = "McGraw-Hill" }
 @String{NatBurStd = "National Bureau of Standards" }
 @String{NorthHolland = "North-Holland" }
 @String{OxfordPress = "Oxford University Press" }  %address Oxford or London?
 @String{PergamonPress = "Pergamon Press" }
 @String{PlenumPress = "Plenum Press" }
 @String{PrenticeHall = "Prentice-Hall" }
 @String{SIAMPub = "{SIAM} Publications" }
 @String{Springer = "Springer-Verlag" }
 @String{TexasPress = "University of Texas Press" }
 @String{VanNostrand = "Van Nostrand" }
 @String{WHFreeman = "W. H. Freeman and Co." }


@article{tsimpoukelli2021multimodal,
  title={Multimodal Few-Shot Learning with Frozen Language Models},
  author={Tsimpoukelli, Maria and Menick, Jacob and Cabi, Serkan and Eslami, SM and Vinyals, Oriol and Hill, Felix},
  journal={arXiv preprint arXiv:2106.13884},
  year={2021}
}

@article{singh2021flava,
  title={FLAVA: A Foundational Language And Vision Alignment Model},
  author={Singh, Amanpreet and Hu, Ronghang and Goswami, Vedanuj and Couairon, Guillaume and Galuba, Wojciech and Rohrbach, Marcus and Kiela, Douwe},
  journal={arXiv preprint arXiv:2112.04482},
  year={2021}
}

@article{zhou2022device,
  title={On-Device Domain Generalization},
  author={Zhou, Kaiyang and Zhang, Yuanhan and Zang, Yuhang and Yang, Jingkang and Loy, Chen Change and Liu, Ziwei},
  journal={arXiv preprint arXiv:2209.07521},
  year={2022}
}

@article{yuan2021florence,
  title={Florence: A New Foundation Model for Computer Vision},
  author={Yuan, Lu and Chen, Dongdong and Chen, Yi-Ling and Codella, Noel and Dai, Xiyang and Gao, Jianfeng and Hu, Houdong and Huang, Xuedong and Li, Boxin and Li, Chunyuan and others},
  journal={arXiv preprint arXiv:2111.11432},
  year={2021}
}

@article{zhou2017places,
  title={Places: A 10 million image database for scene recognition},
  author={Zhou, Bolei and Lapedriza, Agata and Khosla, Aditya and Oliva, Aude and Torralba, Antonio},
  journal={IEEE transactions on pattern analysis and machine intelligence},
  volume={40},
  number={6},
  pages={1452--1464},
  year={2017},
}

@inproceedings{fei2004learning,
  title={Learning generative visual models from few training examples: An incremental bayesian approach tested on 101 object categories},
  author={Fei-Fei, Li and Fergus, Rob and Perona, Pietro},
  booktitle={CVPR-W},
  year={2004},
}

@article{helber2019eurosat,
  title={Eurosat: A novel dataset and deep learning benchmark for land use and land cover classification},
  author={Helber, Patrick and Bischke, Benjamin and Dengel, Andreas and Borth, Damian},
  journal={IEEE Journal of Selected Topics in Applied Earth Observations and Remote Sensing},
  year={2019},
}

@inproceedings{sennrich2016neural,
  title={Neural machine translation of rare words with subword units},
  author={Sennrich, Rico and Haddow, Barry and Birch, Alexandra},
  booktitle={ACL},
  year={2016}
}

@inproceedings{hendrycks2021natural,
  title={Natural adversarial examples},
  author={Hendrycks, Dan and Zhao, Kevin and Basart, Steven and Steinhardt, Jacob and Song, Dawn},
  booktitle={CVPR},
  year={2021}
}

@article{hendrycks2021many,
  title={The Many Faces of Robustness: A Critical Analysis of Out-of-Distribution Generalization},
  author={Dan Hendrycks and Steven Basart and Norman Mu and Saurav Kadavath and Frank Wang and Evan Dorundo and Rahul Desai and Tyler Zhu and Samyak Parajuli and Mike Guo and Dawn Song and Jacob Steinhardt and Justin Gilmer},
  journal={ICCV},
  year={2021}
}

@inproceedings{wang2019learning,
        title={Learning Robust Global Representations by Penalizing Local Predictive Power},
        author={Wang, Haohan and Ge, Songwei and Lipton, Zachary and Xing, Eric P},
        booktitle={NeurIPS},
        year={2019}
}

@inproceedings{recht2019imagenet,
  title={Do imagenet classifiers generalize to imagenet?},
  author={Recht, Benjamin and Roelofs, Rebecca and Schmidt, Ludwig and Shankar, Vaishaal},
  booktitle={ICML},
  year={2019},
}

@article{zhou2021domain,
  title={Domain generalization: A survey},
  author={Zhou, Kaiyang and Liu, Ziwei and Qiao, Yu and Xiang, Tao and Loy, Chen Change},
  journal={arXiv preprint arXiv:2103.02503},
  year={2021}
}

@inproceedings{taori2020measuring,
  title={Measuring robustness to natural distribution shifts in image classification},
  author={Taori, Rohan and Dave, Achal and Shankar, Vaishaal and Carlini, Nicholas and Recht, Benjamin and Schmidt, Ludwig},
  booktitle={NeurIPS},
  year={2020}
}

@article{soomro2012ucf101,
  title={UCF101: A dataset of 101 human actions classes from videos in the wild},
  author={Soomro, Khurram and Zamir, Amir Roshan and Shah, Mubarak},
  journal={arXiv preprint arXiv:1212.0402},
  year={2012}
}

@inproceedings{cimpoi2014describing,
  title={Describing textures in the wild},
  author={Cimpoi, Mircea and Maji, Subhransu and Kokkinos, Iasonas and Mohamed, Sammy and Vedaldi, Andrea},
  booktitle={CVPR},
  year={2014}
}

@inproceedings{xiao2010sun,
  title={Sun database: Large-scale scene recognition from abbey to zoo},
  author={Xiao, Jianxiong and Hays, James and Ehinger, Krista A and Oliva, Aude and Torralba, Antonio},
  booktitle={CVPR},
  year={2010},
}

@article{maji2013fine,
  title={Fine-grained visual classification of aircraft},
  author={Maji, Subhransu and Rahtu, Esa and Kannala, Juho and Blaschko, Matthew and Vedaldi, Andrea},
  journal={arXiv preprint arXiv:1306.5151},
  year={2013}
}

@inproceedings{bossard2014food,
  title={Food-101--mining discriminative components with random forests},
  author={Bossard, Lukas and Guillaumin, Matthieu and Van Gool, Luc},
  booktitle={ECCV},
  year={2014},
}

@inproceedings{nilsback2008automated,
  title={Automated flower classification over a large number of classes},
  author={Nilsback, Maria-Elena and Zisserman, Andrew},
  booktitle={ICVGIP},
  year={2008},
}

@inproceedings{krause20133d,
  title={3d object representations for fine-grained categorization},
  author={Krause, Jonathan and Stark, Michael and Deng, Jia and Fei-Fei, Li},
  booktitle={ICCV-W},
  year={2013}
}

@inproceedings{parkhi2012cats,
  title={Cats and dogs},
  author={Parkhi, Omkar M and Vedaldi, Andrea and Zisserman, Andrew and Jawahar, CV},
  booktitle={CVPR},
  year={2012},
}

@inproceedings{elhoseiny2013write,
  title={Write a classifier: Zero-shot learning using purely textual descriptions},
  author={Elhoseiny, Mohamed and Saleh, Babak and Elgammal, Ahmed},
  booktitle={ICCV},
  year={2013}
}

@inproceedings{vaswani2017attention,
  title={Attention is all you need},
  author={Vaswani, Ashish and Shazeer, Noam and Parmar, Niki and Uszkoreit, Jakob and Jones, Llion and Gomez, Aidan N and Kaiser, {\L}ukasz and Polosukhin, Illia},
  booktitle={NeurIPS},
  year={2017}
}

@inproceedings{shin2020autoprompt,
  title={Autoprompt: Eliciting knowledge from language models with automatically generated prompts},
  author={Shin, Taylor and Razeghi, Yasaman and Logan IV, Robert L and Wallace, Eric and Singh, Sameer},
  booktitle={EMNLP},
  year={2020}
}

@article{jiang2020can,
  title={How can we know what language models know?},
  author={Jiang, Zhengbao and Xu, Frank F and Araki, Jun and Neubig, Graham},
  journal={ACL},
  year={2020},
}

@article{liu2021gpt,
  title={GPT Understands, Too},
  author={Liu, Xiao and Zheng, Yanan and Du, Zhengxiao and Ding, Ming and Qian, Yujie and Yang, Zhilin and Tang, Jie},
  journal={arXiv preprint arXiv:2103.10385},
  year={2021}
}

@article{liu2021pre,
  title={Pre-train, prompt, and predict: A systematic survey of prompting methods in natural language processing},
  author={Liu, Pengfei and Yuan, Weizhe and Fu, Jinlan and Jiang, Zhengbao and Hayashi, Hiroaki and Neubig, Graham},
  journal={arXiv preprint arXiv:2107.13586},
  year={2021}
}

@inproceedings{zhong2021factual,
  title={Factual probing is [mask]: Learning vs. learning to recall},
  author={Zhong, Zexuan and Friedman, Dan and Chen, Danqi},
  booktitle={NAACL},
  year={2021}
}

@inproceedings{devlin2019bert,
  title={Bert: Pre-training of deep bidirectional transformers for language understanding},
  author={Devlin, Jacob and Chang, Ming-Wei and Lee, Kenton and Toutanova, Kristina},
  booktitle={NAACL},
  year={2019}
}

@article{gao2020making,
  title={Making pre-trained language models better few-shot learners},
  author={Gao, Tianyu and Fisch, Adam and Chen, Danqi},
  journal={arXiv preprint arXiv:2012.15723},
  year={2020}
}

@article{lester2021power,
  title={The power of scale for parameter-efficient prompt tuning},
  author={Lester, Brian and Al-Rfou, Rami and Constant, Noah},
  journal={arXiv preprint arXiv:2104.08691},
  year={2021}
}

@article{li2021prefix,
  title={Prefix-tuning: Optimizing continuous prompts for generation},
  author={Li, Xiang Lisa and Liang, Percy},
  journal={arXiv preprint arXiv:2101.00190},
  year={2021}
}

@inproceedings{petroni2019language,
  title={Language models as knowledge bases?},
  author={Petroni, Fabio and Rockt{\"a}schel, Tim and Lewis, Patrick and Bakhtin, Anton and Wu, Yuxiang and Miller, Alexander H and Riedel, Sebastian},
  booktitle={EMNLP},
  year={2019}
}

@inproceedings{he2020momentum,
  title={Momentum contrast for unsupervised visual representation learning},
  author={He, Kaiming and Fan, Haoqi and Wu, Yuxin and Xie, Saining and Girshick, Ross},
  booktitle={CVPR},
  year={2020}
}

@inproceedings{chen2020simple,
  title={A simple framework for contrastive learning of visual representations},
  author={Chen, Ting and Kornblith, Simon and Norouzi, Mohammad and Hinton, Geoffrey},
  booktitle={ICML},
  year={2020}
}

@inproceedings{socher2013zero,
  title={Zero-shot learning through cross-modal transfer},
  author={Socher, Richard and Ganjoo, Milind and Sridhar, Hamsa and Bastani, Osbert and Manning, Christopher D and Ng, Andrew Y},
  booktitle={NeurIPS},
  year={2013}
}

@inproceedings{vinyals2015show,
  title={Show and tell: A neural image caption generator},
  author={Vinyals, Oriol and Toshev, Alexander and Bengio, Samy and Erhan, Dumitru},
  booktitle={CVPR},
  year={2015}
}

@inproceedings{dosovitskiy2021image,
  title={An image is worth 16x16 words: Transformers for image recognition at scale},
  author={Dosovitskiy, Alexey and Beyer, Lucas and Kolesnikov, Alexander and Weissenborn, Dirk and Zhai, Xiaohua and Unterthiner, Thomas and Dehghani, Mostafa and Minderer, Matthias and Heigold, Georg and Gelly, Sylvain and others},
  booktitle={ICLR},
  year={2021}
}

@inproceedings{deng2009imagenet,
  title={Imagenet: A large-scale hierarchical image database},
  author={Deng, Jia and Dong, Wei and Socher, Richard and Li, Li-Jia and Li, Kai and Fei-Fei, Li},
  booktitle={CVPR},
  year={2009},
}

@inproceedings{henaff2020data,
  author    = {Olivier J. H{\'{e}}naff and
               Aravind Srinivas and
               Jeffrey De Fauw and
               Ali Razavi and
               Carl Doersch and
               S. M. Ali Eslami and
               A{\"{a}}ron van den Oord},
  title     = {Data-Efficient Image Recognition with Contrastive Predictive Coding},
  booktitle = {ICML},
  year      = {2020},
}

@inproceedings{he2016deep,
  title={Deep residual learning for image recognition},
  author={He, Kaiming and Zhang, Xiangyu and Ren, Shaoqing and Sun, Jian},
  booktitle={CVPR},
  year={2016}
}

@inproceedings{frome2013devise,
  title={Devise: A deep visual-semantic embedding model},
  author={Frome, Andrea and Corrado, Greg and Shlens, Jonathon and Bengio, Samy and Dean, Jeffrey and Ranzato, Marc’Aurelio and Mikolov, Tomas},
  booktitle={NeurIPS},
  year={2013}
}

@inproceedings{desai2021virtex,
  title={Virtex: Learning visual representations from textual annotations},
  author={Desai, Karan and Johnson, Justin},
  booktitle={CVPR},
  year={2021}
}

@inproceedings{lei2015predicting,
  title={Predicting deep zero-shot convolutional neural networks using textual descriptions},
  author={Lei Ba, Jimmy and Swersky, Kevin and Fidler, Sanja and others},
  booktitle={ICCV},
  year={2015}
}

@article{zhang2020contrastive,
  title={Contrastive learning of medical visual representations from paired images and text},
  author={Zhang, Yuhao and Jiang, Hang and Miura, Yasuhide and Manning, Christopher D and Langlotz, Curtis P},
  journal={arXiv preprint arXiv:2010.00747},
  year={2020}
}

@article{li2021supervision,
  title={Supervision Exists Everywhere: A Data Efficient Contrastive Language-Image Pre-training Paradigm},
  author={Li, Yangguang and Liang, Feng and Zhao, Lichen and Cui, Yufeng and Ouyang, Wanli and Shao, Jing and Yu, Fengwei and Yan, Junjie},
  journal={arXiv preprint arXiv:2110.05208},
  year={2021}
}

@article{parisi2019continual,
  title={Continual lifelong learning with neural networks: A review},
  author={Parisi, German I and Kemker, Ronald and Part, Jose L and Kanan, Christopher and Wermter, Stefan},
  journal={Neural Networks},
  year={2019}
}

@article{li2017lwf,
  title={Learning without forgetting},
  author={Li, Zhizhong and Hoiem, Derek},
  journal={TPAMI},
  year={2017},
}

@article{yao2021cpt,
  title={CPT: Colorful Prompt Tuning for Pre-trained Vision-Language Models},
  author={Yao, Yuan and Zhang, Ao and Zhang, Zhengyan and Liu, Zhiyuan and Chua, Tat-Seng and Sun, Maosong},
  journal={arXiv preprint arXiv:2109.11797},
  year={2021}
}

@inproceedings{tan2019lxmert,
  title={Lxmert: Learning cross-modality encoder representations from transformers},
  author={Tan, Hao and Bansal, Mohit},
  booktitle={EMNLP},
  year={2019}
}

@inproceedings{lu2019vilbert,
  title={Vilbert: Pretraining task-agnostic visiolinguistic representations for vision-and-language tasks},
  author={Lu, Jiasen and Batra, Dhruv and Parikh, Devi and Lee, Stefan},
  booktitle={NeurIPS},
  year={2019}
}

@inproceedings{radford2021learning,
title={Learning transferable visual models from natural language supervision},
author={Radford, Alec and Kim, Jong Wook and Hallacy, Chris and Ramesh, Aditya and Goh, Gabriel and Agarwal, Sandhini and Sastry, Girish and Askell, Amanda and Mishkin, Pamela and Clark, Jack and others},
booktitle={ICML},
year={2021}
}

@article{furst2021cloob,
  title={CLOOB: Modern Hopfield Networks with InfoLOOB Outperform CLIP},
  author={F{\"u}rst, Andreas and Rumetshofer, Elisabeth and Tran, Viet and Ramsauer, Hubert and Tang, Fei and Lehner, Johannes and Kreil, David and Kopp, Michael and Klambauer, G{\"u}nter and Bitto-Nemling, Angela and others},
  journal={arXiv preprint arXiv:2110.11316},
  year={2021}
}

@article{wortsman2021robust,
  title={Robust fine-tuning of zero-shot models},
  author={Wortsman, Mitchell and Ilharco, Gabriel and Li, Mike and Kim, Jong Wook and Hajishirzi, Hannaneh and Farhadi, Ali and Namkoong, Hongseok and Schmidt, Ludwig},
  journal={arXiv preprint arXiv:2109.01903},
  year={2021}
}

@article{bommasani2021opportunities,
  title={On the opportunities and risks of foundation models},
  author={Bommasani, Rishi and Hudson, Drew A and Adeli, Ehsan and Altman, Russ and Arora, Simran and von Arx, Sydney and Bernstein, Michael S and Bohg, Jeannette and Bosselut, Antoine and Brunskill, Emma and others},
  journal={arXiv preprint arXiv:2108.07258},
  year={2021}
}

@inproceedings{jia2021scaling,
  title={Scaling up visual and vision-language representation learning with noisy text supervision},
  author={Jia, Chao and Yang, Yinfei and Xia, Ye and Chen, Yi-Ting and Parekh, Zarana and Pham, Hieu and Le, Quoc V and Sung, Yunhsuan and Li, Zhen and Duerig, Tom},
  booktitle={ICML},
  year={2021}
}

@inproceedings{tian2020rethinking,
  title={Rethinking few-shot image classification: a good embedding is all you need?},
  author={Tian, Yonglong and Wang, Yue and Krishnan, Dilip and Tenenbaum, Joshua B and Isola, Phillip},
  booktitle={ECCV},
  year={2020},
}

@inproceedings{li2017learning,
  title={Learning visual n-grams from web data},
  author={Li, Ang and Jabri, Allan and Joulin, Armand and van der Maaten, Laurens},
  booktitle={ICCV},
  year={2017}
}

@inproceedings{gomez2017self,
  title={Self-supervised learning of visual features through embedding images into text topic spaces},
  author={Gomez, Lluis and Patel, Yash and Rusi{\~n}ol, Mar{\c{c}}al and Karatzas, Dimosthenis and Jawahar, CV},
  booktitle={CVPR},
  year={2017}
}

@inproceedings{su2020vl,
  title={Vl-bert: Pre-training of generic visual-linguistic representations},
  author={Su, Weijie and Zhu, Xizhou and Cao, Yue and Li, Bin and Lu, Lewei and Wei, Furu and Dai, Jifeng},
  booktitle={ICLR},
  year={2020}
}

@article{zhou2021coop,
    title={Learning to Prompt for Vision-Language Models},
    author={Zhou, Kaiyang and Yang, Jingkang and Loy, Chen Change and Liu, Ziwei},
    journal={arXiv preprint arXiv:2109.01134},
    year={2021}
}

@article{wang2020tent,
  title={Tent: Fully test-time adaptation by entropy minimization},
  author={Wang, Dequan and Shelhamer, Evan and Liu, Shaoteng and Olshausen, Bruno and Darrell, Trevor},
  journal={arXiv preprint arXiv:2006.10726},
  year={2020}
}

@article{gao2021clip,
  title={CLIP-Adapter: Better Vision-Language Models with Feature Adapters},
  author={Gao, Peng and Geng, Shijie and Zhang, Renrui and Ma, Teli and Fang, Rongyao and Zhang, Yongfeng and Li, Hongsheng and Qiao, Yu},
  journal={arXiv preprint arXiv:2110.04544},
  year={2021}
}

@article{zhou2022conditional,
  title={Conditional Prompt Learning for Vision-Language Models},
  author={Zhou, Kaiyang and Yang, Jingkang and Loy, Chen Change and Liu, Ziwei},
  journal={arXiv preprint arXiv:2203.05557},
  year={2022}
}

@article{jia2022visual,
  title={Visual Prompt Tuning},
  author={Jia, Menglin and Tang, Luming and Chen, Bor-Chun and Cardie, Claire and Belongie, Serge and Hariharan, Bharath and Lim, Ser-Nam},
  journal={arXiv preprint arXiv:2203.12119},
  year={2022}
}

@article{bahng2022visual,
  title={Visual Prompting: Modifying Pixel Space to Adapt Pre-trained Models},
  author={Bahng, Hyojin and Jahanian, Ali and Sankaranarayanan, Swami and Isola, Phillip},
  journal={arXiv preprint arXiv:2203.17274},
  year={2022}
}

@inproceedings{JiaYXCPPLSLD21,
  author       = {Chao Jia and
                  Yinfei Yang and
                  Ye Xia and
                  Yi{-}Ting Chen and
                  Zarana Parekh and
                  Hieu Pham and
                  Quoc V. Le and
                  Yun{-}Hsuan Sung and
                  Zhen Li and
                  Tom Duerig},
  title        = {Scaling Up Visual and Vision-Language Representation Learning With
                  Noisy Text Supervision},
  booktitle    = {ICML},
  volume       = {139},
  pages        = {4904--4916},
  address      = {Virtual},
  year         = {2021}
}

@inproceedings{RadfordKHRGASAM21,
  author       = {Alec Radford and
                  Jong Wook Kim and
                  Chris Hallacy and
                  Aditya Ramesh and
                  Gabriel Goh and
                  Sandhini Agarwal and
                  Girish Sastry and
                  Amanda Askell and
                  Pamela Mishkin and
                  Jack Clark and
                  Gretchen Krueger and
                  Ilya Sutskever},
  title        = {Learning Transferable Visual Models From Natural Language Supervision},
  booktitle    = {ICML},
  volume       = {139},
  pages        = {8748--8763},
  address      = {Virtual},
  year         = {2021}
}

@inproceedings{0001LXH22,
  author       = {Junnan Li and
                  Dongxu Li and
                  Caiming Xiong and
                  Steven Hoi},
  title        = {{BLIP:} Bootstrapping Language-Image Pre-training for Unified Vision-Language
                  Understanding and Generation},
  booktitle    = {ICML},
  volume       = {162},
  pages        = {12888--12900},
  address      = {Baltimore, Maryland, USA},
  year         = {2022}
}

@inproceedings{AlayracDLMBHLMM22,
  author       = {Jean{-}Baptiste Alayrac and
                  Jeff Donahue and
                  Pauline Luc and
                  Antoine Miech and
                  Iain Barr and
                  Yana Hasson and
                  Karel Lenc and
                  Arthur Mensch and
                  Katherine Millican and
                  Malcolm Reynolds and
                  Roman Ring and
                  Eliza Rutherford and
                  Serkan Cabi and
                  Tengda Han and
                  Zhitao Gong and
                  Sina Samangooei and
                  Marianne Monteiro and
                  Jacob L. Menick and
                  Sebastian Borgeaud and
                  Andy Brock and
                  Aida Nematzadeh and
                  Sahand Sharifzadeh and
                  Mikolaj Binkowski and
                  Ricardo Barreira and
                  Oriol Vinyals and
                  Andrew Zisserman and
                  Kar{\'{e}}n Simonyan},
  title        = {Flamingo: a Visual Language Model for Few-Shot Learning},
  booktitle    = {NeurIPS},
  volume={35},
  pages={23716--23736},
  address         = {Virtual},
  year         = {2022}
}

@inproceedings{li2023blip2,
    title      = {{BLIP-2:} Bootstrapping Language-Image Pre-training with Frozen Image Encoders and Large Language Models}, 
    author     = {Junnan Li and Dongxu Li and Silvio Savarese and Steven Hoi},
    year       = {2023},
    booktitle  = {ICML},
    address         = {Virtual},
}

@article{abs-2305-06500,
  author       = {Wenliang Dai and
                  Junnan Li and
                  Dongxu Li and
                  Anthony Meng Huat Tiong and
                  Junqi Zhao and
                  Weisheng Wang and
                  Boyang Li and
                  Pascale Fung and
                  Steven Hoi},
  title        = {{InstructBLIP}: Towards General-purpose Vision-Language Models with
                  Instruction Tuning},
  journal      = {arXiv preprint arXiv:2305.06500},
  volume       = {abs/2305.06500},
  year         = {2023}
}

@article{abs-2304-10592,
  author       = {Deyao Zhu and
                  Jun Chen and
                  Xiaoqian Shen and
                  Xiang Li and
                  Mohamed Elhoseiny},
  title        = {{MiniGPT}-4: Enhancing Vision-Language Understanding with Advanced Large
                  Language Models},
  journal      = {arXiv preprint arXiv:2304.10592},
  year         = {2023}
}

@article{ZhouYLL22,
  author       = {Kaiyang Zhou and
                  Jingkang Yang and
                  Chen Change Loy and
                  Ziwei Liu},
  title        = {Learning to Prompt for Vision-Language Models},
  journal      = {Int. J. Comput. Vis.},
  volume       = {130},
  number       = {9},
  pages        = {2337--2348},
  year         = {2022}
}

@article{abs-2210-03117,
  author       = {Muhammad Uzair Khattak and
                  Hanoona Abdul Rasheed and
                  Muhammad Maaz and
                  Salman Khan and
                  Fahad Shahbaz Khan},
  title        = {MaPLe: Multi-modal Prompt Learning},
  journal      = {arXiv preprint arXiv:2210.03117},
  year         = {2022}
}

@inproceedings{ShuNHYGAX22,
  author       = {Manli Shu and
                  Weili Nie and
                  De{-}An Huang and
                  Zhiding Yu and
                  Tom Goldstein and
                  Anima Anandkumar and
                  Chaowei Xiao},
  title        = {Test-Time Prompt Tuning for Zero-Shot Generalization in Vision-Language
                  Models},
  booktitle    = {NeurIPS},
  volume={35},
  pages={14274--14289},
  address         = {Virtual},
  year         = {2022}
}

@inproceedings{Jin0SC022,
  author       = {Woojeong Jin and
                  Yu Cheng and
                  Yelong Shen and
                  Weizhu Chen and
                  Xiang Ren},
  title        = {A Good Prompt Is Worth Millions of Parameters: Low-resource Prompt-based
                  Learning for Vision-Language Models},
  booktitle    = {ACL},
  volume       = {1},
  address      = {Dublin, Ireland},
  pages        = {2763--2775},
  year         = {2022}
}

@inproceedings{ChenLCHFS17,
  author       = {Tseng{-}Hung Chen and
                  Yuan{-}Hong Liao and
                  Ching{-}Yao Chuang and
                  Wan Ting Hsu and
                  Jianlong Fu and
                  Min Sun},
  title        = {Show, Adapt and Tell: Adversarial Training of Cross-Domain Image Captioner},
  booktitle    = {ICCV},
  pages        = {521--530},
  address      = {Venice, Italy},
  year         = {2017}
}

@article{0007ZXFZ0L19,
  author       = {Min Yang and
                  Wei Zhao and
                  Wei Xu and
                  Yabing Feng and
                  Zhou Zhao and
                  Xiaojun Chen and
                  Kai Lei},
  title        = {Multitask Learning for Cross-Domain Image Captioning},
  journal      = {{IEEE} Trans. Multim.},
  volume       = {21},
  number       = {4},
  pages        = {1047--1061},
  year         = {2019}
}

@article{YuanZHZXLW22,
  author       = {Jin Yuan and
                  Shuai Zhu and
                  Shuyin Huang and
                  Hanwang Zhang and
                  Yaoqiang Xiao and
                  Zhiyong Li and
                  Meng Wang},
  title        = {Discriminative Style Learning for Cross-Domain Image Captioning},
  journal      = {{IEEE} Trans. Image Process.},
  volume       = {31},
  pages        = {1723--1736},
  year         = {2022}
}

@inproceedings{ShinRLWS20,
  author       = {Taylor Shin and
                  Yasaman Razeghi and
                  Robert L. Logan IV and
                  Eric Wallace and
                  Sameer Singh},
  title        = {AutoPrompt: Eliciting Knowledge from Language Models with Automatically
                  Generated Prompts},
  booktitle    = {EMNLP},
  pages        = {4222--4235},
  address      = {Virtual},
  year         = {2020}
}

@article{abs-2204-03649,
  author       = {Tony Huang and
                  Jack Chu and
                  Fangyun Wei},
  title        = {Unsupervised Prompt Learning for Vision-Language Models},
  journal      = {arXiv preprint arXiv:2204.03649},
  year         = {2022}
}

@article{abs-2210-07225,
  author       = {Yuhang Zang and
                  Wei Li and
                  Kaiyang Zhou and
                  Chen Huang and
                  Chen Change Loy},
  title        = {Unified Vision and Language Prompt Learning},
  journal      = {arXiv preprint arXiv:2210.07225},
  year         = {2022}
}

@inproceedings{ZhouHMBN22,
  author       = {Chunting Zhou and
                  Junxian He and
                  Xuezhe Ma and
                  Taylor Berg{-}Kirkpatrick and
                  Graham Neubig},
  title        = {Prompt Consistency for Zero-Shot Task Generalization},
  booktitle    = {EMNLP},
  pages        = {2613--2626},
  address      = {Abu Dhabi, United Arab Emirates},
  year         = {2022}
}

@inproceedings{JoulinMJV16,
  author       = {Armand Joulin and
                  Laurens van der Maaten and
                  Allan Jabri and
                  Nicolas Vasilache},
  title        = {Learning Visual Features from Large Weakly Supervised Data},
  booktitle    = {ECCV},
  volume       = {9911},
  pages        = {67--84},
  address      = {Amsterdam, The Netherlands},
  year         = {2016}
}

@inproceedings{ZhouYL022,
  author       = {Kaiyang Zhou and
                  Jingkang Yang and
                  Chen Change Loy and
                  Ziwei Liu},
  title        = {Conditional Prompt Learning for Vision-Language Models},
  booktitle    = {CVPR},
  pages        = {16795--16804},
  address      = {New Orleans, LA, USA},
  year         = {2022}
}

@inproceedings{abs-2304-03119,
  author       = {Jiayi Guo and
                  Chaofei Wang and
                  You Wu and
                  Eric Zhang and
                  Kai Wang and
                  Xingqian Xu and
                  Shiji Song and
                  Humphrey Shi and
                  Gao Huang},
  title        = {Zero-shot Generative Model Adaptation via Image-specific Prompt Learning},
  booktitle    = {CVPR},
  pages={11494--11503},
  address         = {Vancouver, Canada},
  year         = {2023}
}

@article{abs-2210-11416,
  author       = {Hyung Won Chung and
                  Le Hou and
                  Shayne Longpre and
                  Barret Zoph and
                  Yi Tay and
                  William Fedus and
                  Eric Li and
                  Xuezhi Wang and
                  Mostafa Dehghani and
                  Siddhartha Brahma and
                  Albert Webson and
                  Shixiang Shane Gu and
                  Zhuyun Dai and
                  Mirac Suzgun and
                  Xinyun Chen and
                  Aakanksha Chowdhery and
                  Sharan Narang and
                  Gaurav Mishra and
                  Adams Yu and
                  Vincent Y. Zhao and
                  Yanping Huang and
                  Andrew M. Dai and
                  Hongkun Yu and
                  Slav Petrov and
                  Ed H. Chi and
                  Jeff Dean and
                  Jacob Devlin and
                  Adam Roberts and
                  Denny Zhou and
                  Quoc V. Le and
                  Jason Wei},
  title        = {Scaling Instruction-Finetuned Language Models},
  journal      = {arXiv preprint arXiv:2210.11416},
  year         = {2022}
}

@article{HeP20,
  author       = {Xiangteng He and
                  Yuxin Peng},
  title        = {Fine-Grained Visual-Textual Representation Learning},
  journal      = {{IEEE} Trans. Circuits Syst. Video Technol.},
  volume       = {30},
  number       = {2},
  pages        = {520--531},
  year         = {2020}
}

@inproceedings{00010KDBB22,
  author       = {Jaemin Cho and
                  Seunghyun Yoon and
                  Ajinkya Kale and
                  Franck Dernoncourt and
                  Trung Bui and
                  Mohit Bansal},
  title        = {Fine-grained Image Captioning with {CLIP} Reward},
  booktitle    = {NAACL},
  pages        = {517--527},
  address      = {Seattle, WA, US},
  year         = {2022}
}

@inproceedings{RennieMMRG17,
  author       = {Steven J. Rennie and
                  Etienne Marcheret and
                  Youssef Mroueh and
                  Jerret Ross and
                  Vaibhava Goel},
  title        = {Self-Critical Sequence Training for Image Captioning},
  booktitle    = {CVPR},
  pages        = {1179--1195},
  address      = {Honolulu, HI, USA},
  year         = {2017}
}

@article{abs-2111-11432,
  author       = {Lu Yuan and
                  Dongdong Chen and
                  Yi{-}Ling Chen and
                  Noel Codella and
                  Xiyang Dai and
                  Jianfeng Gao and
                  Houdong Hu and
                  Xuedong Huang and
                  Boxin Li and
                  Chunyuan Li and
                  Ce Liu and
                  Mengchen Liu and
                  Zicheng Liu and
                  Yumao Lu and
                  Yu Shi and
                  Lijuan Wang and
                  Jianfeng Wang and
                  Bin Xiao and
                  Zhen Xiao and
                  Jianwei Yang and
                  Michael Zeng and
                  Luowei Zhou and
                  Pengchuan Zhang},
  title        = {Florence: {A} New Foundation Model for Computer Vision},
  journal      = {arXiv preprint arXiv:2111.11432},
  year         = {2021}
}

@inproceedings{ZhaiWMSK0B22,
  author       = {Xiaohua Zhai and
                  Xiao Wang and
                  Basil Mustafa and
                  Andreas Steiner and
                  Daniel Keysers and
                  Alexander Kolesnikov and
                  Lucas Beyer},
  title        = {LiT: Zero-Shot Transfer with Locked-image text Tuning},
  booktitle    = {CVPR},
  pages        = {18102--18112},
  address      = {New Orleans, LA, USA},
  year         = {2022}
}

@article{abs-2111-10050,
  author       = {Hieu Pham and
                  Zihang Dai and
                  Golnaz Ghiasi and
                  Hanxiao Liu and
                  Adams Wei Yu and
                  Minh{-}Thang Luong and
                  Mingxing Tan and
                  Quoc V. Le},
  title        = {Combined Scaling for Zero-shot Transfer Learning},
  journal      = {arXiv preprint arXiv:2111.10050},
  year         = {2021}
}

@inproceedings{DChenGY0E22,
  author       = {Jun Chen and
                  Han Guo and
                  Kai Yi and
                  Boyang Li and
                  Mohamed Elhoseiny},
  title        = {VisualGPT: Data-efficient Adaptation of Pretrained Language Models
                  for Image Captioning},
  booktitle    = {CVPR},
  pages        = {18009--18019},
  address      = {New Orleans, LA, USA},
  year         = {2022}
}

@inproceedings{TsimpoukelliMCE21,
  author       = {Maria Tsimpoukelli and
                  Jacob Menick and
                  Serkan Cabi and
                  S. M. Ali Eslami and
                  Oriol Vinyals and
                  Felix Hill},
  title        = {Multimodal Few-Shot Learning with Frozen Language Models},
  booktitle    = {NeurIPS},
  address      = {Virtual},
  pages        = {200--212},
  year         = {2021}
}

@inproceedings{WangYYDT022,
  author       = {Zirui Wang and
                  Jiahui Yu and
                  Adams Wei Yu and
                  Zihang Dai and
                  Yulia Tsvetkov and
                  Yuan Cao},
  title        = {SimVLM: Simple Visual Language Model Pretraining with Weak Supervision},
  booktitle    = {ICLR},
  address      = {Virtual},
  year         = {2022}
}

@inproceedings{TewelSSW22,
  author       = {Yoad Tewel and
                  Yoav Shalev and
                  Idan Schwartz and
                  Lior Wolf},
  title        = {ZeroCap: Zero-Shot Image-to-Text Generation for Visual-Semantic Arithmetic},
  booktitle    = {CVPR},
  pages        = {17897--17907},
  address         = {New Orleans, LA, USA},
  year         = {2022}
}

@inproceedings{abs-2303-02437,
  author       = {Zequn Zeng and
                  Hao Zhang and
                  Zhengjue Wang and
                  Ruiying Lu and
                  Dongsheng Wang and
                  Bo Chen},
  title        = {ConZIC: Controllable Zero-shot Image Captioning by Sampling-Based
                  Polishing},
  booktitle    = {CVPR},
  pages={23465--23476},
  address      = {New Orleans, LA, USA},
  year         = {2023}
}

@article{abs-2211-07275,
  author       = {Junyang Wang and
                  Yi Zhang and
                  Ming Yan and
                  Ji Zhang and
                  Jitao Sang},
  title        = {Zero-shot Image Captioning by Anchor-augmented Vision-Language Space
                  Alignment},
  journal      = {arXiv preprint arXiv:2211.07275},
  year         = {2022}
}

@article{ZhaoWL21,
  author       = {Wentian Zhao and
                  Xinxiao Wu and
                  Jiebo Luo},
  title        = {Cross-Domain Image Captioning via Cross-Modal Retrieval and Model
                  Adaptation},
  journal      = {{IEEE} Trans. Image Process.},
  volume       = {30},
  pages        = {1180--1192},
  year         = {2021}
}

@inproceedings{RameshPGGVRCS21,
  author       = {Aditya Ramesh and
                  Mikhail Pavlov and
                  Gabriel Goh and
                  Scott Gray and
                  Chelsea Voss and
                  Alec Radford and
                  Mark Chen and
                  Ilya Sutskever},
  title        = {Zero-Shot Text-to-Image Generation},
  booktitle    = {ICML},
  volume       = {139},
  pages        = {8821--8831},
  address      = {Virtual},
  year         = {2021}
  }

  @inproceedings{LinMBHPRDZ14,
  author    = {Tsung{-}Yi Lin and
               Michael Maire and
               Serge J. Belongie and
               James Hays and
               Pietro Perona and
               Deva Ramanan and
               Piotr Doll{\'{a}}r and
               C. Lawrence Zitnick},
  title     = {Microsoft {COCO:} Common Objects in Context},
  booktitle = {ECCV},
  volume    = {8693},
  pages     = {740--755},
  address	= {Zurich, Switzerland},
  year      = {2014}
}

@article{YoungLHH14,
  author       = {Peter Young and
                  Alice Lai and
                  Micah Hodosh and
                  Julia Hockenmaier},
  title        = {From image descriptions to visual denotations: New similarity metrics
                  for semantic inference over event descriptions},
  journal      = {Trans. Assoc. Comput. Linguistics},
  volume       = {2},
  pages        = {67--78},
  year         = {2014}
}

@inproceedings{OordVK17,
  author       = {A{\"{a}}ron van den Oord and
                  Oriol Vinyals and
                  Koray Kavukcuoglu},
  title        = {Neural Discrete Representation Learning},
  booktitle    = {NeurIPS},
  pages        = {6306--6315},
  address      = {Long Beach, CA, USA},
  year         = {2017}
}

@inproceedings{NilsbackZ08,
  author       = {Maria{-}Elena Nilsback and
                  Andrew Zisserman},
  title        = {Automated Flower Classification over a Large Number of Classes},
  booktitle    = {ICVGIP},
  pages        = {722--729},
  address         = {Bhubaneswar, India},
  year         = {2008}
}

@inproceedings{LiL20,
  author       = {Xiang Lisa Li and
                  Percy Liang},
  title        = {Prefix-Tuning: Optimizing Continuous Prompts for Generation},
  booktitle    = {ACL},
  pages        = {4582--4597},
  address         = {Virtual},
  year         = {2021}
}

@inproceedings{LesterAC21,
  author       = {Brian Lester and
                  Rami Al{-}Rfou and
                  Noah Constant},
  title        = {The Power of Scale for Parameter-Efficient Prompt Tuning},
  booktitle    = {EMNLP},
  pages        = {3045--3059},
  address         = {Virtual},
  year         = {2021}
}

@article{abs-2304-15010,
  author       = {Peng Gao and
                  Jiaming Han and
                  Renrui Zhang and
                  Ziyi Lin and
                  Shijie Geng and
                  Aojun Zhou and
                  Wei Zhang and
                  Pan Lu and
                  Conghui He and
                  Xiangyu Yue and
                  Hongsheng Li and
                  Yu Qiao},
  title        = {LLaMA-Adapter {V2:} Parameter-Efficient Visual Instruction Model},
  journal      = {arXiv preprint arXiv:2304.15010},
  year         = {2023}
}

@article{Williams92,
  author       = {Ronald J. Williams},
  title        = {Simple Statistical Gradient-Following Algorithms for Connectionist
                  Reinforcement Learning},
  journal      = {Mach. Learn.},
  volume       = {8},
  pages        = {229--256},
  year         = {1992}
}

@article{abs-2303-16199,
  author       = {Renrui Zhang and
                  Jiaming Han and
                  Aojun Zhou and
                  Xiangfei Hu and
                  Shilin Yan and
                  Pan Lu and
                  Hongsheng Li and
                  Peng Gao and
                  Yu Qiao},
  title        = {LLaMA-Adapter: Efficient Fine-tuning of Language Models with Zero-init
                  Attention},
  journal      = {arXiv preprint arXiv:2303.16199},
  year         = {2023}
}

@article{abs-2302-14045,
  author       = {Shaohan Huang and
                  Li Dong and
                  Wenhui Wang and
                  Yaru Hao and
                  Saksham Singhal and
                  Shuming Ma and
                  Tengchao Lv and
                  Lei Cui and
                  Owais Khan Mohammed and
                  Barun Patra and
                  Qiang Liu and
                  Kriti Aggarwal and
                  Zewen Chi and
                  Johan Bjorck and
                  Vishrav Chaudhary and
                  Subhojit Som and
                  Xia Song and
                  Furu Wei},
  title        = {Language Is Not All You Need: Aligning Perception with Language Models},
  journal      = {arXiv preprint arXiv:2302.14045},
  year         = {2023}
}

@article{abs-2205-01068,
  author       = {Susan Zhang and
                  Stephen Roller and
                  Naman Goyal and
                  Mikel Artetxe and
                  Moya Chen and
                  Shuohui Chen and
                  Christopher Dewan and
                  Mona T. Diab and
                  Xian Li and
                  Xi Victoria Lin and
                  Todor Mihaylov and
                  Myle Ott and
                  Sam Shleifer and
                  Kurt Shuster and
                  Daniel Simig and
                  Punit Singh Koura and
                  Anjali Sridhar and
                  Tianlu Wang and
                  Luke Zettlemoyer},
  title        = {{OPT:} Open Pre-trained Transformer Language Models},
  journal      = {arXiv preprint arXiv:2205.01068},
  year         = {2022}
}

@inproceedings{EsserRO21,
  author       = {Patrick Esser and
                  Robin Rombach and
                  Bj{\"{o}}rn Ommer},
  title        = {Taming Transformers for High-Resolution Image Synthesis},
  booktitle    = {CVPR},
  address         = {Virtual},
  pages        = {12873--12883},
  year         = {2021}
}

@inproceedings{ZhangWZ18a,
  author       = {Quanshi Zhang and
                  Ying Nian Wu and
                  Song{-}Chun Zhu},
  title        = {Interpretable Convolutional Neural Networks},
  booktitle    = {CVPR},
  pages        = {8827--8836},
  year         = {2018}
}

@inproceedings{BauZKO017,
  author       = {David Bau and
                  Bolei Zhou and
                  Aditya Khosla and
                  Aude Oliva and
                  Antonio Torralba},
  title        = {Network Dissection: Quantifying Interpretability of Deep Visual Representations},
  booktitle    = {CVPR},
  pages        = {3319--3327},
  address         = {Honolulu, HI, USA},
  year         = {2017}
}

@inproceedings{ZhaoXYYZFQ17,
  author       = {Wei Zhao and
                  Wei Xu and
                  Min Yang and
                  Jianbo Ye and
                  Zhou Zhao and
                  Yabing Feng and
                  Yu Qiao},
  title        = {Dual Learning for Cross-domain Image Captioning},
  booktitle    = {CIKM},
  pages        = {29--38},
  address         = {Singapore},
  year         = {2017}
}

@inproceedings{perdana2019instance,
  title={Instance-based deep transfer learning on cross-domain image captioning},
  author={Perdana, Rizal Setya and Ishida, Yoshiteru},
  booktitle={IES},
  pages={24--30},
  year={2019}
}

@article{KrishnaZGJHKCKL17,
  author       = {Ranjay Krishna and
                  Yuke Zhu and
                  Oliver Groth and
                  Justin Johnson and
                  Kenji Hata and
                  Joshua Kravitz and
                  Stephanie Chen and
                  Yannis Kalantidis and
                  Li{-}Jia Li and
                  David A. Shamma and
                  Michael S. Bernstein and
                  Fei {-} Fei Li},
  title        = {Visual Genome: Connecting Language and Vision Using Crowdsourced Dense
                  Image Annotations},
  journal      = {Int. J. Comput. Vis.},
  volume       = {123},
  number       = {1},
  pages        = {32--73},
  year         = {2017}
}

@inproceedings{SoricutDSG18,
  author       = {Piyush Sharma and
                  Nan Ding and
                  Sebastian Goodman and
                  Radu Soricut},
  title        = {Conceptual Captions: {A} Cleaned, Hypernymed, Image Alt-text Dataset
                  For Automatic Image Captioning},
  booktitle    = {ACL},
  pages        = {2556--2565},
  address         = {Melbourne, Australia},
  year         = {2018}
}

@inproceedings{Chen0CPPSGGMB0P23,
  author       = {Xi Chen and
                  Xiao Wang and
                  Soravit Changpinyo and
                  A. J. Piergiovanni and
                  Piotr Padlewski and
                  Daniel Salz and
                  Sebastian Goodman and
                  Adam Grycner and
                  Basil Mustafa and
                  Lucas Beyer and
                  Alexander Kolesnikov and
                  Joan Puigcerver and
                  Nan Ding and
                  Keran Rong and
                  Hassan Akbari and
                  Gaurav Mishra and
                  Linting Xue and
                  Ashish V. Thapliyal and
                  James Bradbury and
                  Weicheng Kuo},
  title        = {PaLI: {A} Jointly-Scaled Multilingual Language-Image Model},
  booktitle    = {ICLR},
  address         = {Kigali, Rwanda},
  year         = {2023}
}

@inproceedings{OrdonezKB11,
  author       = {Vicente Ordonez and
                  Girish Kulkarni and
                  Tamara L. Berg},
  title        = {Im2Text: Describing Images Using 1 Million Captioned Photographs},
  booktitle    = {NeurIPS},
  address         = {Granada, Spain},
  pages        = {1143--1151},
  year         = {2011}
}

@article{abs-2111-02114,
  author       = {Christoph Schuhmann and
                  Richard Vencu and
                  Romain Beaumont and
                  Robert Kaczmarczyk and
                  Clayton Mullis and
                  Aarush Katta and
                  Theo Coombes and
                  Jenia Jitsev and
                  Aran Komatsuzaki},
  title        = {{LAION-400M:} Open Dataset of CLIP-Filtered 400 Million Image-Text
                  Pairs},
  journal      = {arXiv preprint arXiv:2111.02114},
  year         = {2021}
}

@inproceedings{ReedALS16,
  author       = {Scott E. Reed and
                  Zeynep Akata and
                  Honglak Lee and
                  Bernt Schiele},
  title        = {Learning Deep Representations of Fine-Grained Visual Descriptions},
  booktitle    = {CVPR},
  pages        = {49--58},
  address         = {NV, USA},
  year         = {2016}
}

@inproceedings{BossardGG14,
  author       = {Lukas Bossard and
                  Matthieu Guillaumin and
                  Luc Van Gool},
  title        = {Food-101 - Mining Discriminative Components with Random Forests},
  booktitle    = {ECCV},
  volume       = {8694},
  pages        = {446--461},
  address         = {Zurich, Switzerland},
  year         = {2014}
}

@inproceedings{Krause0DF13,
  author       = {Jonathan Krause and
                  Michael Stark and
                  Jia Deng and
                  Fei - Fei Li},
  title        = {3D Object Representations for Fine-Grained Categorization},
  booktitle    = {ICCV},
  pages        = {554--561},
  address         = {Sydney, Australia},
  year         = {2013}
}

@inproceedings{LoshchilovH19,
  author       = {Ilya Loshchilov and
                  Frank Hutter},
  title        = {Decoupled Weight Decay Regularization},
  booktitle    = {ICLR},
  address         = {LA, USA},
  year         = {2019}
}

@inproceedings{PapineniRWZ02,
	author    = {Kishore Papineni and
	Salim Roukos and
	Todd Ward and
	Wei{-}Jing Zhu},
	title     = {Bleu: a Method for Automatic Evaluation of Machine Translation},
	booktitle = {ACL},
	pages     = {311--318},
	address	  = {Philadelphia, US},
	year      = {2002},
}

@inproceedings{BanerjeeL05,
	author    = {Satanjeev Banerjee and
	Alon Lavie},
	title     = {{METEOR:} An Automatic Metric for {MT} Evaluation with Improved Correlation
	with Human Judgments},
	booktitle = {ACL},
	pages     = {65--72},
	address	  = {Michigan, US},
	year      = {2005},
}

@inproceedings{AndersonFJG16,
	author    = {Peter Anderson and
	Basura Fernando and
	Mark Johnson and
	Stephen Gould},
	title     = {{SPICE:} Semantic Propositional Image Caption Evaluation},
	booktitle = {ECCV}, 
	pages     = {382--398},
	address	  = {Amsterdam, US},
	year      = {2016},
}

@inproceedings{lin-2004-rouge,
    title = {{ROUGE}: A Package for Automatic Evaluation of Summaries},
    author = {ChinYew Lin},
    booktitle = {Text Summarization Branches Out},
    year = {2004},
    address = {Barcelona, Spain},
    pages = {74--81},
}

@inproceedings{VedantamZP15,
	author    = {Ramakrishna Vedantam and
	C. Lawrence Zitnick and
	Devi Parikh},
	title     = {CIDEr: Consensus-based image description evaluation},
	booktitle = {CVPR},
	pages     = {4566--4575},
	address	  = {Massachusetts, US},
	year      = {2015},
}

@inproceedings{BrownMRSKDNSSAA20,
  author       = {Tom B. Brown and
                  Benjamin Mann and
                  Nick Ryder and
                  Melanie Subbiah and
                  Jared Kaplan and
                  Prafulla Dhariwal and
                  Arvind Neelakantan and
                  Pranav Shyam and
                  Girish Sastry and
                  Amanda Askell and
                  Sandhini Agarwal and
                  Ariel Herbert{-}Voss and
                  Gretchen Krueger and
                  Tom Henighan and
                  Rewon Child and
                  Aditya Ramesh and
                  Daniel M. Ziegler and
                  Jeffrey Wu and
                  Clemens Winter and
                  Christopher Hesse and
                  Mark Chen and
                  Eric Sigler and
                  Mateusz Litwin and
                  Scott Gray and
                  Benjamin Chess and
                  Jack Clark and
                  Christopher Berner and
                  Sam McCandlish and
                  Alec Radford and
                  Ilya Sutskever and
                  Dario Amodei},
  title        = {Language Models are Few-Shot Learners},
  booktitle    = {NeurIPS},
  volume = {33},
  pages = {1877--1901},
  address         = {Virtual},
  year         = {2020}
}

@article{abs-2302-13971,
  author       = {Hugo Touvron and
                  Thibaut Lavril and
                  Gautier Izacard and
                  Xavier Martinet and
                  Marie{-}Anne Lachaux and
                  Timoth{\'{e}}e Lacroix and
                  Baptiste Rozi{\`{e}}re and
                  Naman Goyal and
                  Eric Hambro and
                  Faisal Azhar and
                  Aur{\'{e}}lien Rodriguez and
                  Armand Joulin and
                  Edouard Grave and
                  Guillaume Lample},
  title        = {LLaMA: Open and Efficient Foundation Language Models},
  journal      = {arXiv preprint arXiv:2302.13971},
  year         = {2023}
}

@inproceedings{WeiBZGYLDDL22,
  author       = {Jason Wei and
                  Maarten Bosma and
                  Vincent Y. Zhao and
                  Kelvin Guu and
                  Adams Wei Yu and
                  Brian Lester and
                  Nan Du and
                  Andrew M. Dai and
                  Quoc V. Le},
  title        = {Finetuned Language Models are Zero-Shot Learners},
  booktitle    = {ICLR},
  address         = {Virtual},
  year         = {2022}
}

@inproceedings{HoulsbyGJMLGAG19,
  author       = {Neil Houlsby and
                  Andrei Giurgiu and
                  Stanislaw Jastrzebski and
                  Bruna Morrone and
                  Quentin de Laroussilhe and
                  Andrea Gesmundo and
                  Mona Attariyan and
                  Sylvain Gelly},

  title        = {Parameter-Efficient Transfer Learning for {NLP}},
  booktitle    = {ICML},
  address         = {Long Beach, CA, USA},
  volume       = {97},
  pages        = {2790--2799},
  year         = {2019}
}

@article{RaffelSRLNMZLL20,
  author       = {Colin Raffel and
                  Noam Shazeer and
                  Adam Roberts and
                  Katherine Lee and
                  Sharan Narang and
                  Michael Matena and
                  Yanqi Zhou and
                  Wei Li and
                  Peter J. Liu},
  title        = {Exploring the Limits of Transfer Learning with a Unified Text-to-Text
                  Transformer},
  journal      = {J. Mach. Learn. Res.},
  volume       = {21},
  pages        = {140:1--140:67},
  year         = {2020}
}

@inproceedings{YunHCOYC19,
  author       = {Sangdoo Yun and
                  Dongyoon Han and
                  Sanghyuk Chun and
                  Seong Joon Oh and
                  Youngjoon Yoo and
                  Junsuk Choe},
  title        = {CutMix: Regularization Strategy to Train Strong Classifiers With Localizable
                  Features},
  booktitle    = {ICCV},
  pages        = {6022--6031},
  address         = {Seoul, Korea (South)},
  year         = {2019}
}

@article{radford2019language,
  title={Language models are unsupervised multitask learners},
  author={Radford, Alec and Wu, Jeffrey and Child, Rewon and Luan, David and Amodei, Dario and Sutskever, Ilya and others},
  journal={OpenAI blog},
  volume={1},
  number={8},
  pages={9},
  year={2019}
}

@article{vicuna2023,
    title = {Vicuna: An Open-Source Chatbot Impressing {GPT}-4 with 90\% {ChatGPT} Quality},
    author = {Chiang, Wei-Lin and Li, Zhuohan and Lin, Zi and Sheng, Ying and Wu, Zhanghao and Zhang, Hao and Zheng, Lianmin and Zhuang, Siyuan and Zhuang, Yonghao and Gonzalez, Joseph E. and Stoica, Ion and Xing, Eric P.},
    journal={Lmsys blog},
    month = {March},
    year = {2023}
}

@article{YangZGC23,
  author       = {Xu Yang and
                  Hanwang Zhang and
                  Chongyang Gao and
                  Jianfei Cai},
  title        = {Learning to Collocate Visual-Linguistic Neural Modules for Image Captioning},
  journal      = {Int. J. Comput. Vis.},
  volume       = {131},
  number       = {1},
  pages        = {82--100},
  year         = {2023}
}

@article{WuZL22,
  author       = {Xinxiao Wu and
                  Wentian Zhao and
                  Jiebo Luo},
  title        = {Learning Cooperative Neural Modules for Stylized Image Captioning},
  journal      = {Int. J. Comput. Vis.},
  volume       = {130},
  number       = {9},
  pages        = {2305--2320},
  year         = {2022}
}

@inproceedings{VinyalsTBE15,
	author    = {Oriol Vinyals and
	Alexander Toshev and
	Samy Bengio and
	Dumitru Erhan},
	title     = {Show and tell: {A} neural image caption generator},
	booktitle = {CVPR},
	pages     = {3156--3164},
	address	  = {Massachusetts, US},
	year      = {2015},
}

@article{abs-2305-10355,
  author       = {Yifan Li and
                  Yifan Du and
                  Kun Zhou and
                  Jinpeng Wang and
                  Wayne Xin Zhao and
                  Ji{-}Rong Wen},
  title        = {Evaluating Object Hallucination in Large Vision-Language Models},
  journal      = {arXiv preprint arXiv:2305.10355},
  year         = {2023}
}

@article{vanDerMaaten2008,
  author = {van der Maaten, Laurens and Hinton, Geoffrey},
  journal = {J. Mach. Learn. Res.},
  pages = {2579--2605},
  title = {Visualizing Data using {t-SNE} },
  volume = {9},
  number          = {11},
  year = 2008
}


@inproceedings{ren2023crossing,
  title={Crossing the Gap: Domain Generalization for Image Captioning},
  author={Ren, Yuchen and Mao, Zhendong and Fang, Shancheng and Lu, Yan and He, Tong and Du, Hao and Zhang, Yongdong and Ouyang, Wanli},
  booktitle={CVPR},
  pages={2871--2880},
  address  = {Vancouver, Canada},
  year={2023}
}

@inproceedings{LiCL19,
  author       = {Nannan Li and
                  Zhenzhong Chen and
                  Shan Liu},
  title        = {Meta Learning for Image Captioning},
  booktitle    = {AAAI},
  pages        = {8626--8633},
  address         = {Honolulu, HI, USA},
  year         = {2019}
}

@inproceedings{li2018image,
  title={Image Cationing with Visual-Semantic LSTM},
  author={Li, Nannan and Chen, Zhenzhong},
  booktitle={IJCAI},
  pages={793--799},
  address         = {Stockholm, Sweden},
  year={2018}
}

@article{abs-2003-10925,
  author       = {Nannan Li and
                  Zhenzhong Chen},
  title        = {Learning Compact Reward for Image Captioning},
  journal      = {arXiv preprint arXiv:2003.10925},
  year         = {2020}
}
@article{wang2004image,
  title={Image quality assessment: from error visibility to structural similarity},
  author={Wang, Zhou and Bovik, Alan C and Sheikh, Hamid R and Simoncelli, Eero P},
  journal={IEEE Transactions on Image Processing},
  volume={13},
  number={4},
  pages={600--612},
  year={2004},
  publisher={IEEE}
}
@report{vqeg_report_2011,
    author = {VQEG},
    title = {VQEG Final Report of HDTV Validation Test},
    year = {2010},
    note = {[online] Available: \url{http://www.vqeg.org}}
}
@article{LI2023103497,
title = {RS-CLIP: Zero shot remote sensing scene classification via contrastive vision-language supervision},
journal = {International Journal of Applied Earth Observation and Geoinformation},
volume = {124},
pages = {103497},
year = {2023},


author = {Xiang Li and Congcong Wen and Yuan Hu and Nan Zhou},
keywords = {Remote sensing scene classification, Vision-language model, CLIP, Pseudo labeling, Curriculum learning}
}
@ARTICLE{9258402,
  author={Liu, Rui and Mi, Li and Chen, Zhenzhong},
  journal={IEEE Transactions on Geoscience and Remote Sensing}, 
  title={AFNet: Adaptive Fusion Network for Remote Sensing Image Semantic Segmentation}, 
  year={2021},
  volume={59},
  number={9},
  pages={7871-7886},
  keywords={Image segmentation;Simultaneous localization and mapping;Adaptive systems;Semantics;Optical imaging;Labeling;Convolutional neural networks;Attention mechanism;convolutional neural network (CNN);semantic segmentation}}
@article{Cheng19052014,
author = {Jiehai Cheng, Yanchen Bo, Yuxin Zhu and Xiaole Ji},
title = {A novel method for assessing the segmentation quality of high-spatial resolution remote-sensing images},
journal = {International Journal of Remote Sensing},
volume = {35},
number = {10},
pages = {3816--3839},
year = {2014},
publisher = {Taylor \& Francis},

}
@article{WOODCOCK1987311,
title = {The factor of scale in remote sensing},
journal = {Remote Sensing of Environment},
volume = {21},
number = {3},
pages = {311-332},
year = {1987},


author = {Curtis E. Woodcock and Alan H. Strahler}
}
@article{articleroclv,
author = {Mingwei, Zhao},
year = {2012},
month = {01},
pages = {37-43},
title = {Optimal Scale Selection for DEM Based Slope Segmentation in the Loess Plateau},
volume = {3},
journal = {International Journal of Geosciences},

}
@article{Zhihua,
author = {Zhihua WANG},
author = {Fan MENG},
author = {Xiaomei YANG},
author = {Fengshuo YANG},
author = {Yu FANG},
title = {Study on the Automatic Selection of Segmentation Scale Parameters for High Spatial Resolution Remote Sensing Images},
publisher = {Journal of Geo-information Science},
year = {2016},
journal = {Journal of Geo-information Science},
volume = {18},
number = {5},
eid = {639},
pages = {639-648}


}
@article{article31666,
author = {Chen, Yangyang and Ming, Dongping and Zhao, Lu and Lv, Beiru and Zhou, Keqi and Qing, Yuanzhao},
year = {2018},
month = {10},
pages = {629-646},
title = {Review on High Spatial Resolution Remote Sensing Image Segmentation Evaluation},
volume = {84},
journal = {Photogrammetric Engineering \& Remote Sensing},

}
@article{Corcoran17022010,
author = {Padraig Corcoran, Adam Winstanley and Peter Mooney},
title = {Segmentation performance evaluation for object-based remotely sensed image analysis},
journal = {International Journal of Remote Sensing},
volume = {31},
number = {3},
pages = {617--645},
year = {2010},
publisher = {Taylor \& Francis},

}
@ARTICLE{8863379,
  author={Wu, Junzheng and Li, Biao and Ni, Weiping and Yan, Weidong and Zhang, Han},
  journal={IEEE Geoscience and Remote Sensing Letters}, 
  title={Optimal Segmentation Scale Selection for Object-Based Change Detection in Remote Sensing Images Using Kullback–Leibler Divergence}, 
  year={2020},
  volume={17},
  number={7},
  pages={1124-1128},
  keywords={Measurement;Merging;Image segmentation;Remote sensing;Task analysis;Nickel;Object recognition;Dempter–Shafer (DS) evidence;Kullback–Leibler (KL) divergence;object-based change detection (OBCD);optimal segmentation scale;remote sensing images}}
@Article{rs16162930,
AUTHOR = {Hanyu, Taisei and Yamazaki, Kashu and Tran, Minh and McCann, Roy A. and Liao, Haitao and Rainwater, Chase and Adkins, Meredith and Cothren, Jackson and Le, Ngan},
TITLE = {AerialFormer: Multi-Resolution Transformer for Aerial Image Segmentation},
JOURNAL = {Remote Sensing},
VOLUME = {16},
YEAR = {2024},
NUMBER = {16},
ARTICLE-NUMBER = {2930},

}
@article{MOLLER2007311,
title = {The comparison index: A tool for assessing the accuracy of image segmentation},
journal = {International Journal of Applied Earth Observation and Geoinformation},
volume = {9},
number = {3},
pages = {311-321},
year = {2007},


author = {M. Möller and L. Lymburner and M. Volk}
}
@article{article333,
author = {Zhan, Q. and Molenaar, Martien and Tempfli, Klaus and Shi, Wenzhong},
year = {2005},
month = {07},
pages = {2953-2974},
title = {Quality assessment for geo-spatial objects derived from remotely sensed data},
volume = {26},
journal = {International Journal of Remote Sensing - INT J REMOTE SENS},

}
@article{YANG2015186,
title = {A discrepancy measure for segmentation evaluation from the perspective of object recognition},
journal = {ISPRS Journal of Photogrammetry and Remote Sensing},
volume = {101},
pages = {186-192},
year = {2015},
author = {Jian Yang and Yuhong He and John Caspersen and Trevor Jones}
}
@article{ZHANG201573,
title = {Segmentation quality evaluation using region-based precision and recall measures for remote sensing images},
journal = {ISPRS Journal of Photogrammetry and Remote Sensing},
volume = {102},
pages = {73-84},
year = {2015},


author = {Xueliang Zhang and Xuezhi Feng and Pengfeng Xiao and Guangjun He and Liujun Zhu}
}
@article{LIU2012144,
title = {Discrepancy measures for selecting optimal combination of parameter values in object-based image analysis},
journal = {ISPRS Journal of Photogrammetry and Remote Sensing},
volume = {68},
pages = {144-156},
year = {2012},


author = {Yong Liu and Ling Bian and Yuhong Meng and Huanping Wang and Shifu Zhang and Yining Yang and Xiaomin Shao and Bo Wang}
}
@article{SU2017256,
title = {Local and global evaluation for remote sensing image segmentation},
journal = {ISPRS Journal of Photogrammetry and Remote Sensing},
volume = {130},
pages = {256-276},
year = {2017},


author = {Tengfei Su and Shengwei Zhang}
}
@article{article222,
author = {Clinton, Nicholas and Holt, Ashley and Scarborough, James and Yan, Li and Gong, Peng},
year = {2010},
month = {03},
pages = {289-299},
title = {Accuracy Assessment Measures for Object-based Image Segmentation Goodness},
volume = {76},
journal = {Photogrammetric Engineering \& Remote Sensing},

}
@article{article,
author = {Weidner, Uwe},
year = {2008},
month = {01},
pages = {},
title = {Contribution to the assessment of segmentation quality for remote sensing applications},
volume = {37},
journal = {International Archives of Photogrammetry and Remote Sensing}
}
@article{Zhang2018RiskSensAM,
  title={RiskSens: A Multi-view Learning Approach to Identifying Risky Traffic Locations in Intelligent Transportation Systems Using Social and Remote Sensing},
  author={Yang Zhang and Yiwen Lu and Daniel Yue Zhang and Lanyu Shang and Dong Wang},
  journal={2018 IEEE International Conference on Big Data (Big Data)},
  year={2018},
  pages={1544-1553}
}
@INPROCEEDINGS{7789580,
  author={Kampffmeyer, Michael and Salberg, Arnt-Børre and Jenssen, Robert},
  booktitle={2016 IEEE Conference on Computer Vision and Pattern Recognition Workshops (CVPRW)}, 
  title={Semantic Segmentation of Small Objects and Modeling of Uncertainty in Urban Remote Sensing Images Using Deep Convolutional Neural Networks}, 
  year={2016},
  volume={},
  number={},
  pages={680-688},
 }
@ARTICLE{7891032,
  author={Kussul, Nataliia and Lavreniuk, Mykola and Skakun, Sergii and Shelestov, Andrii},
  journal={IEEE Geoscience and Remote Sensing Letters}, 
  title={Deep Learning Classification of Land Cover and Crop Types Using Remote Sensing Data}, 
  year={2017},
  volume={14},
  number={5},
  pages={778-782},
 }
@ARTICLE{8429050,
  author={Yu, Bo and Yang, Lu and Chen, Fang},
  journal={IEEE Journal of Selected Topics in Applied Earth Observations and Remote Sensing}, 
  title={Semantic Segmentation for High Spatial Resolution Remote Sensing Images Based on Convolution Neural Network and Pyramid Pooling Module}, 
  year={2018},
  volume={11},
  number={9},
  pages={3252-3261},
  }
@article{diederik2014adam,
  title={Adam: A method for stochastic optimization},
  author={Diederik, P Kingma},
  journal={(No Title)},
  year={2014}
}
@inproceedings{kuckreja2024geochat,
  title={Geochat: Grounded large vision-language model for remote sensing},
  author={Kuckreja, Kartik and Danish, Muhammad Sohail and Naseer, Muzammal and Das, Abhijit and Khan, Salman and Khan, Fahad Shahbaz},
  booktitle={Proceedings of the IEEE/CVF Conference on Computer Vision and Pattern Recognition},
  pages={27831--27840},
  year={2024}
}
@ARTICLE{9782149,
  author={Wang, Di and Zhang, Jing and Du, Bo and Xia, Gui-Song and Tao, Dacheng},
  journal={IEEE Transactions on Geoscience and Remote Sensing}, 
  title={An Empirical Study of Remote Sensing Pretraining}, 
  year={2023},
  volume={61},
  number={},
  pages={1-20},
 }
@article{ferzli2009no,
  title={A no-reference objective image sharpness metric based on the notion of just noticeable blur (JNB)},
  author={Ferzli, Rony and Karam, Lina J},
  journal={IEEE Transactions on Image Processing},
  volume={18},
  number={4},
  pages={717--728},
  year={2009},
  publisher={IEEE}
}
@inproceedings{varadarajan2008improved,
  title={An improved perception-based no-reference objective image sharpness metric using iterative edge refinement},
  author={Varadarajan, Srenivas and Karam, Lina J},
  booktitle={2008 15th IEEE international conference on image processing},
  pages={401--404},
  year={2008},
  organization={IEEE}
}
@ARTICLE{6272356,
  author={Mittal, Anish and Moorthy, Anush Krishna and Bovik, Alan Conrad},
  journal={IEEE Transactions on Image Processing}, 
  title={No-Reference Image Quality Assessment in the Spatial Domain}, 
  year={2012},
  volume={21},
  number={12},
  pages={4695-4708},
  }
@inproceedings{li2023blip,
  title={Blip-2: Bootstrapping language-image pre-training with frozen image encoders and large language models},
  author={Li, Junnan and Li, Dongxu and Savarese, Silvio and Hoi, Steven},
  booktitle={International Conference on Machine Learning},
  pages={19730--19742},
  year={2023},
  organization={PMLR}
}
@inproceedings{ke2021musiq,
  title={Musiq: Multi-scale image quality transformer},
  author={Ke, Junjie and Wang, Qifei and Wang, Yilin and Milanfar, Peyman and Yang, Feng},
  booktitle={Proceedings of the IEEE/CVF International Conference on Computer Vision},
  pages={5148--5157},
  year={2021}
}
@inproceedings{yang2022maniqa,
  title={Maniqa: Multi-dimension attention network for no-reference image quality assessment},
  author={Yang, Sidi and Wu, Tianhe and Shi, Shuwei and Lao, Shanshan and Gong, Yuan and Cao, Mingdeng and Wang, Jiahao and Yang, Yujiu},
  booktitle={Proceedings of the IEEE/CVF Conference on Computer Vision and Pattern Recognition},
  pages={1191--1200},
  year={2022}
}
@article{li2022a2,
  title={A2-FPN for semantic segmentation of fine-resolution remotely sensed images},
  author={Li, Rui and Wang, Libo and Zhang, Ce and Duan, Chenxi and Zheng, Shunyi},
  journal={International Journal of Remote Sensing},
  volume={43},
  number={3},
  pages={1131--1155},
  year={2022},
  publisher={Taylor \& Francis}
}
@inproceedings{qin2023data,
  title={Data-efficient image quality assessment with attention-panel decoder},
  author={Qin, Guanyi and Hu, Runze and Liu, Yutao and Zheng, Xiawu and Liu, Haotian and Li, Xiu and Zhang, Yan},
  booktitle={Proceedings of the AAAI Conference on Artificial Intelligence},
  volume={37},
  number={2},
  pages={2091--2100},
  year={2023}
}
@inproceedings{su2020blindly,
  title={Blindly assess image quality in the wild guided by a self-adaptive hyper network},
  author={Su, Shaolin and Yan, Qingsen and Zhu, Yu and Zhang, Cheng and Ge, Xin and Sun, Jinqiu and Zhang, Yanning},
  booktitle={Proceedings of the IEEE/CVF Conference on Computer Vision and Pattern Recognition},
  pages={3667--3676},
  year={2020}
}
@ARTICLE{6172573,
  author={Saad, Michele A. and Bovik, Alan C. and Charrier, Christophe},
  journal={IEEE Transactions on Image Processing}, 
  title={Blind Image Quality Assessment: A Natural Scene Statistics Approach in the DCT Domain}, 
  year={2012},
  volume={21},
  number={8},
  pages={3339-3352}}
@article{saad2012blind,
  title={Blind image quality assessment: A natural scene statistics approach in the DCT domain},
  author={Saad, Michele A and Bovik, Alan C and Charrier, Christophe},
  journal={IEEE Transactions on Image Processing},
  volume={21},
  number={8},
  pages={3339--3352},
  year={2012},
  publisher={IEEE}
}
@article{moorthy2011blind,
  title={Blind image quality assessment: From natural scene statistics to perceptual quality},
  author={Moorthy, Anush Krishna and Bovik, Alan Conrad},
  journal={IEEE Transactions on Image Processing},
  volume={20},
  number={12},
  pages={3350--3364},
  year={2011},
  publisher={IEEE}
}
@inproceedings{fang2020perceptual,
  title={Perceptual quality assessment of smartphone photography},
  author={Fang, Yuming and Zhu, Hanwei and Zeng, Yan and Ma, Kede and Wang, Zhou},
  booktitle={Proceedings of the IEEE/CVF Conference on Computer Vision and Pattern Recognition},
  pages={3677--3686},
  year={2020}
}

@article{talebi2018nima,
  title={NIMA: Neural image assessment},
  author={Talebi, Hossein and Milanfar, Peyman},
  journal={IEEE Transactions on Image Processing},
  volume={27},
  number={8},
  pages={3998--4011},
  year={2018},
  publisher={IEEE}
}
@inproceedings{ying2020patches,
  title={From patches to pictures (PaQ-2-PiQ): Mapping the perceptual space of picture quality},
  author={Ying, Zhenqiang and Niu, Haoran and Gupta, Praful and Mahajan, Dhruv and Ghadiyaram, Deepti and Bovik, Alan},
  booktitle={Proceedings of the IEEE/CVF Conference on Computer Vision and Pattern Recognition},
  pages={3575--3585},
  year={2020}
}
@article{zhang2018blind,
  title={Blind image quality assessment using a deep bilinear convolutional neural network},
  author={Zhang, Weixia and Ma, Kede and Yan, Jia and Deng, Dexiang and Wang, Zhou},
  journal={IEEE Transactions on Circuits and Systems for Video Technology},
  volume={30},
  number={1},
  pages={36--47},
  year={2018},
  publisher={IEEE}
}
@inproceedings{ke2021musiq,
  title={Musiq: Multi-scale image quality transformer},
  author={Ke, Junjie and Wang, Qifei and Wang, Yilin and Milanfar, Peyman and Yang, Feng},
  booktitle={Proceedings of the IEEE/CVF International Conference on Computer Vision},
  pages={5148--5157},
  year={2021}
}
@inproceedings{you2021transformer,
  title={Transformer for image quality assessment},
  author={You, Junyong and Korhonen, Jari},
  booktitle={2021 IEEE international conference on image processing (ICIP)},
  pages={1389--1393},
  year={2021},
  organization={IEEE}
}
@inproceedings{cheon2021perceptual,
  title={Perceptual image quality assessment with transformers},
  author={Cheon, Manri and Yoon, Sung-Jun and Kang, Byungyeon and Lee, Junwoo},
  booktitle={Proceedings of the IEEE/CVF Conference on Computer Vision and Pattern Recognition},
  pages={433--442},
  year={2021}
}
@article{chen2024topiq,
  title={Topiq: A top-down approach from semantics to distortions for image quality assessment},
  author={Chen, Chaofeng and Mo, Jiadi and Hou, Jingwen and Wu, Haoning and Liao, Liang and Sun, Wenxiu and Yan, Qiong and Lin, Weisi},
  journal={IEEE Transactions on Image Processing},
  year={2024},
  publisher={IEEE}
}

@inproceedings{wang2023exploring,
  title={Exploring clip for assessing the look and feel of images},
  author={Wang, Jianyi and Chan, Kelvin CK and Loy, Chen Change},
  booktitle={Proceedings of the AAAI Conference on Artificial Intelligence},
  volume={37},
  number={2},
  pages={2555--2563},
  year={2023}
}
@article{zhou2022learning,
  title={Learning to prompt for vision-language models},
  author={Zhou, Kaiyang and Yang, Jingkang and Loy, Chen Change and Liu, Ziwei},
  journal={International Journal of Computer Vision},
  volume={130},
  number={9},
  pages={2337--2348},
  year={2022},
  publisher={Springer}
}
@inproceedings{zhang2023blind,
  title={Blind image quality assessment via vision-language correspondence: A multitask learning perspective},
  author={Zhang, Weixia and Zhai, Guangtao and Wei, Ying and Yang, Xiaokang and Ma, Kede},
  booktitle={Proceedings of the IEEE/CVF Conference on Computer Vision and Pattern Recognition},
  pages={14071--14081},
  year={2023}
}

@article{wu2023q,
  title={Q-align: Teaching lmms for visual scoring via discrete text-defined levels},
  author={Wu, Haoning and Zhang, Zicheng and Zhang, Weixia and Chen, Chaofeng and Liao, Liang and Li, Chunyi and Gao, Yixuan and Wang, Annan and Zhang, Erli and Sun, Wenxiu and others},
  journal={arXiv preprint arXiv:2312.17090},
  year={2023}
}
@article{zhou2024uniqa,
  title={UniQA: Unified Vision-Language Pre-training for Image Quality and Aesthetic Assessment},
  author={Zhou, Hantao and Tang, Longxiang and Yang, Rui and Qin, Guanyi and Zhang, Yan and Hu, Runze and Li, Xiu},
  journal={arXiv preprint arXiv:2406.01069},
  year={2024}
}
@inproceedings{xia2015quality,
  title={Quality assessment for remote sensing images: approaches and applications},
  author={Xia, Yatong and Chen, Zhenzhong},
  booktitle={2015 IEEE International Conference on Systems, Man, and Cybernetics},
  pages={1029--1034},
  year={2015},
  organization={IEEE}
}
@INPROCEEDINGS{6727740,
  author={Reulke, Ralf and Eckardt, Andreas},
  booktitle={2013 Seventh International Conference on Sensing Technology (ICST)}, 
  title={Image quality and image resolution}, 
  year={2013},
  volume={},
  number={},
  pages={682-685}}
@article{eskicioglu1995image,
  title={Image quality measures and their performance},
  author={Eskicioglu, Ahmet M and Fisher, Paul S},
  journal={IEEE Transactions on communications},
  volume={43},
  number={12},
  pages={2959--2965},
  year={1995},
  publisher={IEEE}
}
@inproceedings{li2013remote,
  title={Remote sensing image quality assessment based on fractal theory},
  author={Li, Congli and Lu, Wenjun and Xue, Song and Shi, Yongchang},
  booktitle={Fifth International Conference on Digital Image Processing (Icdip 2013)},
  volume={8878},
  pages={171--174},
  year={2013},
  organization={SPIE}
}
@article{ravi2024sam2,
  title={SAM 2: Segment Anything in Images and Videos},
  author={Ravi, Nikhila and Gabeur, Valentin and Hu, Yuan-Ting and Hu, Ronghang and Ryali, Chaitanya and Ma, Tengyu and Khedr, Haitham and R{\"a}dle, Roman and Rolland, Chloe and Gustafson, Laura and Mintun, Eric and Pan, Junting and Alwala, Kalyan Vasudev and Carion, Nicolas and Wu, Chao-Yuan and Girshick, Ross and Doll{\'a}r, Piotr and Feichtenhofer, Christoph},
  journal={arXiv preprint arXiv:2408.00714},
  url={https://arxiv.org/abs/2408.00714},
  year={2024}
}
@inproceedings{waqas2019isaid,
  title={isaid: A large-scale dataset for instance segmentation in aerial images},
  author={Waqas Zamir, Syed and Arora, Aditya and Gupta, Akshita and Khan, Salman and Sun, Guolei and Shahbaz Khan, Fahad and Zhu, Fan and Shao, Ling and Xia, Gui-Song and Bai, Xiang},
  booktitle={Proceedings of the IEEE/CVF Conference on Computer Vision and Pattern Recognition Workshops},
  pages={28--37},
  year={2019}
}
@inproceedings{zhai2006effects,
  title={Effects of JPEG2000 compression on remote sensing image quality},
  author={Zhai, L and Xinming, Tang and Lin, Li},
  booktitle={2006 IEEE International Symposium on Geoscience and Remote Sensing},
  pages={3297--3300},
  year={2006},
  organization={IEEE}
}
@article{chen2019effects,
  title={Effects of compression on remote sensing image classification based on fractal analysis},
  author={Chen, Zhenzhong and Hu, Ye and Zhang, Yingxue},
  journal={IEEE Transactions on Geoscience and Remote Sensing},
  volume={57},
  number={7},
  pages={4577--4590},
  year={2019},
  publisher={IEEE}
}
@inproceedings{tu2022maxim,
  title={Maxim: Multi-axis mlp for image processing},
  author={Tu, Zhengzhong and Talebi, Hossein and Zhang, Han and Yang, Feng and Milanfar, Peyman and Bovik, Alan and Li, Yinxiao},
  booktitle={Proceedings of the IEEE/CVF Conference on Computer Vision and Pattern Recognition},
  pages={5769--5780},
  year={2022}
}
@article{irvine2003national,
  title={National imagery interpretability rating scales (NIIRS)},
  author={Irvine, John M},
  journal={Encyclopedia of Optical Engineering},
  volume={1},
  pages={1442--1456},
  year={2003},
  publisher={Marcel Dekker}
}
@article{zhu2012object,
  title={Object-based cloud and cloud shadow detection in Landsat imagery},
  author={Zhu, Zhe and Woodcock, Curtis E},
  journal={Remote sensing of environment},
  volume={118},
  pages={83--94},
  year={2012},
  publisher={Elsevier}
}
@article{yu2024intelligent,
  title={An intelligent remote sensing image quality inspection system},
  author={Yu, Yijiong and Wang, Tao and Ran, Kang and Li, Chang and Wu, Hao},
  journal={IET Image Processing},
  volume={18},
  number={3},
  pages={678--693},
  year={2024},
  publisher={Wiley Online Library}
}
@article{ji2018fully,
  title={Fully convolutional networks for multisource building extraction from an open aerial and satellite imagery data set},
  author={Ji, Shunping and Wei, Shiqing and Lu, Meng},
  journal={IEEE Transactions on Geoscience and Remote Sensing},
  volume={57},
  number={1},
  pages={574--586},
  year={2018},
  publisher={IEEE}
}
@inproceedings{yuanqiang2020guided,
  title={Guided attention network for object detection and counting on drones},
  author={YuanQiang, Cai and Du, Dawei and Zhang, Libo and Wen, Longyin and Wang, Weiqiang and Wu, Yanjun and Lyu, Siwei},
  booktitle={Proceedings of the 28th ACM international conference on multimedia},
  pages={709--717},
  year={2020}
}
@inproceedings{li2022oriented,
  title={Oriented reppoints for aerial object detection},
  author={Li, Wentong and Chen, Yijie and Hu, Kaixuan and Zhu, Jianke},
  booktitle={Proceedings of the IEEE/CVF Conference on Computer Vision and Pattern Recognition},
  pages={1829--1838},
  year={2022}
}
@inproceedings{yang2019reppoints,
  title={Reppoints: Point set representation for object detection},
  author={Yang, Ze and Liu, Shaohui and Hu, Han and Wang, Liwei and Lin, Stephen},
  booktitle={Proceedings of the IEEE/CVF International Conference on Computer Vision},
  pages={9657--9666},
  year={2019}
}
@inproceedings{hsieh2017drone,
  title={Drone-based object counting by spatially regularized regional proposal network},
  author={Hsieh, Meng-Ru and Lin, Yen-Liang and Hsu, Winston H},
  booktitle={Proceedings of the IEEE international conference on computer vision},
  pages={4145--4153},
  year={2017}
}
@inproceedings{zand2022multiscale,
  title={Multiscale crowd counting and localization by multitask point supervision},
  author={Zand, Mohsen and Damirchi, Haleh and Farley, Andrew and Molahasani, Mahdiyar and Greenspan, Michael and Etemad, Ali},
  booktitle={ICASSP 2022-2022 IEEE International Conference on Acoustics, Speech and Signal Processing (ICASSP)},
  pages={1820--1824},
  year={2022},
  organization={IEEE}
}
@inproceedings{lin2017refinenet,
  title={Refinenet: Multi-path refinement networks for high-resolution semantic segmentation},
  author={Lin, Guosheng and Milan, Anton and Shen, Chunhua and Reid, Ian},
  booktitle={Proceedings of the IEEE/CVF Conference on Computer Vision and Pattern Recognition},
  pages={1925--1934},
  year={2017}
}
@article{bang2013manet,
  title={MANET: History, challenges and applications},
  author={Bang, Ankur O and Ramteke, Prabhakar L},
  journal={International Journal of Application or Innovation in Engineering \& Management (IJAIEM)},
  volume={2},
  number={9},
  pages={249--251},
  year={2013}
}
@ARTICLE{9487010,
  author={Li, Rui and Zheng, Shunyi and Zhang, Ce and Duan, Chenxi and Su, Jianlin and Wang, Libo and Atkinson, Peter M.},
  journal={IEEE Transactions on Geoscience and Remote Sensing}, 
  title={Multiattention Network for Semantic Segmentation of Fine-Resolution Remote Sensing Images}, 
  year={2022},
  volume={60},
  number={},
  pages={1-13}}
@article{cha2023billion,
  title={A billion-scale foundation model for remote sensing images},
  author={Cha, Keumgang and Seo, Junghoon and Lee, Taekyung},
  journal={IEEE Journal of Selected Topics in Applied Earth Observations and Remote Sensing},
  year={2024}
}
@article{mittal2012no,
  title={No-reference image quality assessment in the spatial domain},
  author={Mittal, Anish and Moorthy, Anush Krishna and Bovik, Alan Conrad},
  journal={IEEE Transactions on Image Processing},
  volume={21},
  number={12},
  pages={4695--4708},
  year={2012},
  publisher={IEEE}
}
@article{chabillon,
  publtype={informal},
  author={Keumgang Cha and Junghoon Seo and Taekyung Lee},
  title={A Billion-scale Foundation Model for Remote Sensing Images},
  year={2023},
  cdate={1672531200000},
  journal={CoRR},
  volume={abs/2304.05215}
}
@InProceedings{LHRS-Bot,
author="Muhtar, Dilxat and Li, Zhenshi and Gu, Feng and Zhang, Xueliang and Xiao, Pengfeng",
title="LHRS-Bot: Empowering Remote Sensing with VGI-Enhanced Large Multimodal Language Model",
booktitle="Computer Vision -- ECCV 2024",
year="2025",
publisher="Springer Nature Switzerland",
address="Cham",
pages="440--457"
}
@article{articlers5m,
author = {Zhang, Zilun and Zhao, Tiancheng and Guo, Yulong and Yin, Jianwei},
year = {2024},
month = {01},
pages = {1-1},
title = {RS5M and GeoRSCLIP: A Large-Scale Vision- Language Dataset and a Large Vision-Language Model for Remote Sensing},
volume = {PP},
journal = {IEEE Transactions on Geoscience and Remote Sensing},

}
@article{wang2021transformer,
  title={Transformer meets convolution: A bilateral awareness network for semantic segmentation of very fine resolution urban scene images},
  author={Wang, Libo and Li, Rui and Wang, Dongzhi and Duan, Chenxi and Wang, Teng and Meng, Xiaoliang},
  journal={Remote Sensing},
  volume={13},
  number={16},
  pages={3065},
  year={2021},
  publisher={MDPI}
}


@unknown{unknown,
author = {Yuan, Kun and Liu, Hongbo and Li, Mading and Sun, Muyi and Sun, Ming and Gong, Jiachao and Hao, Jinhua and Zhou, Chao and Tang, Yansong},
year = {2024},
month = {05},
pages = {},
title = {PTM-VQA: Efficient Video Quality Assessment Leveraging Diverse PreTrained Models from the Wild},

}
@ARTICLE{10005113,
  author={Zhang, Yuxiang and Zhang, Mengmeng and Li, Wei and Wang, Shuai and Tao, Ran},
  journal={IEEE Transactions on Geoscience and Remote Sensing}, 
  title={Language-Aware Domain Generalization Network for Cross-Scene Hyperspectral Image Classification}, 
  year={2023},
  volume={61},
  number={},
  pages={1-12}}

@inproceedings{wang2021pyramid,
  title={Pyramid vision transformer: A versatile backbone for dense prediction without convolutions},
  author={Wang, Wenhai and Xie, Enze and Li, Xiang and Fan, Deng-Ping and Song, Kaitao and Liang, Ding and Lu, Tong and Luo, Ping and Shao, Ling},
  booktitle={Proceedings of the IEEE/CVF International Conference on Computer Vision},
  pages={568--578},
  year={2021}
}
@article{chen2021transunet,
  title={Transunet: Transformers make strong encoders for medical image segmentation},
  author={Chen, Jieneng and Lu, Yongyi and Yu, Qihang and Luo, Xiangde and Adeli, Ehsan and Wang, Yan and Lu, Le and Yuille, Alan L and Zhou, Yuyin},
  journal={arXiv preprint arXiv:2102.04306},
  year={2021}
}
@inproceedings{strudel2021segmenter,
  title={Segmenter: Transformer for semantic segmentation},
  author={Strudel, Robin and Garcia, Ricardo and Laptev, Ivan and Schmid, Cordelia},
  booktitle={Proceedings of the IEEE/CVF International Conference on Computer Vision},
  pages={7262--7272},
  year={2021}
}
@article{cui2020sanet,
  title={SANet: A sea--land segmentation network via adaptive multiscale feature learning},
  author={Cui, Binge and Jing, Wei and Huang, Ling and Li, Zhongrui and Lu, Yan},
  journal={IEEE Journal of Selected Topics in Applied Earth Observations and Remote Sensing},
  volume={14},
  pages={116--126},
  year={2020},
  publisher={IEEE}
}
@article{guo2020multi,
  title={A multi-scale water extraction convolutional neural network (MWEN) method for GaoFen-1 remote sensing images},
  author={Guo, Hongxiang and He, Guojin and Jiang, Wei and Yin, Ranyu and Yan, Lei and Leng, Wanchun},
  journal={ISPRS International Journal of Geo-Information},
  volume={9},
  number={4},
  pages={189},
  year={2020},
  publisher={MDPI}
}
@inproceedings{zhao2017pyramid,
  title={Pyramid scene parsing network},
  author={Zhao, Hengshuang and Shi, Jianping and Qi, Xiaojuan and Wang, Xiaogang and Jia, Jiaya},
  booktitle={Proceedings of the IEEE/CVF Conference on Computer Vision and Pattern Recognition},
  pages={2881--2890},
  year={2017}
}
@article{song2020semantic,
  title={Semantic segmentation of remote-sensing imagery using heterogeneous big data: International society for photogrammetry and remote sensing potsdam and cityscape datasets},
  author={Song, Ahram and Kim, Yongil},
  journal={ISPRS International Journal of Geo-Information},
  volume={9},
  number={10},
  pages={601},
  year={2020},
  publisher={MDPI}
}

@inproceedings{bona2019semantic,
  title={Semantic segmentation and segmentation refinement using machine learning case study: Water turbidity segmentation},
  author={Bona, Daniel Sande and Murni, Aniati and Mursanto, Petrus},
  booktitle={2019 IEEE International Conference on Aerospace Electronics and Remote Sensing Technology (ICARES)},
  pages={1--5},
  year={2019},
  organization={IEEE}
}
@inproceedings{ronneberger2015u,
  title={U-net: Convolutional networks for biomedical image segmentation},
  author={Ronneberger, Olaf and Fischer, Philipp and Brox, Thomas},
  booktitle={Medical Image Computing and Computer-Assisted Intervention MICCAI International Conference},
  pages={234--241},
  year={2015},
  organization={Springer}
}
@inproceedings{kniaz2019deep,
  title={Deep learning for dense labeling of hydrographic regions in very high resolution imagery},
  author={Kniaz, Vladimir V},
  booktitle={Image and Signal Processing for Remote Sensing XXV},
  volume={11155},
  pages={283--292},
  year={2019},
  organization={SPIE}
}
@article{zhang2017translation,
  title={Translation-aware semantic segmentation via conditional least-square generative adversarial networks},
  author={Zhang, Mi and Hu, Xiangyun and Zhao, Like and Pang, Shiyan and Gong, Jinqi and Luo, Min},
  journal={Journal of Applied Remote Sensing},
  volume={11},
  number={4},
  pages={042622--042622},
  year={2017},
  publisher={Society of Photo-Optical Instrumentation Engineers}
}
@article{chen2017deeplab,
  title={Deeplab: Semantic image segmentation with deep convolutional nets, atrous convolution, and fully connected crfs},
  author={Chen, Liang-Chieh and Papandreou, George and Kokkinos, Iasonas and Murphy, Kevin and Yuille, Alan L},
  journal={IEEE Transactions on Pattern Analysis and Machine Intelligence},
  volume={40},
  number={4},
  pages={834--848},
  year={2017},
  publisher={IEEE}
}

@article{zhang2021rest,
  title={Rest: An efficient transformer for visual recognition},
  author={Zhang, Qinglong and Yang, Yu-Bin},
  journal={Advances in Neural Information Processing Systems},
  volume={34},
  pages={15475--15485},
  year={2021}
}
@ARTICLE{9076866,
  author={Mou, Lichao and Hua, Yuansheng and Zhu, Xiao Xiang},
  journal={IEEE Transactions on Geoscience and Remote Sensing}, 
  title={Relation Matters: Relational Context-Aware Fully Convolutional Network for Semantic Segmentation of High-Resolution Aerial Images}, 
  year={2020},
  volume={58},
  number={11},
  pages={7557-7569}}
@article{chen2018symmetrical,
  title={Symmetrical dense-shortcut deep fully convolutional networks for semantic segmentation of very-high-resolution remote sensing images},
  author={Chen, Guanzhou and Zhang, Xiaodong and Wang, Qing and Dai, Fan and Gong, Yuanfu and Zhu, Kun},
  journal={IEEE Journal of Selected Topics in Applied Earth Observations and Remote Sensing},
  volume={11},
  number={5},
  pages={1633--1644},
  year={2018},
  publisher={IEEE}
}
@article{fu2017classification,
  title={Classification for high resolution remote sensing imagery using a fully convolutional network},
  author={Fu, Gang and Liu, Changjun and Zhou, Rong and Sun, Tao and Zhang, Qijian},
  journal={Remote Sensing},
  volume={9},
  number={5},
  pages={498},
  year={2017},
  publisher={MDPI}
}
@article{wei2021effects,
  title={Effects of lossy compression on remote sensing image classification based on convolutional sparse coding},
  author={Wei, Jingru and Mi, Li and Hu, Ye and Ling, Jing and Li, Yawen and Chen, Zhenzhong},
  journal={IEEE Geoscience and Remote Sensing Letters},
  volume={19},
  pages={1--5},
  year={2021},
  publisher={IEEE}
}
@inproceedings{shi2023lightweight,
  title={A Lightweight No-reference Video Quality Assessment Method},
  author={Shi, Huiying and Hu, Yaosi and Zhang, Yingxue and Chen, Zhenzhong},
  booktitle={2023 IEEE International Conference on Visual Communications and Image Processing (VCIP)},
  pages={1--5},
  year={2023},
  organization={IEEE}
}
@article{jozdani2020versatility,
  title={On the versatility of popular and recently proposed supervised evaluation metrics for segmentation quality of remotely sensed images: An experimental case study of building extraction},
  author={Jozdani, Shahab and Chen, Dongmei},
  journal={ISPRS Journal of Photogrammetry and Remote Sensing},
  volume={160},
  pages={275--290},
  year={2020},
  publisher={Elsevier}
}
@article{jozdani2018regression,
  title={A regression modelling approach for optimizing segmentation scale parameters to extract buildings of different sizes},
  author={Jozdani, Shahab E and Momeni, Mehdi and Johnson, Brian A and Sattari, Mehran},
  journal={International Journal of Remote Sensing},
  volume={39},
  number={3},
  pages={684--703},
  year={2018},
  publisher={Taylor \& Francis}
}
@article{drǎguct2010esp,
  title={ESP: a tool to estimate scale parameter for multiresolution image segmentation of remotely sensed data},
  author={Drǎgu{\c{t}}, Lucian and Tiede, Dirk and Levick, Shaun R},
  journal={International Journal of Geographical Information Science},
  volume={24},
  number={6},
  pages={859--871},
  year={2010},
  publisher={Taylor \& Francis}
}
@article{wang2022novel,
  title={A novel transformer based semantic segmentation scheme for fine-resolution remote sensing images},
  author={Wang, Libo and Li, Rui and Duan, Chenxi and Zhang, Ce and Meng, Xiaoliang and Fang, Shenghui},
  journal={IEEE Geoscience and Remote Sensing Letters},
  volume={19},
  pages={1--5},
  year={2022},
  publisher={IEEE}
}
@article{kim2008estimation,
  title={Estimation of optimal image object size for the segmentation of forest stands with multispectral IKONOS imagery},
  author={Kim, M and Madden, Marguerite and Warner, Timothy},
  journal={Object-based image analysis: spatial concepts for knowledge-driven remote sensing applications},
  pages={291--307},
  year={2008},
  publisher={Springer}
}
@article{woodcock1987factor,
  title={The factor of scale in remote sensing},
  author={Woodcock, Curtis E and Strahler, Alan H},
  journal={Remote sensing of Environment},
  volume={21},
  number={3},
  pages={311--332},
  year={1987},
  publisher={Elsevier}
}
@article{druaguct2014automated,
  title={Automated parameterisation for multi-scale image segmentation on multiple layers},
  author={Dr{\u{a}}gu{\c{t}}, Lucian and Csillik, Ovidiu and Eisank, Clemens and Tiede, Dirk},
  journal={ISPRS Journal of Photogrammetry and Remote Sensing},
  volume={88},
  pages={119--127},
  year={2014},
  publisher={Elsevier}
}
@article{alayrac2022flamingo,
  title={Flamingo: a visual language model for few-shot learning},
  author={Alayrac, Jean-Baptiste and Donahue, Jeff and Luc, Pauline and Miech, Antoine and Barr, Iain and Hasson, Yana and Lenc, Karel and Mensch, Arthur and Millican, Katherine and Reynolds, Malcolm and others},
  journal={Advances in Neural Information Processing Systems},
  volume={35},
  pages={23716--23736},
  year={2022}
}
@inproceedings{jia2021scaling,
  title={Scaling up visual and vision-language representation learning with noisy text supervision},
  author={Jia, Chao and Yang, Yinfei and Xia, Ye and Chen, Yi-Ting and Parekh, Zarana and Pham, Hieu and Le, Quoc and Sung, Yun-Hsuan and Li, Zhen and Duerig, Tom},
  booktitle={International Conference on Machine Learning},
  pages={4904--4916},
  year={2021},
  organization={PMLR}
}
@inproceedings{bossard2014food,
  title={Food-101--mining discriminative components with random forests},
  author={Bossard, Lukas and Guillaumin, Matthieu and Van Gool, Luc},
  booktitle={Computer vision--ECCV 2014: 13th European conference, zurich, Switzerland, September 6-12, 2014, proceedings, part VI 13},
  pages={446--461},
  year={2014},
  organization={Springer}
}
@article{krizhevsky2009learning,
  title={Learning multiple layers of features from tiny images},
  author={Krizhevsky, Alex and Hinton, Geoffrey and others},
  year={2009},
  publisher={Toronto, ON, Canada}
}
@inproceedings{parkhi2012cats,
  title={Cats and dogs},
  author={Parkhi, Omkar M and Vedaldi, Andrea and Zisserman, Andrew and Jawahar, CV},
  booktitle={2012 IEEE conference on computer vision and pattern recognition},
  pages={3498--3505},
  year={2012},
  organization={IEEE}
}

@article{carreira2019short,
  title={A short note on the kinetics-700 human action dataset},
  author={Carreira, Joao and Noland, Eric and Hillier, Chloe and Zisserman, Andrew},
  journal={arXiv preprint arXiv:1907.06987},
  year={2019}
}
@article{tschannen2022image,
  title={Image-and-language understanding from pixels only},
  author={Tschannen, Michael and Mustafa, Basil and Houlsby, Neil},
  journal={arXiv preprint arXiv:2212.08045},
  volume={3},
  year={2022}
}
@inproceedings{jang2023unifying,
  title={Unifying vision-language representation space with single-tower transformer},
  author={Jang, Jiho and Kong, Chaerin and Jeon, Donghyeon and Kim, Seonhoon and Kwak, Nojun},
  booktitle={Proceedings of the AAAI Conference on Artificial Intelligence},
  volume={37},
  number={1},
  pages={980--988},
  year={2023}
}
@inproceedings{li2023blip,
  title={Blip-2: Bootstrapping language-image pre-training with frozen image encoders and large language models},
  author={Li, Junnan and Li, Dongxu and Savarese, Silvio and Hoi, Steven},
  booktitle={International Conference on Machine Learning},
  pages={19730--19742},
  year={2023},
  organization={PMLR}
}
@article{huang2023language,
  title={Language is not all you need: Aligning perception with language models},
  author={Huang, Shaohan and Dong, Li and Wang, Wenhui and Hao, Yaru and Singhal, Saksham and Ma, Shuming and Lv, Tengchao and Cui, Lei and Mohammed, Owais Khan and Patra, Barun and others},
  journal={Advances in Neural Information Processing Systems},
  volume={36},
  pages={72096--72109},
  year={2023}
}
@article{liu2024visual,
  title={Visual instruction tuning},
  author={Liu, Haotian and Li, Chunyuan and Wu, Qingyang and Lee, Yong Jae},
  journal={Advances in Neural Information Processing Systems},
  volume={36},
  year={2024}
}
@article{achiam2023gpt,
  title={Gpt-4 technical report},
  author={Achiam, Josh and Adler, Steven and Agarwal, Sandhini and Ahmad, Lama and Akkaya, Ilge and Aleman, Florencia Leoni and Almeida, Diogo and Altenschmidt, Janko and Altman, Sam and Anadkat, Shyamal and others},
  journal={arXiv preprint arXiv:2303.08774},
  year={2023}
}
@article{zhang2014saliency,
  title={Saliency-guided unsupervised feature learning for scene classification},
  author={Zhang, Fan and Du, Bo and Zhang, Liangpei},
  journal={IEEE Transactions on Geoscience and Remote Sensing},
  volume={53},
  number={4},
  pages={2175--2184},
  year={2014},
  publisher={IEEE}
}
@inproceedings{liu2024scaling,
  title={Scaling and masking: A new paradigm of data sampling for image and video quality assessment},
  author={Liu, Yongxu and Quan, Yinghui and Xiao, Guoyao and Li, Aobo and Wu, Jinjian},
  booktitle={Proceedings of the AAAI Conference on Artificial Intelligence},
  volume={38},
  number={4},
  pages={3792--3801},
  year={2024}
}
@article{kingma2013auto,
  title={Auto-encoding variational bayes},
  author={Kingma, Diederik P},
  journal={arXiv preprint arXiv:1312.6114},
  year={2013}
}
@inproceedings{wu2023exploring,
  title={Exploring video quality assessment on user generated contents from aesthetic and technical perspectives},
  author={Wu, Haoning and Zhang, Erli and Liao, Liang and Chen, Chaofeng and Hou, Jingwen and Wang, Annan and Sun, Wenxiu and Yan, Qiong and Lin, Weisi},
  booktitle={Proceedings of the IEEE/CVF International Conference on Computer Vision},
  pages={20144--20154},
  year={2023}
}
@inproceedings{he2024cover,
  title={COVER: A comprehensive video quality evaluator},
  author={He, Chenlong and Zheng, Qi and Zhu, Ruoxi and Zeng, Xiaoyang and Fan, Yibo and Tu, Zhengzhong},
  booktitle={Proceedings of the IEEE/CVF Conference on Computer Vision and Pattern Recognition},
  pages={5799--5809},
  year={2024}
}

@article{zhang2023rs5m,
  title={Rs5m: A large scale vision-language dataset for remote sensing vision-language foundation model},
  author={Zhang, Zilun and Zhao, Tiancheng and Guo, Yulong and Yin, Jianwei},
  journal={arXiv preprint arXiv:2306.11300},
  year={2023}
}
@article{liu2024remoteclip,
  title={Remoteclip: A vision language foundation model for remote sensing},
  author={Liu, Fan and Chen, Delong and Guan, Zhangqingyun and Zhou, Xiaocong and Zhu, Jiale and Ye, Qiaolin and Fu, Liyong and Zhou, Jun},
  journal={IEEE Transactions on Geoscience and Remote Sensing},
  year={2024},
  publisher={IEEE}
}
@article{lu2017exploring,
  title={Exploring models and data for remote sensing image caption generation},
  author={Lu, Xiaoqiang and Wang, Binqiang and Zheng, Xiangtao and Li, Xuelong},
  journal={IEEE Transactions on Geoscience and Remote Sensing},
  volume={56},
  number={4},
  pages={2183--2195},
  year={2017},
  publisher={IEEE}
}
@inproceedings{yang2010bag,
  title={Bag-of-visual-words and spatial extensions for land-use classification},
  author={Yang, Yi and Newsam, Shawn},
  booktitle={Proceedings of the 18th SIGSPATIAL international conference on advances in geographic information systems},
  pages={270--279},
  year={2010}
}
@article{al2022multilanguage,
  title={Multilanguage transformer for improved text to remote sensing image retrieval},
  author={Al Rahhal, Mohamad M and Bazi, Yakoub and Alsharif, Norah A and Bashmal, Laila and Alajlan, Naif and Melgani, Farid},
  journal={IEEE Journal of Selected Topics in Applied Earth Observations and Remote Sensing},
  volume={15},
  pages={9115--9126},
  year={2022},
  publisher={IEEE}
}
@article{sun2022ringmo,
  title={RingMo: A remote sensing foundation model with masked image modeling},
  author={Sun, Xian and Wang, Peijin and Lu, Wanxuan and Zhu, Zicong and Lu, Xiaonan and He, Qibin and Li, Junxi and Rong, Xuee and Yang, Zhujun and Chang, Hao and others},
  journal={IEEE Transactions on Geoscience and Remote Sensing},
  volume={61},
  pages={1--22},
  year={2022},
  publisher={IEEE}
}
@article{hong2024spectralgpt,
  title={SpectralGPT: Spectral remote sensing foundation model},
  author={Hong, Danfeng and Zhang, Bing and Li, Xuyang and Li, Yuxuan and Li, Chenyu and Yao, Jing and Yokoya, Naoto and Li, Hao and Ghamisi, Pedram and Jia, Xiuping and others},
  journal={IEEE Transactions on Pattern Analysis and Machine Intelligence},
  year={2024},
  publisher={IEEE}
}
@inproceedings{guo2024skysense,
  title={Skysense: A multi-modal remote sensing foundation model towards universal interpretation for earth observation imagery},
  author={Guo, Xin and Lao, Jiangwei and Dang, Bo and Zhang, Yingying and Yu, Lei and Ru, Lixiang and Zhong, Liheng and Huang, Ziyuan and Wu, Kang and Hu, Dingxiang and others},
  booktitle={Proceedings of the IEEE/CVF Conference on Computer Vision and Pattern Recognition},
  pages={27672--27683},
  year={2024}
}
@article{chen2019visual,
  title={Visual quality evaluation for semantic segmentation: subjective assessment database and objective assessment measure},
  author={Chen, Zhenzhong and Zhu, Han},
  journal={IEEE Transactions on Image Processing},
  volume={28},
  number={12},
  pages={5785--5796},
  year={2019},
  publisher={IEEE}
}
@article{etude1901comparative,
  title={comparative de la distribution florale dans une portion des Alpes et des Jura},
  author={Etude, P Jaccard},
  journal={Bull. Soc. Vaud. Sci. Nat},
  volume={37},
  pages={547},
  year={1901}
}
@article{zhu2004recall,
  title={Recall, precision and average precision},
  author={Zhu, Mu},
  journal={Department of Statistics and Actuarial Science, University of Waterloo, Waterloo},
  volume={2},
  number={30},
  pages={6},
  year={2004}
}
@article{zhou2019semantic,
  title={Semantic understanding of scenes through the ade20k dataset},
  author={Zhou, Bolei and Zhao, Hang and Puig, Xavier and Xiao, Tete and Fidler, Sanja and Barriuso, Adela and Torralba, Antonio},
  journal={International Journal of Computer Vision},
  volume={127},
  pages={302--321},
  year={2019},
  publisher={Springer}
}
@inproceedings{movahedi2010design,
  title={Design and perceptual validation of performance measures for salient object segmentation},
  author={Movahedi, Vida and Elder, James H},
  booktitle={2010 IEEE computer society conference on computer vision and pattern recognition-workshops},
  pages={49--56},
  year={2010},
  organization={IEEE}
}
@inproceedings{csurka2013good,
  title={What is a good evaluation measure for semantic segmentation?.},
  author={Csurka, Gabriela and Larlus, Diane and Perronnin, Florent and Meylan, France},
  booktitle={Bmvc},
  volume={27},
  number={2013},
  pages={10--5244},
  year={2013},
  organization={Bristol}
}
@article{li2021abcnet,
  title={ABCNet: Attentive bilateral contextual network for efficient semantic segmentation of Fine-Resolution remotely sensed imagery},
  author={Li, Rui and Zheng, Shunyi and Zhang, Ce and Duan, Chenxi and Wang, Libo and Atkinson, Peter M},
  journal={ISPRS Journal of Photogrammetry and Remote Sensing},
  volume={181},
  pages={84--98},
  year={2021},
  publisher={Elsevier}
}

@article{yamazaki2023aerialformer,
  title={AerialFormer: Multi-resolution transformer for aerial image segmentation},
  author={Yamazaki, Kashu and Hanyu, Taisei and Tran, Minh and Garcia, Adrian and Tran, Anh and McCann, Roy and Liao, Haitao and Rainwater, Chase and Adkins, Meredith and Molthan, Andrew and others},
  journal={arXiv preprint arXiv:2306.06842},
  year={2023}
}
@article{wang2022unetformer,
  title={UNetFormer: A UNet-like transformer for efficient semantic segmentation of remote sensing urban scene imagery},
  author={Wang, Libo and Li, Rui and Zhang, Ce and Fang, Shenghui and Duan, Chenxi and Meng, Xiaoliang and Atkinson, Peter M},
  journal={ISPRS Journal of Photogrammetry and Remote Sensing},
  volume={190},
  pages={196--214},
  year={2022},
  publisher={Elsevier}
}


@article{sun2021semantic,
  title={Semantic segmentation for buildings of large intra-class variation in remote sensing images with O-GAN},
  author={Sun, Shuting and Mu, Lin and Wang, Lizhe and Liu, Peng and Liu, Xiaolei and Zhang, Yuwei},
  journal={Remote Sensing},
  volume={13},
  number={3},
  pages={475},
  year={2021},
  publisher={MDPI}
}
@article{lyu2020uavid,
  title={UAVid: A semantic segmentation dataset for UAV imagery},
  author={Lyu, Ye and Vosselman, George and Xia, Gui-Song and Yilmaz, Alper and Yang, Michael Ying},
  journal={ISPRS Journal of Photogrammetry and Remote Sensing},
  volume={165},
  pages={108--119},
  year={2020},
  publisher={Elsevier}
}
@article{wang2021loveda,
  title={LoveDA: A remote sensing land-cover dataset for domain adaptive semantic segmentation},
  author={Wang, Junjue and Zheng, Zhuo and Ma, Ailong and Lu, Xiaoyan and Zhong, Yanfei},
  journal={arXiv preprint arXiv:2110.08733},
  year={2021}
}
@article{rahnemoonfar2021floodnet,
  title={Floodnet: A high resolution aerial imagery dataset for post flood scene understanding},
  author={Rahnemoonfar, Maryam and Chowdhury, Tashnim and Sarkar, Argho and Varshney, Debvrat and Yari, Masoud and Murphy, Robin Roberson},
  journal={IEEE Access},
  volume={9},
  pages={89644--89654},
  year={2021},
  publisher={IEEE}
}
@article{forbes1995classification,
  title={Classification-algorithm evaluation: Five performance measures based onconfusion matrices},
  author={Forbes, A Dean},
  journal={Journal of Clinical Monitoring},
  volume={11},
  pages={189--206},
  year={1995},
  publisher={Springer}
}
@inproceedings{ke2021musiq,
  title={Musiq: Multi-scale image quality transformer},
  author={Ke, Junjie and Wang, Qifei and Wang, Yilin and Milanfar, Peyman and Yang, Feng},
  booktitle={Proceedings of the IEEE/CVF International Conference on Computer Vision},
  pages={5148--5157},
  year={2021}
}
@inproceedings{cheng2021boundary,
  title={Boundary IoU: Improving object-centric image segmentation evaluation},
  author={Cheng, Bowen and Girshick, Ross and Doll{\'a}r, Piotr and Berg, Alexander C and Kirillov, Alexander},
  booktitle={Proceedings of the IEEE/CVF Conference on Computer Vision and Pattern Recognition},
  pages={15334--15342},
  year={2021}
}
@article{tian2007optimization,
  title={Optimization in multi-scale segmentation of high-resolution satellite images for artificial feature recognition},
  author={Tian, J and Chen, D-M},
  journal={International Journal of Remote Sensing},
  volume={28},
  number={20},
  pages={4625--4644},
  year={2007},
  publisher={Taylor \& Francis}
}
@article{costa2008genetic,
  title={Genetic adaptation of segmentation parameters},
  author={Costa, GAOP and Feitosa, RQ and Cazes, TB and Feij{\'o}, B},
  journal={Object-Based Image Analysis: Spatial Concepts for Knowledge-Driven Remote Sensing Applications},
  pages={679--695},
  year={2008},
  publisher={Springer}
}
@article{lin2019remote,
  title={A remote sensing image dataset for cloud removal},
  author={Lin, Daoyu and Xu, Guangluan and Wang, Xiaoke and Wang, Yang and Sun, Xian and Fu, Kun},
  journal={arXiv preprint arXiv:1901.00600},
  year={2019}
}
@article{lucieer2002existential,
  title={Existential uncertainty of spatial objects segmented from satellite sensor imagery},
  author={Lucieer, Arko and Stein, Alfred},
  journal={IEEE Transactions on Geoscience and Remote Sensing},
  volume={40},
  number={11},
  pages={2518--2521},
  year={2002},
  publisher={IEEE}
}
@article{taubman2002jpeg2000,
  title={JPEG2000: Standard for interactive imaging},
  author={Taubman, David S and Marcellin, Michael W},
  journal={Proceedings of the IEEE},
  volume={90},
  number={8},
  pages={1336--1357},
  year={2002},
  publisher={IEEE}
}




