@article{9556554,
	author={Liu, Xinwang},
	journal={IEEE Transactions on Pattern Analysis and Machine Intelligence}, 
	title={Incomplete Multiple Kernel Alignment Maximization for Clustering}, 
	year={2024},
	volume={46},
	number={3},
	pages={1412-1424},
}

@article{LI2024102086,
  title={Incomplete multiview subspace clustering based on multiple kernel low-redundant representation learning},
author={Li, Ao and Feng, Cong and Cheng, Yuan and Zhang, Yingtao and Yang, Hailu},
journal={Information Fusion},
volume={103},
pages={102086},
year={2024},
publisher={Elsevier}
}

@article{caron2020unsupervised,
	title={Unsupervised learning of visual features by contrasting cluster assignments},
	author={Caron, Mathilde and Misra, Ishan and Mairal, Julien and Goyal, Priya and Bojanowski, Piotr and Joulin, Armand},
	journal={Advances in Neural Information Processing Systems},
	volume={33},
	pages={9912--9924},
	year={2020}
}

@inproceedings{chen2020simple,
	title={A simple framework for contrastive learning of visual representations},
	author={Chen, Ting and Kornblith, Simon and Norouzi, Mohammad and Hinton, Geoffrey},
	booktitle={International Conference on Machine Learning},
	pages={1597--1607},
	year={2020},
	organization={PMLR}
}

@inproceedings{du2024fast,
	title={Fast and scalable incomplete multi-view clustering with duality optimal graph filtering},
	author={Du, Liang and Shi, Yukai and Chen, Yan and Zhou, Peng and Qian, Yuhua},
	booktitle={ACM International Conference on Multimedia},
	pages={8893--8902},
	year={2024}
}

@article{elhamifar2013sparse,
	title={Sparse subspace clustering: Algorithm, theory, and applications},
	author={Elhamifar, Ehsan and Vidal, Ren{\'e}},
	journal={IEEE Transactions on Pattern Analysis and Machine Intelligence},
	volume={35},
	number={11},
	pages={2765--2781},
	year={2013},
	publisher={IEEE}
}

@article{gui2024survey,
	title={A Survey on Self-supervised Learning: Algorithms, Applications, and Future Trends},
	author={Gui, Jie and Chen, Tuo and Zhang, Jing and Cao, Qiong and Sun, Zhenan and Luo, Hao and Tao, Dacheng},
	journal={IEEE Transactions on Pattern Analysis and Machine Intelligence},
	year={2024},
	publisher={IEEE}
}

@inproceedings{he2020momentum,
	title={Momentum contrast for unsupervised visual representation learning},
	author={He, Kaiming and Fan, Haoqi and Wu, Yuxin and Xie, Saining and Girshick, Ross},
	booktitle={IEEE/CVF conference on Computer Vision and Pattern Recognition},
	pages={9729--9738},
	year={2020}
}

@inproceedings{hu2019one,
	title={One-pass incomplete multi-view clustering},
	author={Hu, Menglei and Chen, Songcan},
	booktitle={AAAI Conference on Artificial Intelligence},
	volume={33},
	number={01},
	pages={3838--3845},
	year={2019}
}

@article{khan2024weighted,
	title={Weighted concept factorization based incomplete multi-view clustering},
	author={Khan, Ghufran Ahmad and Khan, Jalaluddin and Anwar, Taushif and Ashraf, Zubair and Javed, Mohammad Hafeez and Diallo, Bassoma},
	journal={IEEE Transactions on Artificial Intelligence},
	year={2024},
	publisher={IEEE}
}

@article{khosla2020supervised,
	title={Supervised contrastive learning},
	author={Khosla, Prannay and Teterwak, Piotr and Wang, Chen and Sarna, Aaron and Tian, Yonglong and Isola, Phillip and Maschinot, Aaron and Liu, Ce and Krishnan, Dilip},
	journal={Advances in Neural Information Processing Systems},
	volume={33},
	pages={18661--18673},
	year={2020}
}

@article{krishnan2022self,
	title={Self-supervised learning in medicine and healthcare},
	author={Krishnan, Rayan and Rajpurkar, Pranav and Topol, Eric J},
	journal={Nature Biomedical Engineering},
	volume={6},
	number={12},
	pages={1346--1352},
	year={2022},
	publisher={Nature Publishing Group UK London}
}

@article{li2022refining,
	title={Refining graph structure for incomplete multi-view clustering},
	author={Li, Xiang-Long and Chen, Man-Sheng and Wang, Chang-Dong and Lai, Jian-Huang},
	journal={IEEE Transactions on Neural Networks and Learning Systems},
	volume={35},
	number={2},
	pages={2300--2313},
	year={2022},
	publisher={IEEE}
}

@inproceedings{li2023incomplete,
	title={Incomplete multi-view clustering via prototype-based imputation},
	author={Li, Haobin and Li, Yunfan and Yang, Mouxing and Hu, Peng and Peng, Dezhong and Peng, Xi},
	booktitle={International Joint Conference on Artificial Intelligence},
	pages={3911--3919},
	year={2023}
}

@inproceedings{lin2021completer,
	title={Completer: Incomplete multi-view clustering via contrastive prediction},
	author={Lin, Yijie and Gou, Yuanbiao and Liu, Zitao and Li, Boyun and Lv, Jiancheng and Peng, Xi},
	booktitle={IEEE Conference on Computer Vision and Pattern Recognition},
	pages={11174--11183},
	year={2021}
}

@article{liu2021self,
	title={Self-supervised learning: Generative or contrastive},
	author={Liu, Xiao and Zhang, Fanjin and Hou, Zhenyu and Mian, Li and Wang, Zhaoyu and Zhang, Jing and Tang, Jie},
	journal={IEEE Transactions on Knowledge and Data Engineering},
	volume={35},
	number={1},
	pages={857--876},
	year={2021},
	publisher={IEEE}
}

@inproceedings{luo2024simple,
	title={Simple Contrastive Multi-View Clustering with Data-Level Fusion},
	author={Luo, Caixuan and Xu, Jie and Ren, Yazhou and Ma, Junbo and Zhu, Xiaofeng},
	booktitle={International Joint Conference on Artificial Intelligence},
	pages={4697--4705},
	year={2024}
}

@inproceedings{nie2014clustering,
	title={Clustering and projected clustering with adaptive neighbors},
	author={Nie, Feiping and Wang, Xiaoqian and Huang, Heng},
	booktitle={International Conference on Knowledge Discovery and Data Mining},
	pages={977--986},
	year={2014}
}

@inproceedings{trosten2023effects,
	title={On the effects of self-supervision and contrastive alignment in deep multi-view clustering},
	author={Trosten, Daniel J and L{\o}kse, Sigurd and Jenssen, Robert and Kampffmeyer, Michael C},
	booktitle={IEEE Conference on Computer Vision and Pattern Recognition},
	pages={23976--23985},
	year={2023}
}

@inproceedings{wang2022highly,
	title={Highly-efficient incomplete large-scale multi-view clustering with consensus bipartite graph},
	author={Wang, Siwei and Liu, Xinwang and Liu, Li and Tu, Wenxuan and Zhu, Xinzhong and Liu, Jiyuan and Zhou, Sihang and Zhu, En},
	booktitle={IEEE/CVF Conference on Computer Vision and Pattern Recognition},
	pages={9776--9785},
	year={2022}
}

@article{wen2020adaptive,
	title={Adaptive graph completion based incomplete multi-view clustering},
	author={Wen, Jie and Yan, Ke and Zhang, Zheng and Xu, Yong and Wang, Junqian and Fei, Lunke and Zhang, Bob},
	journal={IEEE Transactions on Multimedia},
	volume={23},
	pages={2493--2504},
	year={2020},
	publisher={IEEE}
}

@inproceedings{wen2020dimc,
	title={Dimc-net: Deep incomplete multi-view clustering network},
	author={Wen, Jie and Zhang, Zheng and Zhang, Zhao and Wu, Zhihao and Fei, Lunke and Xu, Yong and Zhang, Bob},
	booktitle={ACM International Conference on Multimedia},
	pages={3753--3761},
	year={2020}
}

@article{wen2023graph,
	author={Wen, Jie and Xu, Gehui and Tang, Zhanyan and Wang, Wei and Fei, Lunke and Xu, Yong},
	journal={IEEE Transactions on Circuits and Systems for Video Technology}, 
	title={Graph Regularized and Feature Aware Matrix Factorization for Robust Incomplete Multi-View Clustering}, 
	year={2024},
	volume={34},
	number={5},
	pages={3728-3741},
	doi={10.1109/TCSVT.2023.3317877}
}

@inproceedings{xu2022deep,
	title={Deep incomplete multi-view clustering via mining cluster complementarity},
	author={Xu, Jie and Li, Chao and Ren, Yazhou and Peng, Liang and Mo, Yujie and Shi, Xiaoshuang and Zhu, Xiaofeng},
	booktitle={AAAI Conference on Artificial Intelligence},
	volume={36},
	number={8},
	pages={8761--8769},
	year={2022}
}

@inproceedings{xu2022multi,
	title={Multi-level feature learning for contrastive multi-view clustering},
	author={Xu, Jie and Tang, Huayi and Ren, Yazhou and Peng, Liang and Zhu, Xiaofeng and He, Lifang},
	booktitle={IEEE Conference on Computer Vision and Pattern Recognition},
	pages={16051--16060},
	year={2022}
}

@inproceedings{xu2024deep,
	title={Deep Variational Incomplete Multi-View Clustering: Exploring Shared Clustering Structures},
	author={Xu, Gehui and Wen, Jie and Liu, Chengliang and Hu, Bing and Liu, Yicheng and Fei, Lunke and Wang, Wei},
	booktitle={AAAI Conference on Artificial Intelligence},
	volume={38},
	number={14},
	pages={16147--16155},
	year={2024}
}

@article{xue2024robust,
	title={Robust Multi-Graph Contrastive Network for Incomplete Multi-View Clustering},
	author={Xue, Zhe and Li, Yawen and Guan, Zhongchao and Li, Wenling and Liang, Meiyu and Zhou, Hai},
	journal={IEEE Transactions on Multimedia},
	year={2024},
	publisher={IEEE}
}

@article{yan2024deep,
	title={Deep Incomplete Multi-View Clustering via Dynamic Imputation and Triple Alignment with Dual Optimization},
	author={Yan, Weiqing and Liu, Kanglong and Zhou, Wujie and Tang, Chang},
	journal={IEEE Transactions on Circuits and Systems for Video Technology},
	year={2024},
	publisher={IEEE}
}

@article{yang2022robust,
	title={Robust multi-view clustering with incomplete information},
	author={Yang, Mouxing and Li, Yunfan and Hu, Peng and Bai, Jinfeng and Lv, Jiancheng and Peng, Xi},
	journal={IEEE Transactions on Pattern Analysis and Machine Intelligence},
	volume={45},
	number={1},
	pages={1055--1069},
	year={2022},
	publisher={IEEE}
}

@article{yang2024geometric,
	title={Geometric-inspired graph-based Incomplete Multi-view Clustering},
	author={Yang, Zequn and Zhang, Han and Wei, Yake and Wang, Zheng and Nie, Feiping and Hu, Di},
	journal={Pattern Recognition},
	volume={147},
	pages={110082},
	year={2024},
	publisher={Elsevier}
}

@article{yin2021incomplete,
	title={Incomplete multi-view clustering with reconstructed views},
	author={Yin, Jun and Sun, Shiliang},
	journal={IEEE Transactions on Knowledge and Data Engineering},
	volume={35},
	number={3},
	pages={2671--2682},
	year={2021},
	publisher={IEEE}
}

