@inproceedings{fei2005bayesian,
	title={A bayesian hierarchical model for learning natural scene categories},
	author={Fei-Fei, Li and Perona, Pietro},
	booktitle={IEEE Conference on Computer Vision and Pattern Recognition},
	volume={2},
	pages={524--531},
	year={2005},
	organization={IEEE}
}

@article{kumar2011co,
	title={Co-regularized multi-view spectral clustering},
	author={Kumar, Abhishek and Rai, Piyush and Daume, Hal},
	journal={Advances in Neural Information Processing Systems},
	volume={24},
	pages={1413--1421},
	year={2011}
}

@inproceedings{huang2012affinity,
	title={Affinity aggregation for spectral clustering},
	author={Huang, Hsin-Chien and Chuang, Yung-Yu and Chen, Chu-Song},
	booktitle={IEEE Conference on Computer Vision and Pattern Recognition},
	pages={773--780},
	year={2012},
	organization={IEEE}
}

@inproceedings{xia2014robust,
	title={Robust multi-view spectral clustering via low-rank and sparse decomposition},
	author={Xia, Rongkai and Pan, Yan and Du, Lei and Yin, Jian},
	booktitle={AAAI Conference on Artificial Intelligence},
	volume={28},
	number={1},
	year={2014}
}


@article{zhan2017graph,
	title={Graph learning for multiview clustering},
	author={Zhan, Kun and Zhang, Changqing and Guan, Junpeng and Wang, Junsheng},
	journal={IEEE Transactions on Cybernetics},
	volume={48},
	number={10},
	pages={2887--2895},
	year={2017},
	publisher={IEEE}
}

@inproceedings{zong2018weighted,
	title={Weighted multi-view spectral clustering based on spectral perturbation},
	author={Zong, Linlin and Zhang, Xianchao and Liu, Xinyue and Yu, Hong},
	booktitle={AAAI Conference on Artificial Intelligence},
	volume={32},
	number={1},
	year={2018}
}

@inproceedings{nie2018multiview,
	title={Multiview clustering via adaptively weighted procrustes},
	author={Nie, Feiping and Tian, Lai and Li, Xuelong},
	booktitle={International Conference on Knowledge Discovery and Data Mining},
	pages={2022--2030},
	year={2018}
}

@article{zhan2018multiview,
	title={Multiview consensus graph clustering},
	author={Zhan, Kun and Nie, Feiping and Wang, Jing and Yang, Yi},
	journal={IEEE Transactions on Image Processing},
	volume={28},
	number={3},
	pages={1261--1270},
	year={2018},
	publisher={IEEE}
}

@article{wang2019gmc,
	title={GMC: Graph-based multi-view clustering},
	author={Wang, Hao and Yang, Yan and Liu, Bing},
	journal={IEEE Transactions on Knowledge and Data Engineering},
	year={2020},
	volume={32},
	number={6},
	pages={1116-1129}
}

@article{hu2020multi,
	title={Multi-view spectral clustering via integrating nonnegative embedding and spectral embedding},
	author={Hu, Zhanxuan and Nie, Feiping and Wang, Rong and Li, Xuelong},
	journal={Information Fusion},
	volume={55},
	pages={251--259},
	year={2020},
	publisher={Elsevier}
}

@inproceedings{tang2020cgd,
	title={CGD: Multi-view clustering via cross-view graph diffusion},
	author={Tang, Chang and Liu, Xinwang and Zhu, Xinzhong and Zhu, En and Luo, Zhigang and Wang, Lizhe and Gao, Wen},
	booktitle={AAAI Conference on Artificial Intelligence},
	volume={34},
	number={04},
	pages={5924--5931},
	year={2020}
}

@inproceedings{liu2021one,
	title={One-pass Multi-view Clustering for Large-scale Data},
	author={Liu, Jiyuan and Liu, Xinwang and Yang, Yuexiang and Liu, Li and Wang, Siqi and Liang, Weixuan and Shi, Jiangyong},
	booktitle={International Conference on Computer Vision},
	pages={12344--12353},
	year={2021}
}

@article{huang2021measuring,
	title={Measuring diversity in graph learning: A unified framework for structured multi-view clustering},
	author={Huang, Shudong and Tsang, Ivor W and Xu, Zenglin and Lv, Jiancheng},
	journal={IEEE Transactions on Knowledge and Data Engineering},
	volume={34},
	number={12},
	pages={5869--5883},
	year={2021},
	publisher={IEEE}
}

@article{cancer2015comprehensive,
	title={Comprehensive, integrative genomic analysis of diffuse lower-grade gliomas},
	author={Cancer Genome Atlas Research Network},
	journal={New England Journal of Medicine},
	volume={372},
	number={26},
	pages={2481--2498},
	year={2015},
	publisher={Mass Medical Soc}
}

@inproceedings{dalal2005histograms,
	title={Histograms of oriented gradients for human detection},
	author={Dalal, Navneet and Triggs, Bill},
	booktitle={IEEE Conference on Computer Vision and Pattern Recognition},
	volume={1},
	pages={886--893},
	year={2005},
	organization={IEEE}
}

@article{ojala2002multiresolution,
	title={Multiresolution gray-scale and rotation invariant texture classification with local binary patterns},
	author={Ojala, Timo and Pietikainen, Matti and Maenpaa, Topi},
	journal={IEEE Transactions on Pattern Analysis and Machine Intelligence},
	volume={24},
	number={7},
	pages={971--987},
	year={2002},
	publisher={IEEE}
}

@article{oliva2001modeling,
	title={Modeling the shape of the scene: A holistic representation of the spatial envelope},
	author={Oliva, Aude and Torralba, Antonio},
	journal={International Journal of Computer Vision},
	volume={42},
	number={3},
	pages={145--175},
	year={2001},
	publisher={Springer}
}

@article{lowe2004distinctive,
	title={Distinctive image features from scale-invariant keypoints},
	author={Lowe, David G},
	journal={International Journal of Computer Vision},
	volume={60},
	number={2},
	pages={91--110},
	year={2004},
	publisher={Springer}
}

@article{wang2017sparse,
	title={Sparse multigraph embedding for multimodal feature representation},
	author={Wang, Shiping and Guo, Wenzhong},
	journal={IEEE Transactions on Multimedia},
	volume={19},
	number={7},
	pages={1454--1466},
	year={2017},
	publisher={IEEE}
}

@inproceedings{ng2002spectral,
	title={On spectral clustering: Analysis and an algorithm},
	author={Ng, Andrew Y and Jordan, Michael I and Weiss, Yair},
	booktitle={Advances in Neural Information Processing Systems},
	pages={849--856},
	year={2002}
}

@inproceedings{yi2018neural,
	title={Neural-symbolic VQA: disentangling reasoning from vision and language understanding},
	author={Yi, Kexin and Wu, Jiajun and Gan, Chuang and Torralba, Antonio and Kohli, Pushmeet and Tenenbaum, Joshua B},
	booktitle={Advances in Neural Information Processing Systems},
	pages={1039--1050},
	year={2018}
}

@inproceedings{dhillon2001co,
	title={Co-clustering documents and words using bipartite spectral graph partitioning},
	author={Dhillon, Inderjit S},
	booktitle={International Conference on Knowledge Discovery and Data Mining},
	pages={269--274},
	year={2001}
}

@article{dong2020unsupervised,
	title={Unsupervised Deep K-means Hashing for Efficient Image Retrieval and Clustering},
	author={Dong, Xiao and Liu, Li and Zhu, Lei and Cheng, Zhiyong and Zhang, Huaxiang},
	journal={IEEE Transactions on Circuits and Systems for Video Technology},
	year={2021},
	volume={31},
	number={8},
	pages={3266-3277},
	publisher={IEEE}
}

@inproceedings{veldt2018correlation,
	title={A correlation clustering framework for community detection},
	author={Veldt, Nate and Gleich, David F and Wirth, Anthony},
	booktitle={World Wide Web Conference},
	pages={439--448},
	year={2018}
}

@article{kiselev2017sc3,
	title={SC3: consensus clustering of single-cell RNA-seq data},
	author={Kiselev, Vladimir Yu and Kirschner, Kristina and Schaub, Michael T and Andrews, Tallulah and Yiu, Andrew and Chandra, Tamir and Natarajan, Kedar N and Reik, Wolf and Barahona, Mauricio and Green, Anthony R and others},
	journal={Nature Methods},
	volume={14},
	number={5},
	pages={483--486},
	year={2017},
	publisher={Nature Publishing Group}
}

@article{wang2018multiview,
	title={Multiview spectral clustering via structured low-rank matrix factorization},
	author={Wang, Yang and Wu, Lin and Lin, Xuemin and Gao, Junbin},
	journal={IEEE Transactions on Neural Networks and Learning Systems},
	volume={29},
	number={10},
	pages={4833--4843},
	year={2018},
	publisher={IEEE}
}

@article{yang2020uniform,
	title={Uniform distribution non-negative matrix factorization for multiview clustering},
	author={Yang, Zuyuan and Liang, Naiyao and Yan, Wei and Li, Zhenni and Xie, Shengli},
	journal={IEEE Transactions on Cybernetics},
	volume={51},
	number={6},
	pages={3249--3262},
	year={2020},
	publisher={IEEE}
}

@inproceedings{zhao2017multi,
	title={Multi-view clustering via deep matrix factorization},
	author={Zhao, Handong and Ding, Zhengming and Fu, Yun},
	booktitle={AAAI Conference on Artificial Intelligence},
	pages={2921--2927},
	year={2017}
}

@article{xu2021deep,
	title={Deep embedded multi-view clustering with collaborative training},
	author={Xu, Jie and Ren, Yazhou and Li, Guofeng and Pan, Lili and Zhu, Ce and Xu, Zenglin},
	journal={Information Sciences},
	volume={573},
	pages={279--290},
	year={2021},
	publisher={Elsevier}
}

@inproceedings{wang2018partial,
	title={Partial multi-view clustering via consistent GAN},
	author={Wang, Qianqian and Ding, Zhengming and Tao, Zhiqiang and Gao, Quanxue and Fu, Yun},
	booktitle={International Conference on Data Mining},
	pages={1290--1295},
	year={2018},
	organization={IEEE}
}


@article{zhang2018generalized,
	title={Generalized latent multi-view subspace clustering},
	author={Zhang, Changqing and Fu, Huazhu and Hu, Qinghua and Cao, Xiaochun and Xie, Yuan and Tao, Dacheng and Xu, Dong},
	journal={IEEE Transactions on Pattern Analysis and Machine Intelligence}, 
	year={2020},
	volume={42},
	number={1},
	pages={86-99},
	publisher={IEEE}
}

@inproceedings{kang2020large,
	title={Large-scale multi-view subspace clustering in linear time},
	author={Kang, Zhao and Zhou, Wangtao and Zhao, Zhitong and Shao, Junming and Han, Meng and Xu, Zenglin},
	booktitle={AAAI Conference on Artificial Intelligence},
	volume={34},
	number={04},
	pages={4412--4419},
	year={2020}
}

@article{zhang2020consensus,
	title={Consensus one-step multi-view subspace clustering},
	author={Zhang, Pei and Liu, Xinwang and Xiong, Jian and Zhou, Sihang and Zhao, Wentao and Zhu, En and Cai, Zhiping},
	journal={IEEE Transactions on Knowledge and Data Engineering},
	volume={34},
	number={10},
	pages={4676--4689},
	year={2020},
	publisher={IEEE}
}

@inproceedings{lin2021graph,
	title={Graph Filter-based Multi-view Attributed Graph Clustering},
	author={Lin, Zhiping and Kang, Zhao},
	booktitle={International Joint Conference on Artificial Intelligence},
	pages={19--26},
	year={2021}
}

@inproceedings{li2015large,
	title={Large-scale multi-view spectral clustering via bipartite graph},
	author={Li, Yeqing and Nie, Feiping and Huang, Heng and Huang, Junzhou},
	booktitle={AAAI Conference on Artificial Intelligence},
	pages={2750--2756},
	year={2015}
}

@inproceedings{nie2017self,
	title={Self-weighted multiview clustering with multiple graphs},
	author={Nie, Feiping and Li, Jing and Li, Xuelong},
	booktitle={International Joint Conference on Artificial Intelligence},
	pages={2564--2570},
	year={2017}
}

@inproceedings{liu2013multi,
	title={Multi-view clustering via joint nonnegative matrix factorization},
	author={Liu, Jialu and Wang, Chi and Gao, Jing and Han, Jiawei},
	booktitle={SIAM International Conference on Data Mining},
	pages={252--260},
	year={2013},
	organization={SIAM}
}

@article{trigeorgis2016deep,
	title={A deep matrix factorization method for learning attribute representations},
	author={Trigeorgis, George and Bousmalis, Konstantinos and Zafeiriou, Stefanos and Schuller, Bj{\"o}rn W},
	journal={IEEE Transactions on Pattern Analysis and Machine Intelligence},
	volume={39},
	number={3},
	pages={417--429},
	year={2016},
	publisher={IEEE}
}

@article{tang2018learning,
	title={Learning joint affinity graph for multi-view subspace clustering},
	author={Tang, Chang and Zhu, Xinzhong and Liu, Xinwang and Li, Miaomiao and Wang, Pichao and Zhang, Changqing and Wang, Lizhe},
	journal={IEEE Transactions on Multimedia},
	year={2019},
	volume={21},
	number={7},
	pages={1724-1736},
}

@article{zhan2018graph,
	title={Graph structure fusion for multiview clustering},
	author={Zhan, Kun and Niu, Chaoxi and Chen, Changlu and Nie, Feiping and Zhang, Changqing and Yang, Yi},
	journal={IEEE Transactions on Knowledge and Data Engineering},
	year={2019},
	volume={31},
	number={10},
	pages={1984-1993},
}

@inproceedings{huang2013spectral,
	title={Spectral rotation versus K-means in spectral clustering},
	author={Huang, Jin and Nie, Feiping and Huang, Heng},
	booktitle={AAAI Conference on Artificial Intelligence},
	pages={431--437},
	year={2013},
}

@article{wang2021fast,
	title={Fast optimization of spectral embedding and improved spectral rotation},
	author={Wang, Zhen and Dai, Xiangfeng and Zhu, Peican and Wang, Rong and Li, Xuelong and Nie, Feiping},
	journal={IEEE Transactions on Knowledge and Data Engineering},
	volume={35},
	number={2},
	pages={1515--1527},
	year={2021},
	publisher={IEEE}
}

@inproceedings{nie2017multi,
	title={Multi-view clustering and semi-supervised classification with adaptive neighbours},
	author={Nie, Feiping and Cai, Guohao and Li, Xuelong},
	booktitle={AAAI Conference on Artificial Intelligence},
	pages={2408--2414},
	year={2017}
}

@article{elhamifar2013sparse,
	title={Sparse subspace clustering: Algorithm, theory, and applications},
	author={Elhamifar, Ehsan and Vidal, Ren{\'e}},
	journal={IEEE Transactions on Pattern Analysis and Machine Intelligence},
	volume={35},
	number={11},
	pages={2765--2781},
	year={2013},
	publisher={IEEE}
}

@inproceedings{nie2014clustering,
	title={Clustering and projected clustering with adaptive neighbors},
	author={Nie, Feiping and Wang, Xiaoqian and Huang, Heng},
	booktitle={International Conference on Knowledge Discovery and Data Mining},
	pages={977--986},
	year={2014}
}

@inproceedings{qiang2021fast,
	title={Fast Multi-view Discrete Clustering with Anchor Graphs},
	author={Qiang, Qianyao and Zhang, Bin and Wang, Fei and Nie, Feiping},
	booktitle={AAAI Conference on Artificial Intelligence},
	volume={35},
	number={11},
	pages={9360--9367},
	year={2021}
}

@article{li2021consensus,
	title={Consensus Graph Learning for Multi-view Clustering},
	author={Li, Zhenglai and Tang, Chang and Liu, Xinwang and Zheng, Xiao and Yue, Guanghui and Zhang, Wei and Zhu, En},
	journal={IEEE Transactions on Multimedia},
	year={2021},
	volume={},
	number={},
	pages={1-1},
	doi={10.1109/TMM.2021.3081930},
	publisher={IEEE}
}

@article{li2019diversity,
	title={Diversity and consistency learning guided spectral embedding for multi-view clustering},
	author={Li, Zhenglai and Tang, Chang and Chen, Jiajia and Wan, Cheng and Yan, Weiqing and Liu, Xinwang},
	journal={Neurocomputing},
	volume={370},
	pages={128--139},
	year={2019},
	publisher={Elsevier}
}

@article{bauckhage2015k,
	title={K-means clustering is matrix factorization},
	author={Bauckhage, Christian},
	journal={arXiv preprint arXiv:1512.07548},
	year={2015}
}

@inproceedings{wang2019multi,
	title={Multi-view Clustering via Late Fusion Alignment Maximization.},
	author={Wang, Siwei and Liu, Xinwang and Zhu, En and Tang, Chang and Liu, Jiyuan and Hu, Jingtao and Xia, Jingyuan and Yin, Jianping},
	booktitle={International Joint Conference on Artificial Intelligence},
	pages={3778--3784},
	year={2019}
}

@ARTICLE{7337427,
	author={Wang, Chang-Dong and Lai, Jian-Huang and Yu, Philip S.},
	journal={IEEE Transactions on Knowledge and Data Engineering}, 
	title={Multi-View Clustering Based on Belief Propagation}, 
	year={2016},
	volume={28},
	number={4},
	pages={1007-1021},
	doi={10.1109/TKDE.2015.2503743}
}


@ARTICLE{9508843,
	title={Multi-view attributed graph clustering},
	author={Lin, Zhiping and Kang, Zhao and Zhang, Lizong and Tian, Ling},
	journal={IEEE Transactions on knowledge and data engineering},
	volume={35},
	number={2},
	pages={1872--1880},
	year={2021},
	publisher={IEEE}
}

@inproceedings{chen2017scalable,
	title={Scalable Normalized Cut with Improved Spectral Rotation.},
	author={Chen, Xiaojun and Nie, Feiping and Huang, Joshua Zhexue and Yang, Min},
	booktitle={International Joint Conference on Artificial Intelligence},
	pages={1518--1524},
	year={2017}
}

@inproceedings{chen2018spectral,
	title={Spectral clustering of large-scale data by directly solving normalized cut},
	author={Chen, Xiaojun and Hong, Weijun and Nie, Feiping and He, Dan and Yang, Min and Huang, Joshua Zhexue},
	booktitle={International Conference on Knowledge Discovery and Data Mining},
	pages={1206--1215},
	year={2018}
}

@article{wen2023graph,
	author={Wen, Jie and Xu, Gehui and Tang, Zhanyan and Wang, Wei and Fei, Lunke and Xu, Yong},
	journal={IEEE Transactions on Circuits and Systems for Video Technology}, 
	title={Graph Regularized and Feature Aware Matrix Factorization for Robust Incomplete Multi-View Clustering}, 
	year={2024},
	volume={34},
	number={5},
	pages={3728-3741},
	doi={10.1109/TCSVT.2023.3317877}
}

@article{tang2022unified,
	title={Unified one-step multi-view spectral clustering},
	author={Tang, Chang and Li, Zhenglai and Wang, Jun and Liu, Xinwang and Zhang, Wei and Zhu, En},
	journal={IEEE Transactions on Knowledge and Data Engineering},
	volume={35},
	number={6},
	pages={6449--6460},
	year={2022},
	publisher={IEEE}
}

@inproceedings{xu2022multi,
	title={Multi-level feature learning for contrastive multi-view clustering},
	author={Xu, Jie and Tang, Huayi and Ren, Yazhou and Peng, Liang and Zhu, Xiaofeng and He, Lifang},
	booktitle={IEEE Conference on Computer Vision and Pattern Recognition},
	pages={16051--16060},
	year={2022}
}

@inproceedings{lin2021completer,
	title={Completer: Incomplete multi-view clustering via contrastive prediction},
	author={Lin, Yijie and Gou, Yuanbiao and Liu, Zitao and Li, Boyun and Lv, Jiancheng and Peng, Xi},
	booktitle={IEEE Conference on Computer Vision and Pattern Recognition},
	pages={11174--11183},
	year={2021}
}



@article{krishnan2022self,
	title={Self-supervised learning in medicine and healthcare},
	author={Krishnan, Rayan and Rajpurkar, Pranav and Topol, Eric J},
	journal={Nature Biomedical Engineering},
	volume={6},
	number={12},
	pages={1346--1352},
	year={2022},
	publisher={Nature Publishing Group UK London}
}

@article{liu2021self,
	title={Self-supervised learning: Generative or contrastive},
	author={Liu, Xiao and Zhang, Fanjin and Hou, Zhenyu and Mian, Li and Wang, Zhaoyu and Zhang, Jing and Tang, Jie},
	journal={IEEE Transactions on Knowledge and Data Engineering},
	volume={35},
	number={1},
	pages={857--876},
	year={2021},
	publisher={IEEE}
}

@inproceedings{du2023uni,
	title={On uni-modal feature learning in supervised multi-modal learning},
	author={Du, Chenzhuang and Teng, Jiaye and Li, Tingle and Liu, Yichen and Yuan, Tianyuan and Wang, Yue and Yuan, Yang and Zhao, Hang},
	booktitle={International Conference on Machine Learning},
	pages={8632--8656},
	year={2023},
	organization={PMLR}
}

@article{kontras2024improving,
	title={Improving Multimodal Learning with Multi-Loss Gradient Modulation},
	author={Kontras, Konstantinos and Chatzichristos, Christos and Blaschko, Matthew and De Vos, Maarten},
	journal={arXiv preprint arXiv:2405.07930},
	year={2024}
}

@inproceedings{peng2022balanced,
	title={Balanced multimodal learning via on-the-fly gradient modulation},
	author={Peng, Xiaokang and Wei, Yake and Deng, Andong and Wang, Dong and Hu, Di},
	booktitle={IEEE Conference on Computer Vision and Pattern Recognition},
	pages={8238--8247},
	year={2022}
}

@article{wei2024fly,
	title={On-the-fly Modulation for Balanced Multimodal Learning},
	author={Wei, Yake and Hu, Di and Du, Henghui and Wen, Ji-Rong},
	journal={IEEE Transactions on Pattern Analysis and Machine Intelligence},
	year={2024},
	publisher={IEEE}
}

@inproceedings{fan2023pmr,
	title={Pmr: Prototypical modal rebalance for multimodal learning},
	author={Fan, Yunfeng and Xu, Wenchao and Wang, Haozhao and Wang, Junxiao and Guo, Song},
	booktitle={IEEE Conference on Computer Vision and Pattern Recognition},
	pages={20029--20038},
	year={2023}
}

@inproceedings{huang2022modality,
	title={Modality competition: What makes joint training of multi-modal network fail in deep learning?(provably)},
	author={Huang, Yu and Lin, Junyang and Zhou, Chang and Yang, Hongxia and Huang, Longbo},
	booktitle={International Conference on Machine Learning},
	pages={9226--9259},
	year={2022},
	organization={PMLR}
}

@inproceedings{huareconboost,
	title={ReconBoost: Boosting Can Achieve Modality Reconcilement},
	author={Hua, Cong and Xu, Qianqian and Bao, Shilong and Yang, Zhiyong and Huang, Qingming},
	booktitle={International Conference on Machine Learning},
	year={2024}
}

@inproceedings{wolf2011face,
	title={Face recognition in unconstrained videos with matched background similarity},
	author={Wolf, Lior and Hassner, Tal and Maoz, Itay},
	booktitle={IEEE Conference on Computer Vision and Pattern Recognition},
	pages={529--534},
	year={2011},
	organization={IEEE}
}


@inproceedings{kong2014you,
	title={What are you talking about? text-to-image coreference},
	author={Kong, Chen and Lin, Dahua and Bansal, Mohit and Urtasun, Raquel and Fidler, Sanja},
	booktitle={IEEE Conference on Computer Vision and Pattern Recognition},
	pages={3558--3565},
	year={2014}
}

@inproceedings{zhen2019deep,
	title={Deep supervised cross-modal retrieval},
	author={Zhen, Liangli and Hu, Peng and Wang, Xu and Peng, Dezhong},
	booktitle={IEEE Conference on Computer Vision and Pattern Recognition},
	pages={10394--10403},
	year={2019}
}



@article{wang2023efficient,
	title={Efficient and effective one-step multiview clustering},
	author={Wang, Jun and Tang, Chang and Wan, Zhiguo and Zhang, Wei and Sun, Kun and Zomaya, Albert Y},
	journal={IEEE Transactions on Neural Networks and Learning Systems},
	year={2023},
	publisher={IEEE}
}

@article{fang2023efficient,
	title={Efficient multi-view clustering via unified and discrete bipartite graph learning},
	author={Fang, Si-Guo and Huang, Dong and Cai, Xiao-Sha and Wang, Chang-Dong and He, Chaobo and Tang, Yong},
	journal={IEEE Transactions on Neural Networks and Learning Systems},
	year={2023},
	publisher={IEEE}
}

@inproceedings{zhang2024learning,
	title={Learning Cluster-Wise Anchors for Multi-View Clustering},
	author={Zhang, Chao and Jia, Xiuyi and Li, Zechao and Chen, Chunlin and Li, Huaxiong},
	booktitle={AAAI Conference on Artificial Intelligence},
	volume={38},
	number={15},
	pages={16696--16704},
	year={2024}
}

@inproceedings{wang2015deep,
	title={On deep multi-view representation learning},
	author={Wang, Weiran and Arora, Raman and Livescu, Karen and Bilmes, Jeff},
	booktitle={International Conference on Machine Learning},
	pages={1083--1092},
	year={2015},
	organization={PMLR}
}

@inproceedings{yang2023dealmvc,
	title={Dealmvc: Dual contrastive calibration for multi-view clustering},
	author={Yang, Xihong and Jiaqi, Jin and Wang, Siwei and Liang, Ke and Liu, Yue and Wen, Yi and Liu, Suyuan and Zhou, Sihang and Liu, Xinwang and Zhu, En},
	booktitle={ACM International Conference on Multimedia},
	pages={337--346},
	year={2023}
}

@inproceedings{chen2023deep,
	title={Deep multiview clustering by contrasting cluster assignments},
	author={Chen, Jie and Mao, Hua and Woo, Wai Lok and Peng, Xi},
	booktitle={IEEE Conference on Computer Vision and Pattern Recognition},
	pages={16752--16761},
	year={2023}
}

@article{wu2024self,
	title={Self-Weighted Contrastive Fusion for Deep Multi-View Clustering},
	author={Wu, Song and Zheng, Yan and Ren, Yazhou and He, Jing and Pu, Xiaorong and Huang, Shudong and Hao, Zhifeng and He, Lifang},
	journal={IEEE Transactions on Multimedia},
	year={2024},
	publisher={IEEE}
}

@inproceedings{luo2024simple,
	title={Simple Contrastive Multi-View Clustering with Data-Level Fusion},
	author={Luo, Caixuan and Xu, Jie and Ren, Yazhou and Ma, Junbo and Zhu, Xiaofeng},
	booktitle={International Joint Conference on Artificial Intelligence},
	pages={4697--4705},
	year={2024}
}

@inproceedings{xu2024investigating,
	title={Investigating and Mitigating the Side Effects of Noisy Views for Self-Supervised Clustering Algorithms in Practical Multi-View Scenarios},
	author={Xu, Jie and Ren, Yazhou and Wang, Xiaolong and Feng, Lei and Zhang, Zheng and Niu, Gang and Zhu, Xiaofeng},
	booktitle={IEEE Conference on Computer Vision and Pattern Recognition},
	pages={22957--22966},
	year={2024}
}

@article{buache2011deficiency,
	title={Deficiency in trefoil factor 1 (TFF1) increases tumorigenicity of human breast cancer cells and mammary tumor development in TFF1-knockout mice},
	author={Buache, E and Etique, N and Alpy, F and Stoll, I and Muckensturm, M and Reina-San-Martin, B and Chenard, MP and Tomasetto, C and Rio, MC},
	journal={Oncogene},
	volume={30},
	number={29},
	pages={3261--3273},
	year={2011},
	publisher={Nature Publishing Group}
}

@article{scheyltjens2022single,
	title={Single-cell RNA and protein profiling of immune cells from the mouse brain and its border tissues},
	author={Scheyltjens, Isabelle and Van Hove, Hannah and De Vlaminck, Karen and Kancheva, Daliya and Bastos, Jonathan and Vara-P{\'e}rez, M{\'o}nica and Pombo Antunes, Ana Rita and Martens, Liesbet and Scott, Charlotte L and Van Ginderachter, Jo A and others},
	journal={Nature Protocols},
	volume={17},
	number={10},
	pages={2354--2388},
	year={2022},
	publisher={Nature Publishing Group UK London}
}

@article{wolf2018scanpy,
	title={SCANPY: large-scale single-cell gene expression data analysis},
	author={Wolf, F Alexander and Angerer, Philipp and Theis, Fabian J},
	journal={Genome biology},
	volume={19},
	pages={1--5},
	year={2018},
	publisher={Springer}
}

@article{hu2021spagcn,
	title={SpaGCN: Integrating gene expression, spatial location and histology to identify spatial domains and spatially variable genes by graph convolutional network},
	author={Hu, Jian and Li, Xiangjie and Coleman, Kyle and Schroeder, Amelia and Ma, Nan and Irwin, David J and Lee, Edward B and Shinohara, Russell T and Li, Mingyao},
	journal={Nature methods},
	volume={18},
	number={11},
	pages={1342--1351},
	year={2021},
	publisher={Nature Publishing Group US New York}
}


@article{xu2022deepst,
	title={DeepST: identifying spatial domains in spatial transcriptomics by deep learning},
	author={Xu, Chang and Jin, Xiyun and Wei, Songren and Wang, Pingping and Luo, Meng and Xu, Zhaochun and Yang, Wenyi and Cai, Yideng and Xiao, Lixing and Lin, Xiaoyu and others},
	journal={Nucleic Acids Research},
	volume={50},
	number={22},
	pages={e131--e131},
	year={2022},
	publisher={Oxford University Press}
}

@article{liu2023graph,
	title={Graph deep learning enabled spatial domains identification for spatial transcriptomics},
	author={Liu, Teng and Fang, Zhao-Yu and Li, Xin and Zhang, Li-Ning and Cao, Dong-Sheng and Yin, Ming-Zhu},
	journal={Briefings in Bioinformatics},
	volume={24},
	number={3},
	pages={bbad146},
	year={2023},
	publisher={Oxford University Press}
}


@article{long2023spatially,
	title={Spatially informed clustering, integration, and deconvolution of spatial transcriptomics with GraphST},
	author={Long, Yahui and Ang, Kok Siong and Li, Mengwei and Chong, Kian Long Kelvin and Sethi, Raman and Zhong, Chengwei and Xu, Hang and Ong, Zhiwei and Sachaphibulkij, Karishma and Chen, Ao and others},
	journal={Nature Communications},
	volume={14},
	number={1},
	pages={1155},
	year={2023},
	publisher={Nature Publishing Group UK London}
}

@article{wang2023spatial,
	title={Spatial-MGCN: a novel multi-view graph convolutional network for identifying spatial domains with attention mechanism},
	author={Wang, Bo and Luo, Jiawei and Liu, Ying and Shi, Wanwan and Xiong, Zehao and Shen, Cong and Long, Yahui},
	journal={Briefings in Bioinformatics},
	volume={24},
	number={5},
	pages={bbad262},
	year={2023},
	publisher={Oxford University Press}
}

@article{pham2020stlearn,
	title={stLearn: integrating spatial location, tissue morphology and gene expression to find cell types, cell-cell interactions and spatial trajectories within undissociated tissues},
	author={Pham, Duy and Tan, Xiao and Xu, Jun and Grice, Laura F and Lam, Pui Yeng and Raghubar, Arti and Vukovic, Jana and Ruitenberg, Marc J and Nguyen, Quan},
	journal={BioRxiv},
	pages={2020--05},
	year={2020},
	publisher={Cold Spring Harbor Laboratory}
}

@inproceedings{wencellplm,
	title={CellPLM: Pre-training of Cell Language Model Beyond Single Cells},
	author={Wen, Hongzhi and Tang, Wenzhuo and Dai, Xinnan and Ding, Jiayuan and Jin, Wei and Xie, Yuying and Tang, Jiliang},
	booktitle={International Conference on Learning Representations},
	year={2024}
}

@article{zhang2024stmmr,
	title={stMMR: accurate and robust spatial domain identification from spatially resolved transcriptomics with multimodal feature representation},
	author={Zhang, Daoliang and Yu, Na and Yuan, Zhiyuan and Li, Wenrui and Sun, Xue and Zou, Qi and Li, Xiangyu and Liu, Zhiping and Zhang, Wei and Gao, Rui},
	journal={GigaScience},
	volume={13},
	pages={giae089},
	year={2024},
	publisher={Oxford University Press}
}

@article{zhu2024multi,
	author={Zhu, Yanran and He, Xiao and Tang, Chang and Liu, Xinwang and Liu, Yuanyuan and He, Kunlun},
	journal={IEEE Transactions on Knowledge and Data Engineering}, 
	title={Multi-View Adaptive Fusion Network for Spatially Resolved Transcriptomics Data Clustering}, 
	year={2024},
	volume={36},
	number={12},
	pages={8889-8900},
	doi={10.1109/TKDE.2024.3450333}
}

@inproceedings{he2024heterogeneous,
	title={Heterogeneous Graph Guided Contrastive Learning for Spatially Resolved Transcriptomics Data},
	author={He, Xiao and Tang, Chang and Liu, Xinwang and Li, Chuankun and An, Shan and Li, Zhenglai},
	booktitle={Proceedings of the 32nd ACM International Conference on Multimedia},
	pages={8287--8295},
	year={2024}
}

@article{paszke2019pytorch,
	title={Pytorch: An imperative style, high-performance deep learning library},
	author={Paszke, Adam and Gross, Sam and Massa, Francisco and Lerer, Adam and Bradbury, James and Chanan, Gregory and Killeen, Trevor and Lin, Zeming and Gimelshein, Natalia and Antiga, Luca and others},
	journal={Advances in Neural Information Processing Systems},
	volume={32},
	year={2019}
}


@article{kingma2014adam,
	title={Adam: A method for stochastic optimization},
	author={Kingma, Diederik P},
	journal={arXiv preprint arXiv:1412.6980},
	year={2014}
}

@inproceedings{caesar2020nuscenes,
	title={nuscenes: A multimodal dataset for autonomous driving},
	author={Caesar, Holger and Bankiti, Varun and Lang, Alex H and Vora, Sourabh and Liong, Venice Erin and Xu, Qiang and Krishnan, Anush and Pan, Yu and Baldan, Giancarlo and Beijbom, Oscar},
	booktitle={IEEE Conference on Computer Vision and Pattern Recognition},
	pages={11621--11631},
	year={2020}
}

@inproceedings{li2024mvbench,
	title={Mvbench: A comprehensive multi-modal video understanding benchmark},
	author={Li, Kunchang and Wang, Yali and He, Yinan and Li, Yizhuo and Wang, Yi and Liu, Yi and Wang, Zun and Xu, Jilan and Chen, Guo and Luo, Ping and others},
	booktitle={IEEE Conference on Computer Vision and Pattern Recognition},
	pages={22195--22206},
	year={2024}
}


@article{han2022survey,
	title={A survey on vision transformer},
	author={Han, Kai and Wang, Yunhe and Chen, Hanting and Chen, Xinghao and Guo, Jianyuan and Liu, Zhenhua and Tang, Yehui and Xiao, An and Xu, Chunjing and Xu, Yixing and others},
	journal={IEEE Transactions on Pattern Analysis and Machine Intelligence},
	volume={45},
	number={1},
	pages={87--110},
	year={2022},
	publisher={IEEE}
}

@inproceedings{wei2022masked,
	title={Masked feature prediction for self-supervised visual pre-training},
	author={Wei, Chen and Fan, Haoqi and Xie, Saining and Wu, Chao-Yuan and Yuille, Alan and Feichtenhofer, Christoph},
	booktitle={IEEE Conference on Computer Vision and Pattern Recognition},
	pages={14668--14678},
	year={2022}
}

@article{zhou2024survey,
	title={A Survey and an Empirical Evaluation of Multi-view Clustering Approaches},
	author={Zhou, Lihua and Du, Guowang and L{\"u}, Kevin and Wang, Lizheng and Du, Jingwei},
	journal={ACM Computing Surveys},
	volume={56},
	number={7},
	pages={1--38},
	year={2024},
	publisher={ACM New York, NY}
}

@article{block2020social,
	title={Social network-based distancing strategies to flatten the COVID-19 curve in a post-lockdown world},
	author={Block, Per and Hoffman, Marion and Raabe, Isabel J and Dowd, Jennifer Beam and Rahal, Charles and Kashyap, Ridhi and Mills, Melinda C},
	journal={Nature Human Behaviour},
	volume={4},
	number={6},
	pages={588--596},
	year={2020},
	publisher={Nature Publishing Group UK London}
}

@article{liang2024clusterfomer,
	title={Clusterfomer: clustering as a universal visual learner},
	author={Liang, James and Cui, Yiming and Wang, Qifan and Geng, Tong and Wang, Wenguan and Liu, Dongfang},
	journal={Advances in Neural Information Processing Systems},
	volume={36},
	year={2024}
}

@article{kiselev2019challenges,
	title={Challenges in unsupervised clustering of single-cell RNA-seq data},
	author={Kiselev, Vladimir Yu and Andrews, Tallulah S and Hemberg, Martin},
	journal={Nature Reviews Genetics},
	volume={20},
	number={5},
	pages={273--282},
	year={2019},
	publisher={Nature Publishing Group UK London}
}

@article{fang2023comprehensive,
	title={A comprehensive survey on multi-view clustering},
	author={Fang, Uno and Li, Man and Li, Jianxin and Gao, Longxiang and Jia, Tao and Zhang, Yanchun},
	journal={IEEE Transactions on Knowledge and Data Engineering},
	volume={35},
	number={12},
	pages={12350--12368},
	year={2023},
	publisher={IEEE}
}

@inproceedings{trosten2023effects,
	title={On the effects of self-supervision and contrastive alignment in deep multi-view clustering},
	author={Trosten, Daniel J and L{\o}kse, Sigurd and Jenssen, Robert and Kampffmeyer, Michael C},
	booktitle={IEEE Conference on Computer Vision and Pattern Recognition},
	pages={23976--23985},
	year={2023}
}

@article{xie2020joint,
	title={Joint deep multi-view learning for image clustering},
	author={Xie, Yuan and Lin, Bingqian and Qu, Yanyun and Li, Cuihua and Zhang, Wensheng and Ma, Lizhuang and Wen, Yonggang and Tao, Dacheng},
	journal={IEEE Transactions on Knowledge and Data Engineering},
	volume={33},
	number={11},
	pages={3594--3606},
	year={2020},
	publisher={IEEE}
}

@article{wang2024multiple,
	title={Multiple Kernel Clustering with Adaptive Multi-scale Partition Selection},
	author={Wang, Jun and Li, Zhenglai and Tang, Chang and Liu, Suyuan and Wan, Xinhang and Liu, Xinwang},
	journal={IEEE Transactions on Knowledge and Data Engineering},
	year={2024},
	publisher={IEEE}
}

@inproceedings{wangevaluate,
	title={Evaluate then Cooperate: Shapley-based View Cooperation Enhancement for Multi-view Clustering},
	author={Wang, Fangdi and Jin, Jiaqi and Hu, Jingtao and Liu, Suyuan and Yang, Xihong and Wang, Siwei and Liu, Xinwang and Zhu, En},
	booktitle={Advances in Neural Information Processing Systems},
	year={2024}
}

@article{he2003locality,
	title={Locality preserving projections},
	author={He, Xiaofei and Niyogi, Partha},
	journal={Advances in Neural Information Processing Systems},
	volume={16},
	year={2003}
}

@inproceedings{cha2024honeybee,
	title={Honeybee: Locality-enhanced projector for multimodal llm},
	author={Cha, Junbum and Kang, Wooyoung and Mun, Jonghwan and Roh, Byungseok},
	booktitle={IEEE Conference on Computer Vision and Pattern Recognition},
	pages={13817--13827},
	year={2024}
}

@article{tang2021cross,
	title={Cross-view locality preserved diversity and consensus learning for multi-view unsupervised feature selection},
	author={Tang, Chang and Zheng, Xiao and Liu, Xinwang and Zhang, Wei and Zhang, Jing and Xiong, Jian and Wang, Lizhe},
	journal={IEEE Transactions on Knowledge and Data Engineering},
	volume={34},
	number={10},
	pages={4705--4716},
	year={2021},
	publisher={IEEE}
}

@article{gander1980algorithms,
	title={Algorithms for the QR decomposition},
	author={Gander, Walter},
	journal={Res. Rep},
	volume={80},
	number={02},
	pages={1251--1268},
	year={1980}
}


@inproceedings{chen2020simple,
	title={A simple framework for contrastive learning of visual representations},
	author={Chen, Ting and Kornblith, Simon and Norouzi, Mohammad and Hinton, Geoffrey},
	booktitle={International Conference on Machine Learning},
	pages={1597--1607},
	year={2020},
	organization={PMLR}
}

@inproceedings{wang2021understanding,
	title={Understanding the behaviour of contrastive loss},
	author={Wang, Feng and Liu, Huaping},
	booktitle={IEEE Conference on Computer Vision and Pattern Recognition},
	pages={2495--2504},
	year={2021}
}


@inproceedings{yu2022zinb,
	title={Zinb-based graph embedding autoencoder for single-cell rna-seq interpretations},
	author={Yu, Zhuohan and Lu, Yifu and Wang, Yunhe and Tang, Fan and Wong, Ka-Chun and Li, Xiangtao},
	booktitle={AAAI Conference on Artificial Intelligence},
	volume={36},
	number={4},
	pages={4671--4679},
	year={2022}
}


@article{zou2024look,
	title={Look Twice Before You Answer: Memory-Space Visual Retracing for Hallucination Mitigation in Multimodal Large Language Models},
	author={Zou, Xin and Wang, Yizhou and Yan, Yibo and Huang, Sirui and Zheng, Kening and Chen, Junkai and Tang, Chang and Hu, Xuming},
	journal={arXiv preprint arXiv:2410.03577},
	year={2024}
}


@inproceedings{zou2023dpnet,
	title={DPNET: Dynamic Poly-attention Network for Trustworthy Multi-modal Classification},
	author={Zou, Xin and Tang, Chang and Zheng, Xiao and Li, Zhenglai and He, Xiao and An, Shan and Liu, Xinwang},
	booktitle={Proceedings of the 31st ACM International Conference on Multimedia},
	pages={3550--3559},
	year={2023}
}

@inproceedings{li2023incomplete,
	title={Incomplete multi-view clustering via prototype-based imputation},
	author={Li, Haobin and Li, Yunfan and Yang, Mouxing and Hu, Peng and Peng, Dezhong and Peng, Xi},
	booktitle={International Joint Conference on Artificial Intelligence},
	pages={3911--3919},
	year={2023}
}

@inproceedings{pu2024adaptive,
	title={Adaptive Feature Imputation with Latent Graph for Deep Incomplete Multi-View Clustering},
	author={Pu, Jingyu and Cui, Chenhang and Chen, Xinyue and Ren, Yazhou and Pu, Xiaorong and Hao, Zhifeng and Philip, S Yu and He, Lifang},
	booktitle={AAAI Conference on Artificial Intelligence},
	volume={38},
	number={13},
	pages={14633--14641},
	year={2024}
}

@inproceedings{liu2021hierarchical,
	title={Hierarchical multiple kernel clustering},
	author={Liu, Jiyuan and Liu, Xinwang and Wang, Siwei and Zhou, Sihang and Yang, Yuexiang},
	booktitle={AAAI conference on artificial intelligence},
	volume={35},
	number={10},
	pages={8671--8679},
	year={2021}
}

@article{liu2022simplemkkm,
	title={Simplemkkm: Simple multiple kernel k-means},
	author={Liu, Xinwang},
	journal={IEEE Transactions on Pattern Analysis and Machine Intelligence},
	volume={45},
	number={4},
	pages={5174--5186},
	year={2022},
	publisher={IEEE}
}

@inproceedings{hu2019one,
	title={One-pass incomplete multi-view clustering},
	author={Hu, Menglei and Chen, Songcan},
	booktitle={AAAI Conference on Artificial Intelligence},
	volume={33},
	number={01},
	pages={3838--3845},
	year={2019}
}

@article{khan2024weighted,
	title={Weighted concept factorization based incomplete multi-view clustering},
	author={Khan, Ghufran Ahmad and Khan, Jalaluddin and Anwar, Taushif and Ashraf, Zubair and Javed, Mohammad Hafeez and Diallo, Bassoma},
	journal={IEEE Transactions on Artificial Intelligence},
	year={2024},
	publisher={IEEE}
}


@inproceedings{du2024fast,
	title={Fast and scalable incomplete multi-view clustering with duality optimal graph filtering},
	author={Du, Liang and Shi, Yukai and Chen, Yan and Zhou, Peng and Qian, Yuhua},
	booktitle={ACM International Conference on Multimedia},
	pages={8893--8902},
	year={2024}
}

@article{li2022refining,
	title={Refining graph structure for incomplete multi-view clustering},
	author={Li, Xiang-Long and Chen, Man-Sheng and Wang, Chang-Dong and Lai, Jian-Huang},
	journal={IEEE Transactions on Neural Networks and Learning Systems},
	volume={35},
	number={2},
	pages={2300--2313},
	year={2022},
	publisher={IEEE}
}

@article{9556554,
	author={Liu, Xinwang},
	journal={IEEE Transactions on Pattern Analysis and Machine Intelligence}, 
	title={Incomplete Multiple Kernel Alignment Maximization for Clustering}, 
	year={2024},
	volume={46},
	number={3},
	pages={1412-1424},
}

@article{LI2024102086,
  title={Incomplete multiview subspace clustering based on multiple kernel low-redundant representation learning},
author={Li, Ao and Feng, Cong and Cheng, Yuan and Zhang, Yingtao and Yang, Hailu},
journal={Information Fusion},
volume={103},
pages={102086},
year={2024},
publisher={Elsevier}
}

@inproceedings{wen2020dimc,
	title={Dimc-net: Deep incomplete multi-view clustering network},
	author={Wen, Jie and Zhang, Zheng and Zhang, Zhao and Wu, Zhihao and Fei, Lunke and Xu, Yong and Zhang, Bob},
	booktitle={ACM International Conference on Multimedia},
	pages={3753--3761},
	year={2020}
}

@inproceedings{xu2022deep,
	title={Deep incomplete multi-view clustering via mining cluster complementarity},
	author={Xu, Jie and Li, Chao and Ren, Yazhou and Peng, Liang and Mo, Yujie and Shi, Xiaoshuang and Zhu, Xiaofeng},
	booktitle={AAAI Conference on Artificial Intelligence},
	volume={36},
	number={8},
	pages={8761--8769},
	year={2022}
}

@article{xue2024robust,
	title={Robust Multi-Graph Contrastive Network for Incomplete Multi-View Clustering},
	author={Xue, Zhe and Li, Yawen and Guan, Zhongchao and Li, Wenling and Liang, Meiyu and Zhou, Hai},
	journal={IEEE Transactions on Multimedia},
	year={2024},
	publisher={IEEE}
}

@inproceedings{tang2022deep,
	title={Deep safe incomplete multi-view clustering: Theorem and algorithm},
	author={Tang, Huayi and Liu, Yong},
	booktitle={International Conference on Machine Learning},
	pages={21090--21110},
	year={2022},
	organization={PMLR}
}

@InProceedings{Yan_2023_CVPR,
	author    = {Yan, Weiqing and Zhang, Yuanyang and Lv, Chenlei and Tang, Chang and Yue, Guanghui and Liao, Liang and Lin, Weisi},
	title     = {GCFAgg: Global and Cross-View Feature Aggregation for Multi-View Clustering},
	booktitle = {IEEE/CVF Conference on Computer Vision and Pattern Recognition},
	month     = {June},
	year      = {2023},
	pages     = {19863-19872}
}

@inproceedings{jin2023deep,
	title={Deep incomplete multi-view clustering with cross-view partial sample and prototype alignment},
	author={Jin, Jiaqi and Wang, Siwei and Dong, Zhibin and Liu, Xinwang and Zhu, En},
	booktitle={IEEE/CVF Conference on Computer Vision and Pattern Recognition},
	pages={11600--11609},
	year={2023}
}

@article{yang2024geometric,
	title={Geometric-inspired graph-based Incomplete Multi-view Clustering},
	author={Yang, Zequn and Zhang, Han and Wei, Yake and Wang, Zheng and Nie, Feiping and Hu, Di},
	journal={Pattern Recognition},
	volume={147},
	pages={110082},
	year={2024},
	publisher={Elsevier}
}

@inproceedings{yeh2022decoupled,
	title={Decoupled contrastive learning},
	author={Yeh, Chun-Hsiao and Hong, Cheng-Yao and Hsu, Yen-Chi and Liu, Tyng-Luh and Chen, Yubei and LeCun, Yann},
	booktitle={European Conference on Computer Vision},
	pages={668--684},
	year={2022},
	organization={Springer}
}


@article{yang2022robust,
	title={Robust multi-view clustering with incomplete information},
	author={Yang, Mouxing and Li, Yunfan and Hu, Peng and Bai, Jinfeng and Lv, Jiancheng and Peng, Xi},
	journal={IEEE Transactions on Pattern Analysis and Machine Intelligence},
	volume={45},
	number={1},
	pages={1055--1069},
	year={2022},
	publisher={IEEE}
}

@article{wen2020adaptive,
	title={Adaptive graph completion based incomplete multi-view clustering},
	author={Wen, Jie and Yan, Ke and Zhang, Zheng and Xu, Yong and Wang, Junqian and Fei, Lunke and Zhang, Bob},
	journal={IEEE Transactions on Multimedia},
	volume={23},
	pages={2493--2504},
	year={2020},
	publisher={IEEE}
}

@article{yin2021incomplete,
	title={Incomplete multi-view clustering with reconstructed views},
	author={Yin, Jun and Sun, Shiliang},
	journal={IEEE Transactions on Knowledge and Data Engineering},
	volume={35},
	number={3},
	pages={2671--2682},
	year={2021},
	publisher={IEEE}
}

@inproceedings{wang2022highly,
	title={Highly-efficient incomplete large-scale multi-view clustering with consensus bipartite graph},
	author={Wang, Siwei and Liu, Xinwang and Liu, Li and Tu, Wenxuan and Zhu, Xinzhong and Liu, Jiyuan and Zhou, Sihang and Zhu, En},
	booktitle={IEEE/CVF Conference on Computer Vision and Pattern Recognition},
	pages={9776--9785},
	year={2022}
}

@inproceedings{xu2024deep,
	title={Deep Variational Incomplete Multi-View Clustering: Exploring Shared Clustering Structures},
	author={Xu, Gehui and Wen, Jie and Liu, Chengliang and Hu, Bing and Liu, Yicheng and Fei, Lunke and Wang, Wei},
	booktitle={AAAI Conference on Artificial Intelligence},
	volume={38},
	number={14},
	pages={16147--16155},
	year={2024}
}

@article{yan2024deep,
	title={Deep Incomplete Multi-View Clustering via Dynamic Imputation and Triple Alignment with Dual Optimization},
	author={Yan, Weiqing and Liu, Kanglong and Zhou, Wujie and Tang, Chang},
	journal={IEEE Transactions on Circuits and Systems for Video Technology},
	year={2024},
	publisher={IEEE}
}

@article{wang2021survey,
	title={Survey on deep multi-modal data analytics: Collaboration, rivalry, and fusion},
	author={Wang, Yang},
	journal={ACM Transactions on Multimedia Computing, Communications, and Applications},
	volume={17},
	number={1s},
	pages={1--25},
	year={2021},
	publisher={ACM New York, NY}
}

@article{wang2023large,
	title={Large-scale multi-modal pre-trained models: A comprehensive survey},
	author={Wang, Xiao and Chen, Guangyao and Qian, Guangwu and Gao, Pengcheng and Wei, Xiao-Yong and Wang, Yaowei and Tian, Yonghong and Gao, Wen},
	journal={Machine Intelligence Research},
	volume={20},
	number={4},
	pages={447--482},
	year={2023},
	publisher={Springer}
}

@article{schiappa2023self,
	title={Self-supervised learning for videos: A survey},
	author={Schiappa, Madeline C and Rawat, Yogesh S and Shah, Mubarak},
	journal={ACM Computing Surveys},
	volume={55},
	number={13s},
	pages={1--37},
	year={2023},
	publisher={ACM New York, NY}
}

@article{meilua2024manifold,
	title={Manifold learning: What, how, and why},
	author={Meil{\u{a}}, Marina and Zhang, Hanyu},
	journal={Annual Review of Statistics and Its Application},
	volume={11},
	year={2024},
	publisher={Annual Reviews}
}

@article{khosla2020supervised,
	title={Supervised contrastive learning},
	author={Khosla, Prannay and Teterwak, Piotr and Wang, Chen and Sarna, Aaron and Tian, Yonglong and Isola, Phillip and Maschinot, Aaron and Liu, Ce and Krishnan, Dilip},
	journal={Advances in Neural Information Processing Systems},
	volume={33},
	pages={18661--18673},
	year={2020}
}

@inproceedings{he2020momentum,
	title={Momentum contrast for unsupervised visual representation learning},
	author={He, Kaiming and Fan, Haoqi and Wu, Yuxin and Xie, Saining and Girshick, Ross},
	booktitle={IEEE/CVF conference on Computer Vision and Pattern Recognition},
	pages={9729--9738},
	year={2020}
}

@article{caron2020unsupervised,
	title={Unsupervised learning of visual features by contrasting cluster assignments},
	author={Caron, Mathilde and Misra, Ishan and Mairal, Julien and Goyal, Priya and Bojanowski, Piotr and Joulin, Armand},
	journal={Advances in Neural Information Processing Systems},
	volume={33},
	pages={9912--9924},
	year={2020}
}

@article{gui2024survey,
	title={A Survey on Self-supervised Learning: Algorithms, Applications, and Future Trends},
	author={Gui, Jie and Chen, Tuo and Zhang, Jing and Cao, Qiong and Sun, Zhenan and Luo, Hao and Tao, Dacheng},
	journal={IEEE Transactions on Pattern Analysis and Machine Intelligence},
	year={2024},
	publisher={IEEE}
}

@article{xia2021graph,
	title={Graph learning: A survey},
	author={Xia, Feng and Sun, Ke and Yu, Shuo and Aziz, Abdul and Wan, Liangtian and Pan, Shirui and Liu, Huan},
	journal={IEEE Transactions on Artificial Intelligence},
	volume={2},
	number={2},
	pages={109--127},
	year={2021},
	publisher={IEEE}
}

@article{jia2021multi,
	title={Multi-view spectral clustering tailored tensor low-rank representation},
	author={Jia, Yuheng and Liu, Hui and Hou, Junhui and Kwong, Sam and Zhang, Qingfu},
	journal={IEEE Transactions on Circuits and Systems for Video Technology},
	volume={31},
	number={12},
	pages={4784--4797},
	year={2021},
	publisher={IEEE}
}

@article{jiang2022tensorial,
	title={Tensorial multi-view clustering via low-rank constrained high-order graph learning},
	author={Jiang, Guangqi and Peng, Jinjia and Wang, Huibing and Mi, Zetian and Fu, Xianping},
	journal={IEEE Transactions on Circuits and Systems for Video Technology},
	volume={32},
	number={8},
	pages={5307--5318},
	year={2022},
	publisher={IEEE}
}

@article{ke2023clustering,
	title={A clustering-guided contrastive fusion for multi-view representation learning},
	author={Ke, Guanzhou and Chao, Guoqing and Wang, Xiaoli and Xu, Chenyang and Zhu, Yongqi and Yu, Yang},
	journal={IEEE Transactions on Circuits and Systems for Video Technology},
	volume={34},
	number={4},
	pages={2056--2069},
	year={2023},
	publisher={IEEE}
}

@article{zhao2025scalable,
	title={Scalable Multi-view Regression Clustering for Large-scale Data},
	author={Zhao, Xiaowei and Fan, Jie and Chang, Xiaojun and Nie, Feiping and Zhang, Qiang and Guo, Jun},
	journal={IEEE Transactions on Circuits and Systems for Video Technology},
	year={2025},
	publisher={IEEE}
}

@article{yan2024deep,
	title={Deep Incomplete Multi-View Clustering via Dynamic Imputation and Triple Alignment with Dual Optimization},
	author={Yan, Weiqing and Liu, Kanglong and Zhou, Wujie and Tang, Chang},
	journal={IEEE Transactions on Circuits and Systems for Video Technology},
	year={2024},
	publisher={IEEE}
}