@misc{antematter2024optimizing,
  title = {Optimizing retrieval-augmented generation with advanced chunking techniques: A comparative study.},
  author = {\text{Antematter Team}},
  Publisher = {Antematter},
  howpublished = {\url{https://antematter.io/blogs/optimizing-rag-advanced-chunking-techniques-study}},
  year={2024}
}

@misc{anurag2023chunkingstrategies,
  title = {Five Levels of Chunking Strategies in RAG| Notes from Gregâ€™s Video},
  author = {Anurag Mishra},
  Publisher = {Medium}

@article{chen2024compress,
  title={Compress to impress: Unleashing the potential of compressive memory in real-world long-term conversations},
  author={Chen, Nuo and Li, Hongguang and Huang, Juhua and Wang, Baoyuan and Li, Jia},
  journal={arXiv preprint arXiv:2402.11975},
  year={2024}
}

@article{duarte2024lumberchunker,
  title={LumberChunker: Long-Form Narrative Document Segmentation},
  author={Duarte, Andr{\'e} V and Marques, Jo{\~a}o and Gra{\c{c}}a, Miguel and Freire, Miguel and Li, Lei and Oliveira, Arlindo L},
  journal={arXiv preprint arXiv:2406.17526},
  year={2024}
}

@inproceedings{feng2020doc2dial,
  title={doc2dial: A Goal-Oriented Document-Grounded Dialogue Dataset},
  author={Feng, Song and Wan, Hui and Gunasekara, Chulaka and Patel, Siva and Joshi, Sachindra and Lastras, Luis},
  booktitle={Proceedings of the 2020 Conference on Empirical Methods in Natural Language Processing (EMNLP)},
  pages={8118--8128},
  year={2020}
}

@misc{kamradt2024semantic,
  title = { Semantic chunking.},
  author = {\text{Greg Kamradt}},
  Publisher = {Github},
  howpublished = {\url{https://github.com/FullStackRetrieval-com/RetrievalTutorials/tree/main/tutorials/LevelsOfTextSplitting}},
  year={2024}
}

@inproceedings{karpukhin2020dense,
  title={Dense Passage Retrieval for Open-Domain Question Answering},
  author={Karpukhin, Vladimir and Oguz, Barlas and Min, Sewon and Lewis, Patrick and Wu, Ledell and Edunov, Sergey and Chen, Danqi and Yih, Wen-tau},
  booktitle={Proceedings of the 2020 Conference on Empirical Methods in Natural Language Processing (EMNLP)},
  pages={6769--6781},
  year={2020}
}

@misc{langchain2023conversational,
  title = {Conversational RAG},
  author = {\text{LangChain Team}},
  Publisher = {LangChain document},
  howpublished = {\url{https://python.langchain.com/v0.2/docs/tutorials/qa_chat_history/}},
  year={2023}
}

@inproceedings{lee2022sequential,
  title={Sequential reptile: inter-task gradient alignment for multilingual learning},
  author={Lee, Seanie and Lee, Hae Beom and Lee, Juho and Hwang, Sung Ju},
  booktitle={Tenth International Conference on Learning Representations},
  year={2022},
  organization={International Conference on Learning Representations}
}

@inproceedings{lee2023prompted,
  title={Prompted LLMs as Chatbot Modules for Long Open-domain Conversation},
  author={Lee, Gibbeum and Hartmann, Volker and Park, Jongho and Papailiopoulos, Dimitris and Lee, Kangwook},
  booktitle={Findings of the Association for Computational Linguistics: ACL 2023},
  pages={4536--4554},
  year={2023}
}

@article{lee2024effective,
  title={Effective and Efficient Conversation Retrieval for Dialogue State Tracking with Implicit Text Summaries},
  author={Lee, Seanie and Chen, Jianpeng and Driesen, Joris and Coca, Alexandru and Johannsen, Anders},
  journal={arXiv preprint arXiv:2402.13043},
  year={2024}
}

@article{li2024hello,
  title={Hello Again! LLM-powered Personalized Agent for Long-term Dialogue},
  author={Li, Hao and Yang, Chenghao and Zhang, An and Deng, Yang and Wang, Xiang and Chua, Tat-Seng},
  journal={arXiv preprint arXiv:2406.05925},
  year={2024}
}

@misc{llamaindex2023buffer,
  title = {Chat Memory Buffer},
  author = {\text{LlamaIndex Team}},
  Publisher = {LlamaIndex document},
  howpublished = {\url{https://docs.llamaindex.ai/en/stable/api_reference/memory/chat_memory_buffer/}},
  year={2023}
}

@article{lu2023memochat,
  title={Memochat: Tuning llms to use memos for consistent long-range open-domain conversation},
  author={Lu, Junru and An, Siyu and Lin, Mingbao and Pergola, Gabriele and He, Yulan and Yin, Di and Sun, Xing and Wu, Yunsheng},
  journal={arXiv preprint arXiv:2308.08239},
  year={2023}
}

@article{maharana2024evaluating,
  title={Evaluating very long-term conversational memory of llm agents},
  author={Maharana, Adyasha and Lee, Dong-Ho and Tulyakov, Sergey and Bansal, Mohit and Barbieri, Francesco and Fang, Yuwei},
  journal={arXiv preprint arXiv:2402.17753},
  year={2024}
}

@inproceedings{mao2022curriculum,
  title={Curriculum contrastive context denoising for few-shot conversational dense retrieval},
  author={Mao, Kelong and Dou, Zhicheng and Qian, Hongjin},
  booktitle={Proceedings of the 45th International ACM SIGIR Conference on Research and Development in Information Retrieval},
  pages={176--186},
  year={2022}
}

@incollection{mccloskey1989catastrophic,
  title={Catastrophic interference in connectionist networks: The sequential learning problem},
  author={McCloskey, Michael and Cohen, Neal J},
  booktitle={Psychology of learning and motivation},
  volume={24},
  pages={109--165},
  year={1989},
  publisher={Elsevier}
}

@article{ravfogel2023retrieving,
  title={Retrieving texts based on abstract descriptions},
  author={Ravfogel, Shauli and Pyatkin, Valentina and Cohen, Amir DN and Manevich, Avshalom and Goldberg, Yoav},
  journal={arXiv preprint arXiv:2305.12517},
  year={2023}
}

@inproceedings{shi2023large,
  title={Large language models can be easily distracted by irrelevant context},
  author={Shi, Freda and Chen, Xinyun and Misra, Kanishka and Scales, Nathan and Dohan, David and Chi, Ed H and Sch{\"a}rli, Nathanael and Zhou, Denny},
  booktitle={International Conference on Machine Learning},
  pages={31210--31227},
  year={2023},
  organization={PMLR}
}

@inproceedings{strzalkowski1998summarization,
  title={Summarization-based query expansion in information retrieval},
  author={Strzalkowski, Tomek and Wang, Jin and Wise, G Bowden},
  booktitle={COLING 1998 Volume 2: The 17th International Conference on Computational Linguistics},
  year={1998}
}

@article{team2023gemini,
  title={Gemini: a family of highly capable multimodal models},
  author={Team, Gemini and Anil, Rohan and Borgeaud, Sebastian and Wu, Yonghui and Alayrac, Jean-Baptiste and Yu, Jiahui and Soricut, Radu and Schalkwyk, Johan and Dai, Andrew M and Hauth, Anja and others},
  journal={arXiv preprint arXiv:2312.11805},
  year={2023}
}

@article{wang2023recursively,
  title={Recursively summarizing enables long-term dialogue memory in large language models},
  author={Wang, Qingyue and Ding, Liang and Cao, Yanan and Tian, Zhiliang and Wang, Shi and Tao, Dacheng and Guo, Li},
  journal={arXiv preprint arXiv:2308.15022},
  year={2023}
}

@inproceedings{wasson2002using,
title = "Using summaries in document retrieval",
author = "Wasson, Mark",
booktitle = "Proceedings of the {ACL}-02 Workshop on Automatic Summarization",
month = jul,
year = "2002",
address = "Phildadelphia, Pennsylvania, USA",
publisher = "Association for Computational Linguistics",
url = "https://aclanthology.org/W02-0405",
doi = "10.3115/1118162.1118167",
pages = "27--36",
}

@article{wu2024tokenselect,
  title={TokenSelect: Efficient Long-Context Inference and Length Extrapolation for LLMs via Dynamic Token-Level KV Cache Selection},
  author={Wu, Wei and Pan, Zhuoshi and Wang, Chao and Chen, Liyi and Bai, Yunchu and Fu, Kun and Wang, Zheng and Xiong, Hui},
  journal={arXiv preprint arXiv:2411.02886},
  year={2024}
}

@inproceedings{xu2022beyond,
  title={Beyond Goldfish Memory: Long-Term Open-Domain Conversation},
  author={Xu, Jing and Szlam, Arthur and Weston, Jason},
  booktitle={Proceedings of the 60th Annual Meeting of the Association for Computational Linguistics (Volume 1: Long Papers)},
  pages={5180--5197},
  year={2022}
}

@article{yu2023chain,
  title={Chain-of-note: Enhancing robustness in retrieval-augmented language models},
  author={Yu, Wenhao and Zhang, Hongming and Pan, Xiaoman and Ma, Kaixin and Wang, Hongwei and Yu, Dong},
  journal={arXiv preprint arXiv:2311.09210},
  year={2023}
}

@article{yuan2023evolving,
  title={Evolving Large Language Model Assistant with Long-Term Conditional Memory},
  author={Yuan, Ruifeng and Sun, Shichao and Wang, Zili and Cao, Ziqiang and Li, Wenjie},
  journal={arXiv preprint arXiv:2312.17257},
  year={2023}
}

@article{zhang2024survey,
  title={A survey on the memory mechanism of large language model based agents},
  author={Zhang, Zeyu and Bo, Xiaohe and Ma, Chen and Li, Rui and Chen, Xu and Dai, Quanyu and Zhu, Jieming and Dong, Zhenhua and Wen, Ji-Rong},
  journal={arXiv preprint arXiv:2404.13501},
  year={2024}
}

@article{zhong2024memorybank, title={MemoryBank: Enhancing Large Language Models with Long-Term Memory}, volume={38}, url={https://ojs.aaai.org/index.php/AAAI/article/view/29946}, DOI={10.1609/aaai.v38i17.29946}, number={17}, journal={Proceedings of the AAAI Conference on Artificial Intelligence}, author={Zhong, Wanjun and Guo, Lianghong and Gao, Qiqi and Ye, He and Wang, Yanlin}, year={2024}, month={Mar.}, pages={19724-19731} }

