@inproceedings{zhang-etal-2018-personalizing,
    title = "Personalizing Dialogue Agents: {I} have a dog, do you have pets too?",
    author = "Zhang, Saizheng  and
      Dinan, Emily  and
      Urbanek, Jack  and
      Szlam, Arthur  and
      Kiela, Douwe  and
      Weston, Jason",
    editor = "Gurevych, Iryna  and
      Miyao, Yusuke",
    booktitle = "Proceedings of the 56th Annual Meeting of the Association for Computational Linguistics (Volume 1: Long Papers)",
    month = jul,
    year = "2018",
    address = "Melbourne, Australia",
    publisher = "Association for Computational Linguistics",
    url = "https://aclanthology.org/P18-1205",
    doi = "10.18653/v1/P18-1205",
    pages = "2204--2213",
}

@article{jandaghi2023faithful,
  title={Faithful persona-based conversational dataset generation with large language models},
  author={Jandaghi, Pegah and Sheng, XiangHai and Bai, Xinyi and Pujara, Jay and Sidahmed, Hakim},
  journal={arXiv preprint arXiv:2312.10007},
  year={2023}
}

@article{reddy2019coqa,
  title={Coqa: A conversational question answering challenge},
  author={Reddy, Siva and Chen, Danqi and Manning, Christopher D},
  journal={Transactions of the Association for Computational Linguistics},
  volume={7},
  pages={249--266},
  year={2019},
  publisher={MIT Press One Rogers Street, Cambridge, MA 02142-1209, USA journals-info~…}
}

@incollection{Bengio+chapter2007,
author = {Bengio, Yoshua and LeCun, Yann},
booktitle = {Large Scale Kernel Machines},
publisher = {MIT Press},
title = {Scaling Learning Algorithms Towards {AI}},
year = {2007}
}

@article{Hinton06,
author = {Hinton, Geoffrey E. and Osindero, Simon and Teh, Yee Whye},
journal = {Neural Computation},
pages = {1527--1554},
title = {A Fast Learning Algorithm for Deep Belief Nets},
volume = {18},
year = {2006}
}

@book{goodfellow2016deep,
title={Deep learning},
author={Goodfellow, Ian and Bengio, Yoshua and Courville, Aaron and Bengio, Yoshua},
volume={1},
year={2016},
publisher={MIT Press}
}

% Use this file for citations not found in the ACL Anthology (contained in "anthology.bib").

@book{Aho:72,
    author  = {Alfred V. Aho and Jeffrey D. Ullman},
    title   = {The Theory of Parsing, Translation and Compiling},
    year    = "1972",
    volume  = "1",
    publisher = {Prentice-Hall},
    address = {Englewood Cliffs, NJ}
}

@book{APA:83,
    author  = {{American Psychological Association}},
    title   = {Publications Manual},
    year    = "1983",
    publisher = {American Psychological Association},
    address = {Washington, DC}
}

@article{huang2023survey,
  title={A survey on hallucination in large language models: Principles, taxonomy, challenges, and open questions},
  author={Huang, Lei and Yu, Weijiang and Ma, Weitao and Zhong, Weihong and Feng, Zhangyin and Wang, Haotian and Chen, Qianglong and Peng, Weihua and Feng, Xiaocheng and Qin, Bing and others},
  journal={arXiv preprint arXiv:2311.05232},
  year={2023}
}

@article{chiang2024over,
  title={Over-reasoning and redundant calculation of large language models},
  author={Chiang, Cheng-Han and Lee, Hung-yi},
  journal={arXiv preprint arXiv:2401.11467},
  year={2024}
}

@inproceedings{gao2021simcse,
  title={SimCSE: Simple Contrastive Learning of Sentence Embeddings},
  author={Gao, Tianyu and Yao, Xingcheng and Chen, Danqi},
  booktitle={Proceedings of the 2021 Conference on Empirical Methods in Natural Language Processing},
  pages={6894--6910},
  year={2021}
}

@article{Chandra:81,
	author = {Ashok K. Chandra and Dexter C. Kozen and Larry J. Stockmeyer},
	year = "1981",
	title = {Alternation},
	journal = {Journal of the Association for Computing Machinery},
	volume = "28",
	number = "1",
	pages = "114--133",
	doi = "10.1145/322234.322243",
}

@inproceedings{andrew2007scalable,
  title={Scalable training of {L1}-regularized log-linear models},
  author={Andrew, Galen and Gao, Jianfeng},
  booktitle={Proceedings of the 24th International Conference on Machine Learning},
  pages={33--40},
  year={2007},
}

@book{Gusfield:97,
    author  = {Dan Gusfield},
    title   = {Algorithms on Strings, Trees and Sequences},
    year    = "1997",
    publisher = {Cambridge University Press},
    address = {Cambridge, UK}
}

@article{rasooli-tetrault-2015,
    author    = {Mohammad Sadegh Rasooli and Joel R. Tetreault},
    title     = {Yara Parser: {A} Fast and Accurate Dependency Parser},
    journal   = {Computing Research Repository},
    volume    = {arXiv:1503.06733},
    year      = {2015},
    url       = {http://arxiv.org/abs/1503.06733},
    note    = {version 2}
}

@article{Ando2005,
	Acmid = {1194905},
	Author = {Ando, Rie Kubota and Zhang, Tong},
	Issn = {1532-4435},
	Issue_Date = {12/1/2005},
	Journal = {Journal of Machine Learning Research},
	Month = dec,
	Numpages = {37},
	Pages = {1817--1853},
	Publisher = {JMLR.org},
	Title = {A Framework for Learning Predictive Structures from Multiple Tasks and Unlabeled Data},
	Volume = {6},
	Year = {2005}
}


@inproceedings{jiang2023superdialseg,
  title={SuperDialseg: A Large-scale Dataset for Supervised Dialogue Segmentation},
  author={Jiang, Junfeng and Dong, Chengzhang and Kurohashi, Sadao and Aizawa, Akiko},
  booktitle={Proceedings of the 2023 Conference on Empirical Methods in Natural Language Processing},
  pages={4086--4101},
  year={2023}
}

@article{gao2023unsupervised,
  title={Unsupervised dialogue topic segmentation with topic-aware utterance representation},
  author={Gao, Haoyu and Wang, Rui and Lin, Ting-En and Wu, Yuchuan and Yang, Min and Huang, Fei and Li, Yongbin},
  journal={arXiv preprint arXiv:2305.02747},
  year={2023}
}

@misc{anurag2023chunkingstrategies,
  title = {Five Levels of Chunking Strategies in RAG| Notes from Greg’s Video},
  author = {Anurag Mishra},
  Publisher = {Medium},
  howpublished = {\url{https://medium.com/@anuragmishra_27746/five-levels-of-chunking-strategies-in-rag-notes-from-gregs-video-7b735895694d}},
  year={2023}
}

@misc{krystian2023nlpchunking,
  title = {From fixed-size to nlp chunking - a deep dive into text chunking techniques.},
  author = {Krystian Safjan},
  Publisher = {Krystian’s Safjan Blog},
  howpublished = {\url{https://safjan.com/from-fixed-size-to-nlp-chunking-a-deep-dive-into-text-chunking-techniques/}},
  year={2023}
}

@article{renze2024self,
  title={Self-Reflection in LLM Agents: Effects on Problem-Solving Performance},
  author={Renze, Matthew and Guven, Erhan},
  journal={arXiv preprint arXiv:2405.06682},
  year={2024}
}

@inproceedings{
shinn2023reflexion,
title={Reflexion: language agents with verbal reinforcement learning},
author={Noah Shinn and Federico Cassano and Ashwin Gopinath and Karthik R Narasimhan and Shunyu Yao},
booktitle={Thirty-seventh Conference on Neural Information Processing Systems},
year={2023},
url={https://openreview.net/forum?id=vAElhFcKW6}
}

@misc{antematter2024optimizing,
  title = {Optimizing retrieval-augmented generation with advanced chunking techniques: A comparative study.},
  author = {\text{Antematter Team}},
  Publisher = {Antematter},
  howpublished = {\url{https://antematter.io/blogs/optimizing-rag-advanced-chunking-techniques-study}},
  year={2024}
}

@misc{kamradt2024semantic,
  title = { Semantic chunking.},
  author = {\text{Greg Kamradt}},
  Publisher = {Github},
  howpublished = {\url{https://github.com/FullStackRetrieval-com/RetrievalTutorials/tree/main/tutorials/LevelsOfTextSplitting}},
  year={2024}
}

@misc{langchain2023parent,
  title = {Parent Document Retriever},
  author = {\text{LangChain Team}},
  Publisher = {LangChain document},
  howpublished = {\url{https://python.langchain.com/v0.1/docs/modules/data_connection/retrievers/parent_document_retriever/}},
  year={2023}
}

@inproceedings{li2021prefix,
  title={Prefix-Tuning: Optimizing Continuous Prompts for Generation},
  author={Li, Xiang Lisa and Liang, Percy},
  booktitle={Proceedings of the 59th Annual Meeting of the Association for Computational Linguistics and the 11th International Joint Conference on Natural Language Processing (Volume 1: Long Papers)},
  pages={4582--4597},
  year={2021}
}

@article{yu2023chain,
  title={Chain-of-note: Enhancing robustness in retrieval-augmented language models},
  author={Yu, Wenhao and Zhang, Hongming and Pan, Xiaoman and Ma, Kaixin and Wang, Hongwei and Yu, Dong},
  journal={arXiv preprint arXiv:2311.09210},
  year={2023}
}

@article{gao2023retrieval,
  title={Retrieval-augmented generation for large language models: A survey},
  author={Gao, Yunfan and Xiong, Yun and Gao, Xinyu and Jia, Kangxiang and Pan, Jinliu and Bi, Yuxi and Dai, Yi and Sun, Jiawei and Wang, Haofen},
  journal={arXiv preprint arXiv:2312.10997},
  year={2023}
}

@inproceedings{wasson2002using,
title = "Using summaries in document retrieval",
author = "Wasson, Mark",
booktitle = "Proceedings of the {ACL}-02 Workshop on Automatic Summarization",
month = jul,
year = "2002",
address = "Phildadelphia, Pennsylvania, USA",
publisher = "Association for Computational Linguistics",
url = "https://aclanthology.org/W02-0405",
doi = "10.3115/1118162.1118167",
pages = "27--36",
}

@Inbook{Amati2009,
author="Amati, Giambattista",
title="BM25",
bookTitle="Encyclopedia of Database Systems",
year="2009",
publisher="Springer US",
address="Boston, MA",
pages="257--260",
isbn="978-0-387-39940-9",
doi="10.1007/978-0-387-39940-9_921",
url="https://doi.org/10.1007/978-0-387-39940-9_921"
}

@article{richardson2023integrating,
  title={Integrating summarization and retrieval for enhanced personalization via large language models},
  author={Richardson, Chris and Zhang, Yao and Gillespie, Kellen and Kar, Sudipta and Singh, Arshdeep and Raeesy, Zeynab and Khan, Omar Zia and Sethy, Abhinav},
  journal={arXiv preprint arXiv:2310.20081},
  year={2023}
}

@misc{langchain2023buffer,
  title = {Conversation Buffer},
  author = {\text{LangChain Team}},
  Publisher = {LangChain document},
  howpublished = {\url{https://python.langchain.com/v0.1/docs/modules/memory/types/buffer/}},
  year={2023}
}

@inproceedings{mazare2018training,
  title={Training Millions of Personalized Dialogue Agents},
  author={Mazare, Pierre-Emmanuel and Humeau, Samuel and Raison, Martin and Bordes, Antoine},
  booktitle={Proceedings of the 2018 Conference on Empirical Methods in Natural Language Processing},
  pages={2775--2779},
  year={2018}
}

@misc{langchain2023conversational,
  title = {Conversational RAG},
  author = {\text{LangChain Team}},
  Publisher = {LangChain document},
  howpublished = {\url{https://python.langchain.com/v0.2/docs/tutorials/qa_chat_history/}},
  year={2023}
}

@article{zhong2024mix,
  title={Mix-of-Granularity: Optimize the Chunking Granularity for Retrieval-Augmented Generation},
  author={Zhong, Zijie and Liu, Hanwen and Cui, Xiaoya and Zhang, Xiaofan and Qin, Zengchang},
  journal={arXiv preprint arXiv:2406.00456},
  year={2024}
}

@article{lee2024effective,
  title={Effective and Efficient Conversation Retrieval for Dialogue State Tracking with Implicit Text Summaries},
  author={Lee, Seanie and Chen, Jianpeng and Driesen, Joris and Coca, Alexandru and Johannsen, Anders},
  journal={arXiv preprint arXiv:2402.13043},
  year={2024}
}

@article{alonso2024toward,
  title={Toward Conversational Agents with Context and Time Sensitive Long-term Memory},
  author={Alonso, Nick and Figliolia, Tom{\'a}s and Ndirango, Anthony and Millidge, Beren},
  journal={arXiv preprint arXiv:2406.00057},
  year={2024}
}

@article{lin2024interpretable,
  title={Interpretable User Satisfaction Estimation for Conversational Systems with Large Language Models},
  author={Lin, Ying-Chun and Neville, Jennifer and Stokes, Jack W and Yang, Longqi and Safavi, Tara and Wan, Mengting and Counts, Scott and Suri, Siddharth and Andersen, Reid and Xu, Xiaofeng and others},
  journal={arXiv preprint arXiv:2403.12388},
  year={2024}
}

@article{pevzner2002critique,
  title={A critique and improvement of an evaluation metric for text segmentation},
  author={Pevzner, Lev and Hearst, Marti A},
  journal={Computational Linguistics},
  volume={28},
  number={1},
  pages={19--36},
  year={2002},
  publisher={MIT Press One Rogers Street, Cambridge, MA 02142-1209, USA journals-info~…}
}

@inproceedings{jiang2023llmlingua,
  title={LLMLingua: Compressing Prompts for Accelerated Inference of Large Language Models},
  author={Jiang, Huiqiang and Wu, Qianhui and Lin, Chin-Yew and Yang, Yuqing and Qiu, Lili},
  booktitle={Proceedings of the 2023 Conference on Empirical Methods in Natural Language Processing},
  pages={13358--13376},
  year={2023}
}

@article{jiang2023longllmlingua,
  title={Longllmlingua: Accelerating and enhancing llms in long context scenarios via prompt compression},
  author={Jiang, Huiqiang and Wu, Qianhui and Luo, Xufang and Li, Dongsheng and Lin, Chin-Yew and Yang, Yuqing and Qiu, Lili},
  journal={arXiv preprint arXiv:2310.06839},
  year={2023}
}

@misc{duarte2024lumberchunkerlongformnarrativedocument,
      title={LumberChunker: Long-Form Narrative Document Segmentation}, 
      author={André V. Duarte and João Marques and Miguel Graça and Miguel Freire and Lei Li and Arlindo L. Oliveira},
      year={2024},
      eprint={2406.17526},
      archivePrefix={arXiv},
      primaryClass={cs.CL},
      url={https://arxiv.org/abs/2406.17526}, 
}

@article{pan2024llmlingua,
  title={Llmlingua-2: Data distillation for efficient and faithful task-agnostic prompt compression},
  author={Pan, Zhuoshi and Wu, Qianhui and Jiang, Huiqiang and Xia, Menglin and Luo, Xufang and Zhang, Jue and Lin, Qingwei and R{\"u}hle, Victor and Yang, Yuqing and Lin, Chin-Yew and others},
  journal={arXiv preprint arXiv:2403.12968},
  year={2024}
}

@article{zhong2024memorybank, title={MemoryBank: Enhancing Large Language Models with Long-Term Memory}, volume={38}, url={https://ojs.aaai.org/index.php/AAAI/article/view/29946}, DOI={10.1609/aaai.v38i17.29946}, number={17}, journal={Proceedings of the AAAI Conference on Artificial Intelligence}, author={Zhong, Wanjun and Guo, Lianghong and Gao, Qiqi and Ye, He and Wang, Yanlin}, year={2024}, month={Mar.}, pages={19724-19731} }

@article{chen2024compress,
  title={Compress to impress: Unleashing the potential of compressive memory in real-world long-term conversations},
  author={Chen, Nuo and Li, Hongguang and Huang, Juhua and Wang, Baoyuan and Li, Jia},
  journal={arXiv preprint arXiv:2402.11975},
  year={2024}
}

@article{liu2024lost,
  title={Lost in the middle: How language models use long contexts},
  author={Liu, Nelson F and Lin, Kevin and Hewitt, John and Paranjape, Ashwin and Bevilacqua, Michele and Petroni, Fabio and Liang, Percy},
  journal={Transactions of the Association for Computational Linguistics},
  volume={12},
  pages={157--173},
  year={2024},
  publisher={MIT Press One Broadway, 12th Floor, Cambridge, Massachusetts 02142, USA~…}
}

@article{yuan2023evolving,
  title={Evolving Large Language Model Assistant with Long-Term Conditional Memory},
  author={Yuan, Ruifeng and Sun, Shichao and Wang, Zili and Cao, Ziqiang and Li, Wenjie},
  journal={arXiv preprint arXiv:2312.17257},
  year={2023}
}

@inproceedings{huang2023memory,
  title={Memory sandbox: Transparent and interactive memory management for conversational agents},
  author={Huang, Ziheng and Gutierrez, Sebastian and Kamana, Hemanth and MacNeil, Stephen},
  booktitle={Adjunct Proceedings of the 36th Annual ACM Symposium on User Interface Software and Technology},
  pages={1--3},
  year={2023}
}

@misc{wiki:Forgetting_curve,
   author = "Wikipedia",
   title = "{Forgetting curve} --- {W}ikipedia{,} The Free Encyclopedia",
   year = "2024",
   howpublished = {\url{http://en.wikipedia.org/w/index.php?title=Forgetting\%20curve&oldid=1222696032}},
   note = "[Online; accessed 30-June-2024]"
 }



@inproceedings{guu2020retrieval,
  title={Retrieval augmented language model pre-training},
  author={Guu, Kelvin and Lee, Kenton and Tung, Zora and Pasupat, Panupong and Chang, Mingwei},
  booktitle={International conference on machine learning},
  pages={3929--3938},
  year={2020},
  organization={PMLR}
}

@inproceedings{strzalkowski1998summarization,
  title={Summarization-based query expansion in information retrieval},
  author={Strzalkowski, Tomek and Wang, Jin and Wise, G Bowden},
  booktitle={COLING 1998 Volume 2: The 17th International Conference on Computational Linguistics},
  year={1998}
}

@article{lewis2020retrieval,
  title={Retrieval-augmented generation for knowledge-intensive nlp tasks},
  author={Lewis, Patrick and Perez, Ethan and Piktus, Aleksandra and Petroni, Fabio and Karpukhin, Vladimir and Goyal, Naman and K{\"u}ttler, Heinrich and Lewis, Mike and Yih, Wen-tau and Rockt{\"a}schel, Tim and others},
  journal={Advances in Neural Information Processing Systems},
  volume={33},
  pages={9459--9474},
  year={2020}
}

@misc{langchain2023summary,
  title = {Conversation Summary Memory},
  author = {\text{LangChain Team}},
  Publisher = {LangChain document},
  howpublished = {\url{https://python.langchain.com/v0.1/docs/modules/memory/types/summary/}},
  year={2023}
}

@misc{lecun2024carpness,
  title = {A new LLM benchmark: the crapness ratio.},
  author = {Yann LeCun},
  Publisher = {X company},
  howpublished = {\url{https://x.com/ylecun/status/1804641976249417882}},
  year={2024}
}

@misc{llamaindex2023summary,
  title = {Chat Summary Memory Buffer},
  author = {\text{LlamaIndex Team}},
  Publisher = {LlamaIndex document},
  howpublished = {\url{https://docs.llamaindex.ai/en/stable/examples/memory/ChatSummaryMemoryBuffer/}},
  year={2023}
}

@misc{llamaindex2023buffer,
  title = {Chat Memory Buffer},
  author = {\text{LlamaIndex Team}},
  Publisher = {LlamaIndex document},
  howpublished = {\url{https://docs.llamaindex.ai/en/stable/api_reference/memory/chat_memory_buffer/}},
  year={2023}
}

@inproceedings{mao2022curriculum,
  title={Curriculum contrastive context denoising for few-shot conversational dense retrieval},
  author={Mao, Kelong and Dou, Zhicheng and Qian, Hongjin},
  booktitle={Proceedings of the 45th International ACM SIGIR Conference on Research and Development in Information Retrieval},
  pages={176--186},
  year={2022}
}

@article{kwan2024mt,
  title={MT-Eval: A Multi-Turn Capabilities Evaluation Benchmark for Large Language Models},
  author={Kwan, Wai-Chung and Zeng, Xingshan and Jiang, Yuxin and Wang, Yufei and Li, Liangyou and Shang, Lifeng and Jiang, Xin and Liu, Qun and Wong, Kam-Fai},
  journal={arXiv preprint arXiv:2401.16745},
  year={2024}
}

@article{wang2023recursively,
  title={Recursively summarizing enables long-term dialogue memory in large language models},
  author={Wang, Qingyue and Ding, Liang and Cao, Yanan and Tian, Zhiliang and Wang, Shi and Tao, Dacheng and Guo, Li},
  journal={arXiv preprint arXiv:2308.15022},
  year={2023}
}

@inproceedings{chen2023stabilized,
  title={Stabilized In-Context Learning with Pre-trained Language Models for Few Shot Dialogue State Tracking},
  author={Chen, Derek and Qian, Kun and Yu, Zhou},
  booktitle={Findings of the Association for Computational Linguistics: EACL 2023},
  pages={1551--1564},
  year={2023}
}

@article{ravfogel2023retrieving,
  title={Retrieving texts based on abstract descriptions},
  author={Ravfogel, Shauli and Pyatkin, Valentina and Cohen, Amir DN and Manevich, Avshalom and Goldberg, Yoav},
  journal={arXiv preprint arXiv:2305.12517},
  year={2023}
}

@inproceedings{hu2022context,
  title={In-Context Learning for Few-Shot Dialogue State Tracking},
  author={Hu, Yushi and Lee, Chia-Hsuan and Xie, Tianbao and Yu, Tao and Smith, Noah A and Ostendorf, Mari},
  booktitle={Findings of the Association for Computational Linguistics: EMNLP 2022},
  pages={2627--2643},
  year={2022}
}

@article{adlakha2022topiocqa,
  title={Topiocqa: Open-domain conversational question answering with topic switching},
  author={Adlakha, Vaibhav and Dhuliawala, Shehzaad and Suleman, Kaheer and de Vries, Harm and Reddy, Siva},
  journal={Transactions of the Association for Computational Linguistics},
  volume={10},
  pages={468--483},
  year={2022},
  publisher={MIT Press One Broadway, 12th Floor, Cambridge, Massachusetts 02142, USA~…}
}

@inproceedings{vakulenko2021question,
  title={Question rewriting for conversational question answering},
  author={Vakulenko, Svitlana and Longpre, Shayne and Tu, Zhucheng and Anantha, Raviteja},
  booktitle={Proceedings of the 14th ACM international conference on web search and data mining},
  pages={355--363},
  year={2021}
}

@inproceedings{mao2023large,
  title={Large Language Models Know Your Contextual Search Intent: A Prompting Framework for Conversational Search},
  author={Mao, Kelong and Dou, Zhicheng and Mo, Fengran and Hou, Jiewen and Chen, Haonan and Qian, Hongjin},
  booktitle={Findings of the Association for Computational Linguistics: EMNLP 2023},
  pages={1211--1225},
  year={2023}
}

@article{mo2024history,
  title={History-Aware Conversational Dense Retrieval},
  author={Mo, Fengran and Qu, Chen and Mao, Kelong and Zhu, Tianyu and Su, Zhan and Huang, Kaiyu and Nie, Jian-Yun},
  journal={arXiv preprint arXiv:2401.16659},
  year={2024}
}

@article{duarte2024lumberchunker,
  title={LumberChunker: Long-Form Narrative Document Segmentation},
  author={Duarte, Andr{\'e} V and Marques, Jo{\~a}o and Gra{\c{c}}a, Miguel and Freire, Miguel and Li, Lei and Oliveira, Arlindo L},
  journal={arXiv preprint arXiv:2406.17526},
  year={2024}
}

@article{johnson2019billion,
  title={Billion-scale similarity search with GPUs},
  author={Johnson, Jeff and Douze, Matthijs and J{\'e}gou, Herv{\'e}},
  journal={IEEE Transactions on Big Data},
  volume={7},
  number={3},
  pages={535--547},
  year={2019},
  publisher={IEEE}
}

@inproceedings{christmann2019look,
  title={Look before you hop: Conversational question answering over knowledge graphs using judicious context expansion},
  author={Christmann, Philipp and Saha Roy, Rishiraj and Abujabal, Abdalghani and Singh, Jyotsna and Weikum, Gerhard},
  booktitle={Proceedings of the 28th ACM International Conference on Information and Knowledge Management},
  pages={729--738},
  year={2019}
}

@article{lan2024exploring,
  title={Exploring dense retrieval for dialogue response selection},
  author={Lan, Tian and Cai, Deng and Wang, Yan and Su, Yixuan and Huang, Heyan and Mao, Xian-Ling},
  journal={ACM Transactions on Information Systems},
  volume={42},
  number={3},
  pages={1--29},
  year={2024},
  publisher={ACM New York, NY}
}

@article{maharana2024evaluating,
  title={Evaluating very long-term conversational memory of llm agents},
  author={Maharana, Adyasha and Lee, Dong-Ho and Tulyakov, Sergey and Bansal, Mohit and Barbieri, Francesco and Fang, Yuwei},
  journal={arXiv preprint arXiv:2402.17753},
  year={2024}
}

@inproceedings{shi2023large,
  title={Large language models can be easily distracted by irrelevant context},
  author={Shi, Freda and Chen, Xinyun and Misra, Kanishka and Scales, Nathan and Dohan, David and Chi, Ed H and Sch{\"a}rli, Nathanael and Zhou, Denny},
  booktitle={International Conference on Machine Learning},
  pages={31210--31227},
  year={2023},
  organization={PMLR}
}

@article{lu2023memochat,
  title={Memochat: Tuning llms to use memos for consistent long-range open-domain conversation},
  author={Lu, Junru and An, Siyu and Lin, Mingbao and Pergola, Gabriele and He, Yulan and Yin, Di and Sun, Xing and Wu, Yunsheng},
  journal={arXiv preprint arXiv:2308.08239},
  year={2023}
}

@inproceedings{lee2023prompted,
  title={Prompted LLMs as Chatbot Modules for Long Open-domain Conversation},
  author={Lee, Gibbeum and Hartmann, Volker and Park, Jongho and Papailiopoulos, Dimitris and Lee, Kangwook},
  booktitle={Findings of the Association for Computational Linguistics: ACL 2023},
  pages={4536--4554},
  year={2023}
}

@misc{jiang2023mistral7b,
      title={Mistral 7B}, 
      author={Albert Q. Jiang and Alexandre Sablayrolles and Arthur Mensch and Chris Bamford and Devendra Singh Chaplot and Diego de las Casas and Florian Bressand and Gianna Lengyel and Guillaume Lample and Lucile Saulnier and Lélio Renard Lavaud and Marie-Anne Lachaux and Pierre Stock and Teven Le Scao and Thibaut Lavril and Thomas Wang and Timothée Lacroix and William El Sayed},
      year={2023},
      eprint={2310.06825},
      archivePrefix={arXiv},
      primaryClass={cs.CL},
      url={https://arxiv.org/abs/2310.06825}, 
}

@article{zhang2024survey,
  title={A survey on the memory mechanism of large language model based agents},
  author={Zhang, Zeyu and Bo, Xiaohe and Ma, Chen and Li, Rui and Chen, Xu and Dai, Quanyu and Zhu, Jieming and Dong, Zhenhua and Wen, Ji-Rong},
  journal={arXiv preprint arXiv:2404.13501},
  year={2024}
}

@inproceedings{karpukhin2020dense,
  title={Dense Passage Retrieval for Open-Domain Question Answering},
  author={Karpukhin, Vladimir and Oguz, Barlas and Min, Sewon and Lewis, Patrick and Wu, Ledell and Edunov, Sergey and Chen, Danqi and Yih, Wen-tau},
  booktitle={Proceedings of the 2020 Conference on Empirical Methods in Natural Language Processing (EMNLP)},
  pages={6769--6781},
  year={2020}
}

@article{kim2024theanine,
  title={THEANINE: Revisiting Memory Management in Long-term Conversations with Timeline-augmented Response Generation},
  author={Kim, Seo Hyun and Ong, Kai Tzu-iunn and Kwon, Taeyoon and Kim, Namyoung and Ka, Keummin and Bae, SeongHyeon and Jo, Yohan and Hwang, Seung-won and Lee, Dongha and Yeo, Jinyoung},
  journal={arXiv preprint arXiv:2406.10996},
  year={2024}
}

@inproceedings{xu2022long,
  title={Long Time No See! Open-Domain Conversation with Long-Term Persona Memory},
  author={Xu, Xinchao and Gou, Zhibin and Wu, Wenquan and Niu, Zheng-Yu and Wu, Hua and Wang, Haifeng and Wang, Shihang},
  booktitle={Findings of the Association for Computational Linguistics: ACL 2022},
  pages={2639--2650},
  year={2022}
}

@inproceedings{mao2022convtrans,
  title={Convtrans: Transforming web search sessions for conversational dense retrieval},
  author={Mao, Kelong and Dou, Zhicheng and Qian, Hongjin and Mo, Fengran and Cheng, Xiaohua and Cao, Zhao},
  booktitle={Proceedings of the 2022 Conference on Empirical Methods in Natural Language Processing},
  pages={2935--2946},
  year={2022}
}

@article{li2024hello,
  title={Hello Again! LLM-powered Personalized Agent for Long-term Dialogue},
  author={Li, Hao and Yang, Chenghao and Zhang, An and Deng, Yang and Wang, Xiang and Chua, Tat-Seng},
  journal={arXiv preprint arXiv:2406.05925},
  year={2024}
}

@article{bae2022keep,
  title={Keep me updated! memory management in long-term conversations},
  author={Bae, Sanghwan and Kwak, Donghyun and Kang, Soyoung and Lee, Min Young and Kim, Sungdong and Jeong, Yuin and Kim, Hyeri and Lee, Sang-Woo and Park, Woomyoung and Sung, Nako},
  journal={arXiv preprint arXiv:2210.08750},
  year={2022}
}

@inproceedings{xu2022beyond,
  title={Beyond Goldfish Memory: Long-Term Open-Domain Conversation},
  author={Xu, Jing and Szlam, Arthur and Weston, Jason},
  booktitle={Proceedings of the 60th Annual Meeting of the Association for Computational Linguistics (Volume 1: Long Papers)},
  pages={5180--5197},
  year={2022}
}

@inproceedings{feng2020doc2dial,
  title={doc2dial: A Goal-Oriented Document-Grounded Dialogue Dataset},
  author={Feng, Song and Wan, Hui and Gunasekara, Chulaka and Patel, Siva and Joshi, Sachindra and Lastras, Luis},
  booktitle={Proceedings of the 2020 Conference on Empirical Methods in Natural Language Processing (EMNLP)},
  pages={8118--8128},
  year={2020}
}

@incollection{mccloskey1989catastrophic,
  title={Catastrophic interference in connectionist networks: The sequential learning problem},
  author={McCloskey, Michael and Cohen, Neal J},
  booktitle={Psychology of learning and motivation},
  volume={24},
  pages={109--165},
  year={1989},
  publisher={Elsevier}
}

@inproceedings{lee2022sequential,
  title={Sequential reptile: inter-task gradient alignment for multilingual learning},
  author={Lee, Seanie and Lee, Hae Beom and Lee, Juho and Hwang, Sung Ju},
  booktitle={Tenth International Conference on Learning Representations},
  year={2022},
  organization={International Conference on Learning Representations}
}

@article{team2023gemini,
  title={Gemini: a family of highly capable multimodal models},
  author={Team, Gemini and Anil, Rohan and Borgeaud, Sebastian and Wu, Yonghui and Alayrac, Jean-Baptiste and Yu, Jiahui and Soricut, Radu and Schalkwyk, Johan and Dai, Andrew M and Hauth, Anja and others},
  journal={arXiv preprint arXiv:2312.11805},
  year={2023}
}

@article{zheng2024judging,
  title={Judging llm-as-a-judge with mt-bench and chatbot arena},
  author={Zheng, Lianmin and Chiang, Wei-Lin and Sheng, Ying and Zhuang, Siyuan and Wu, Zhanghao and Zhuang, Yonghao and Lin, Zi and Li, Zhuohan and Li, Dacheng and Xing, Eric and others},
  journal={Advances in Neural Information Processing Systems},
  volume={36},
  year={2024}
}

@inproceedings{xu2021topic,
  title={Topic-aware multi-turn dialogue modeling},
  author={Xu, Yi and Zhao, Hai and Zhang, Zhuosheng},
  booktitle={Proceedings of the AAAI Conference on Artificial Intelligence},
  volume={35},
  pages={14176--14184},
  year={2021}
}

@inproceedings{xie2021tiage,
  title={TIAGE: A Benchmark for Topic-Shift Aware Dialog Modeling},
  author={Xie, Huiyuan and Liu, Zhenghao and Xiong, Chenyan and Liu, Zhiyuan and Copestake, Ann},
  booktitle={Findings of the Association for Computational Linguistics: EMNLP 2021},
  pages={1684--1690},
  year={2021}
}

@article{beeferman1999statistical,
  title={Statistical models for text segmentation},
  author={Beeferman, Doug and Berger, Adam and Lafferty, John},
  journal={Machine learning},
  volume={34},
  pages={177--210},
  year={1999},
  publisher={Springer}
}

@inproceedings{pan2023rewards,
  title={Do the rewards justify the means? measuring trade-offs between rewards and ethical behavior in the machiavelli benchmark},
  author={Pan, Alexander and Chan, Jun Shern and Zou, Andy and Li, Nathaniel and Basart, Steven and Woodside, Thomas and Zhang, Hanlin and Emmons, Scott and Hendrycks, Dan},
  booktitle={International Conference on Machine Learning},
  pages={26837--26867},
  year={2023},
  organization={PMLR}
}

@inproceedings{papineni2002bleu,
  title={Bleu: a method for automatic evaluation of machine translation},
  author={Papineni, Kishore and Roukos, Salim and Ward, Todd and Zhu, Wei-Jing},
  booktitle={Proceedings of the 40th annual meeting of the Association for Computational Linguistics},
  pages={311--318},
  year={2002}
}

@inproceedings{lin2004rouge,
  title={Rouge: A package for automatic evaluation of summaries},
  author={Lin, Chin-Yew},
  booktitle={Text summarization branches out},
  pages={74--81},
  year={2004}
}

@inproceedings{zhangbertscore,
  title={BERTScore: Evaluating Text Generation with BERT},
  author={Zhang, Tianyi and Kishore, Varsha and Wu, Felix and Weinberger, Kilian Q and Artzi, Yoav},
  booktitle={International Conference on Learning Representations},
  year={2020},
}

@article{song2020mpnet,
  title={Mpnet: Masked and permuted pre-training for language understanding},
  author={Song, Kaitao and Tan, Xu and Qin, Tao and Lu, Jianfeng and Liu, Tie-Yan},
  journal={Advances in neural information processing systems},
  volume={33},
  pages={16857--16867},
  year={2020}
}

@inproceedings{conneau2019unsupervised,
 address = {Online},
 author = {Conneau, Alexis  and
Khandelwal, Kartikay  and
Goyal, Naman  and
Chaudhary, Vishrav  and
Wenzek, Guillaume  and
Guzm{\'a}n, Francisco  and
Grave, Edouard  and
Ott, Myle  and
Zettlemoyer, Luke  and
Stoyanov, Veselin},
 booktitle = {Proceedings of the 58th Annual Meeting of the Association for Computational Linguistics},
 doi = {10.18653/v1/2020.acl-main.747},
 pages = {8440--8451},
 publisher = {Association for Computational Linguistics},
 title = {Unsupervised Cross-lingual Representation Learning at Scale},
 url = {https://aclanthology.org/2020.acl-main.747},
 year = {2020}
}

@article{brown2020language,
  title={Language models are few-shot learners},
  author={Brown, Tom and Mann, Benjamin and Ryder, Nick and Subbiah, Melanie and Kaplan, Jared D and Dhariwal, Prafulla and Neelakantan, Arvind and Shyam, Pranav and Sastry, Girish and Askell, Amanda and others},
  journal={Advances in neural information processing systems},
  volume={33},
  pages={1877--1901},
  year={2020}
}

@inproceedings{kim2023aligning,
  title={Aligning Large Language Models through Synthetic Feedback},
  author={Kim, Sungdong and Bae, Sanghwan and Shin, Jamin and Kang, Soyoung and Kwak, Donghyun and Yoo, Kang and Seo, Minjoon},
  booktitle={Proceedings of the 2023 Conference on Empirical Methods in Natural Language Processing},
  pages={13677--13700},
  year={2023}
}

@inproceedings{zhou-etal-2023-facilitating,
    title = "Facilitating Multi-turn Emotional Support Conversation with Positive Emotion Elicitation: A Reinforcement Learning Approach",
    author = "Zhou, Jinfeng  and
      Chen, Zhuang  and
      Wang, Bo  and
      Huang, Minlie",
    editor = "Rogers, Anna  and
      Boyd-Graber, Jordan  and
      Okazaki, Naoaki",
    booktitle = "Proceedings of the 61st Annual Meeting of the Association for Computational Linguistics (Volume 1: Long Papers)",
    month = jul,
    year = "2023",
    address = "Toronto, Canada",
    publisher = "Association for Computational Linguistics",
    url = "https://aclanthology.org/2023.acl-long.96",
    doi = "10.18653/v1/2023.acl-long.96",
    pages = "1714--1729",
}

@inproceedings{komeili-etal-2022-internet,
    title = "{I}nternet-Augmented Dialogue Generation",
    author = "Komeili, Mojtaba  and
      Shuster, Kurt  and
      Weston, Jason",
    editor = "Muresan, Smaranda  and
      Nakov, Preslav  and
      Villavicencio, Aline",
    booktitle = "Proceedings of the 60th Annual Meeting of the Association for Computational Linguistics (Volume 1: Long Papers)",
    month = may,
    year = "2022",
    address = "Dublin, Ireland",
    publisher = "Association for Computational Linguistics",
    url = "https://aclanthology.org/2022.acl-long.579",
    doi = "10.18653/v1/2022.acl-long.579",
    pages = "8460--8478",
}

@inproceedings{dinanwizard,
  title={Wizard of Wikipedia: Knowledge-Powered Conversational Agents},
  author={Dinan, Emily and Roller, Stephen and Shuster, Kurt and Fan, Angela and Auli, Michael and Weston, Jason},
  booktitle={International Conference on Learning Representations},
  year=2019,
}

@inproceedings{ma2021simple,
  title={Simple and effective unsupervised redundancy elimination to compress dense vectors for passage retrieval},
  author={Ma, Xueguang and Li, Minghan and Sun, Kai and Xin, Ji and Lin, Jimmy},
  booktitle={Proceedings of the 2021 Conference on Empirical Methods in Natural Language Processing},
  pages={2854--2859},
  year={2021}
}

@inproceedings{grangier2003information,
  title={Information Retrieval on Noisy Text},
  booktitle={IDIAP COMMUNICATION},
  author={David Grangier and Alessandro Vinciarelli and Herv{\'e} Bourlard},
  year={2003},
  url={https://api.semanticscholar.org/CorpusID:3249973}
}

@article{shannon1951prediction,
  title={Prediction and entropy of printed English},
  author={Shannon, Claude E},
  journal={Bell system technical journal},
  volume={30},
  number={1},
  pages={50--64},
  year={1951},
  publisher={Wiley Online Library}
}

@inproceedings{somasundaran2020two,
  title={Two-level transformer and auxiliary coherence modeling for improved text segmentation},
  author={Somasundaran, Swapna and others},
  booktitle={Proceedings of the AAAI Conference on Artificial Intelligence},
  pages={7797--7804},
  year={2020}
}

@inproceedings{llopis2002text,
  title={Text segmentation for efficient information retrieval},
  author={Llopis, Fernando and Ferr{\'a}ndez, Antonio and Vicedo, Jos{\'e} Luis},
  booktitle={International Conference on Intelligent Text Processing and Computational Linguistics},
  pages={373--380},
  year={2002},
  organization={Springer}
}

@article{jarvelin2002cumulated,
  title={Cumulated gain-based evaluation of IR techniques},
  author={J{\"a}rvelin, Kalervo and Kek{\"a}l{\"a}inen, Jaana},
  journal={ACM Transactions on Information Systems (TOIS)},
  volume={20},
  number={4},
  pages={422--446},
  year={2002},
  publisher={ACM New York, NY, USA}
}

@article{wu2024tokenselect,
  title={TokenSelect: Efficient Long-Context Inference and Length Extrapolation for LLMs via Dynamic Token-Level KV Cache Selection},
  author={Wu, Wei and Pan, Zhuoshi and Wang, Chao and Chen, Liyi and Bai, Yunchu and Fu, Kun and Wang, Zheng and Xiong, Hui},
  journal={arXiv preprint arXiv:2411.02886},
  year={2024}
}

@inproceedings{ye2024boosting,
  title={Boosting Conversational Question Answering with Fine-Grained Retrieval-Augmentation and Self-Check},
  author={Ye, Linhao and Lei, Zhikai and Yin, Jianghao and Chen, Qin and Zhou, Jie and He, Liang},
  booktitle={Proceedings of the 47th International ACM SIGIR Conference on Research and Development in Information Retrieval},
  pages={2301--2305},
  year={2024}
}

