@misc{shen2024donowcharacterizingevaluating,
      title={"Do Anything Now": Characterizing and Evaluating In-The-Wild Jailbreak Prompts on Large Language Models}, 
      author={Xinyue Shen and Zeyuan Chen and Michael Backes and Yun Shen and Yang Zhang},
      year={2024},
      eprint={2308.03825},
      archivePrefix={arXiv},
      primaryClass={cs.CR},
      url={https://arxiv.org/abs/2308.03825}, 
}

@inproceedings{fan-etal-2019-eli5,
    title = "{ELI}5: Long Form Question Answering",
    author = "Fan, Angela  and
      Jernite, Yacine  and
      Perez, Ethan  and
      Grangier, David  and
      Weston, Jason  and
      Auli, Michael",
    editor = "Korhonen, Anna  and
      Traum, David  and
      M{\`a}rquez, Llu{\'\i}s",
    booktitle = "Proceedings of the 57th Annual Meeting of the Association for Computational Linguistics",
    month = jul,
    year = "2019",
    address = "Florence, Italy",
    publisher = "Association for Computational Linguistics",
    doi = "10.18653/v1/P19-1346",
    pages = "3558--3567",
}

@inproceedings{park2019relational,
title={Relational Knowledge Distillation},
author={Park, Wonpyo and Kim, Dongju and Lu, Yan and Cho, Minsu},
booktitle={Proceedings of the IEEE/CVF Conference on Computer Vision and Pattern Recognition},
pages={3967--3976},
year={2019}
}

@article{gou2021knowledge,
title={Knowledge distillation: A survey},
author={Gou, Jianping and Yu, Baosheng and Maybank, Stephen J and Tao, Dacheng},
journal={International Journal of Computer Vision},
volume={129},
pages={1789--1819},
year={2021},
publisher={Springer}
}

@article{hinton2015distilling,
title={Distilling the knowledge in a neural network},
author={Hinton, Geoffrey and Vinyals, Oriol and Dean, Jeff},
journal={arXiv preprint arXiv:1503.02531},
year={2015}
}

@misc{bai2022constitutional,
      title={Constitutional AI: Harmlessness from AI Feedback}, 
      author={Yuntao Bai and Saurav Kadavath and Sandipan Kundu and Amanda Askell and Jackson Kernion and Andy Jones and Anna Chen and Anna Goldie and Azalia Mirhoseini and Cameron McKinnon and Carol Chen and Catherine Olsson and Christopher Olah and Danny Hernandez and Dawn Drain and Deep Ganguli and Dustin Li and Eli Tran-Johnson and Ethan Perez and Jamie Kerr and Jared Mueller and Jeffrey Ladish and Joshua Landau and Kamal Ndousse and Kamile Lukosuite and Liane Lovitt and Michael Sellitto and Nelson Elhage and Nicholas Schiefer and Noemi Mercado and Nova DasSarma and Robert Lasenby and Robin Larson and Sam Ringer and Scott Johnston and Shauna Kravec and Sheer El Showk and Stanislav Fort and Tamera Lanham and Timothy Telleen-Lawton and Tom Conerly and Tom Henighan and Tristan Hume and Samuel R. Bowman and Zac Hatfield-Dodds and Ben Mann and Dario Amodei and Nicholas Joseph and Sam McCandlish and Tom Brown and Jared Kaplan},
      year={2022},
      eprint={2212.08073},
      archivePrefix={arXiv},
      primaryClass={cs.CL}
}

@inproceedings{talmor-etal-2019-commonsenseqa,
    title = "{C}ommonsense{QA}: A Question Answering Challenge Targeting Commonsense Knowledge",
    author = "Talmor, Alon  and
      Herzig, Jonathan  and
      Lourie, Nicholas  and
      Berant, Jonathan",
    editor = "Burstein, Jill  and
      Doran, Christy  and
      Solorio, Thamar",
    booktitle = "Proceedings of the 2019 Conference of the North {A}merican Chapter of the Association for Computational Linguistics: Human Language Technologies, Volume 1 (Long and Short Papers)",
    month = jun,
    year = "2019",
    address = "Minneapolis, Minnesota",
    publisher = "Association for Computational Linguistics",
    url = "https://aclanthology.org/N19-1421",
    doi = "10.18653/v1/N19-1421",
    pages = "4149--4158"
}

@misc{min2020ambigqa,
      title={AmbigQA: Answering Ambiguous Open-domain Questions}, 
      author={Sewon Min and Julian Michael and Hannaneh Hajishirzi and Luke Zettlemoyer},
      year={2020},
      eprint={2004.10645},
      archivePrefix={arXiv},
      primaryClass={cs.CL}
}

@misc{yang2018hotpotqa,
      title={HotpotQA: A Dataset for Diverse, Explainable Multi-hop Question Answering}, 
      author={Zhilin Yang and Peng Qi and Saizheng Zhang and Yoshua Bengio and William W. Cohen and Ruslan Salakhutdinov and Christopher D. Manning},
      year={2018},
      eprint={1809.09600},
      archivePrefix={arXiv},
      primaryClass={cs.CL}
}

@misc{wang2024twostage,
      title={Two-stage LLM Fine-tuning with Less Specialization and More Generalization}, 
      author={Yihan Wang and Si Si and Daliang Li and Michal Lukasik and Felix Yu and Cho-Jui Hsieh and Inderjit S Dhillon and Sanjiv Kumar},
      year={2024},
      eprint={2211.00635},
      archivePrefix={arXiv},
      primaryClass={cs.CL}
}

@misc{samvelyan2024rainbow,
      title={Rainbow Teaming: Open-Ended Generation of Diverse Adversarial Prompts}, 
      author={Mikayel Samvelyan and Sharath Chandra Raparthy and Andrei Lupu and Eric Hambro and Aram H. Markosyan and Manish Bhatt and Yuning Mao and Minqi Jiang and Jack Parker-Holder and Jakob Foerster and Tim Rockt√§schel and Roberta Raileanu},
      year={2024},
      eprint={2402.16822},
      archivePrefix={arXiv},
      primaryClass={cs.CL}
}

@misc{bhardwaj2024language,
      title={Language Models are Homer Simpson! Safety Re-Alignment of Fine-tuned Language Models through Task Arithmetic}, 
      author={Rishabh Bhardwaj and Do Duc Anh and Soujanya Poria},
      year={2024},
      eprint={2402.11746},
      archivePrefix={arXiv},
      primaryClass={cs.CL}
}

@misc{achintalwar2024alignment,
      title={Alignment Studio: Aligning Large Language Models to Particular Contextual Regulations}, 
      author={Swapnaja Achintalwar and Ioana Baldini and Djallel Bouneffouf and Joan Byamugisha and Maria Chang and Pierre Dognin and Eitan Farchi and Ndivhuwo Makondo and Aleksandra Mojsilovic and Manish Nagireddy and Karthikeyan Natesan Ramamurthy and Inkit Padhi and Orna Raz and Jesus Rios and Prasanna Sattigeri and Moninder Singh and Siphiwe Thwala and Rosario A. Uceda-Sosa and Kush R. Varshney},
      year={2024},
      eprint={2403.09704},
      archivePrefix={arXiv},
      primaryClass={cs.CL}
}

@misc{ge2023mart,
      title={MART: Improving LLM Safety with Multi-round Automatic Red-Teaming}, 
      author={Suyu Ge and Chunting Zhou and Rui Hou and Madian Khabsa and Yi-Chia Wang and Qifan Wang and Jiawei Han and Yuning Mao},
      year={2023},
      eprint={2311.07689},
      archivePrefix={arXiv},
      primaryClass={cs.CL}
}

@misc{wu2024reft,
      title={ReFT: Representation Finetuning for Language Models}, 
      author={Zhengxuan Wu and Aryaman Arora and Zheng Wang and Atticus Geiger and Dan Jurafsky and Christopher D. Manning and Christopher Potts},
      year={2024},
      eprint={2404.03592},
      archivePrefix={arXiv},
      primaryClass={cs.CL}
}

@misc{lee2023rlaif,
      title={RLAIF: Scaling Reinforcement Learning from Human Feedback with AI Feedback}, 
      author={Harrison Lee and Samrat Phatale and Hassan Mansoor and Thomas Mesnard and Johan Ferret and Kellie Lu and Colton Bishop and Ethan Hall and Victor Carbune and Abhinav Rastogi and Sushant Prakash},
      year={2023},
      eprint={2309.00267},
      archivePrefix={arXiv},
      primaryClass={cs.CL}
}

@misc{sahu2022unpacking,
      title={Unpacking Large Language Models with Conceptual Consistency}, 
      author={Pritish Sahu and Michael Cogswell and Yunye Gong and Ajay Divakaran},
      year={2022},
      eprint={2209.15093},
      archivePrefix={arXiv},
      primaryClass={cs.CL}
}

@inproceedings{rabinovich-etal-2023-predicting,
    title = "Predicting Question-Answering Performance of Large Language Models through Semantic Consistency",
    author = "Rabinovich, Ella  and
      Ackerman, Samuel  and
      Raz, Orna  and
      Farchi, Eitan  and
      Anaby Tavor, Ateret",
    editor = "Gehrmann, Sebastian  and
      Wang, Alex  and
      Sedoc, Jo{\~a}o  and
      Clark, Elizabeth  and
      Dhole, Kaustubh  and
      Chandu, Khyathi Raghavi  and
      Santus, Enrico  and
      Sedghamiz, Hooman",
    booktitle = "Proceedings of the Third Workshop on Natural Language Generation, Evaluation, and Metrics (GEM)",
    month = dec,
    year = "2023",
    address = "Singapore",
    publisher = "Association for Computational Linguistics",
    url = "https://aclanthology.org/2023.gem-1.12",
    pages = "138--154"
}

@misc{castricato2024suppressing,
      title={Suppressing Pink Elephants with Direct Principle Feedback}, 
      author={Louis Castricato and Nathan Lile and Suraj Anand and Hailey Schoelkopf and Siddharth Verma and Stella Biderman},
      year={2024},
      eprint={2402.07896},
      archivePrefix={arXiv},
      primaryClass={cs.CL}
}

@article{hu2021lora,
  title={Lora: Low-rank adaptation of large language models},
  author={Hu, Edward J and Shen, Yelong and Wallis, Phillip and Allen-Zhu, Zeyuan and Li, Yuanzhi and Wang, Shean and Wang, Lu and Chen, Weizhu},
  journal={arXiv preprint arXiv:2106.09685},
  year={2021}
}

@misc{raj2023measuring,
      title={Measuring Reliability of Large Language Models through Semantic Consistency}, 
      author={Harsh Raj and Domenic Rosati and Subhabrata Majumdar},
      year={2022},
      eprint={2211.05853},
      archivePrefix={arXiv},
      primaryClass={cs.CL}
}

@inproceedings{wang-etal-2018-glue,
    title = "{GLUE}: A Multi-Task Benchmark and Analysis Platform for Natural Language Understanding",
    author = "Wang, Alex  and
      Singh, Amanpreet  and
      Michael, Julian  and
      Hill, Felix  and
      Levy, Omer  and
      Bowman, Samuel",
    booktitle = "Proceedings of the 2018 {EMNLP} Workshop {B}lackbox{NLP}: Analyzing and Interpreting Neural Networks for {NLP}",
    month = nov,
    year = "2018",
    address = "Brussels, Belgium",
    publisher = "Association for Computational Linguistics",
    pages = "353--355"
}

@misc{touvron2023llama,
      title={Llama 2: Open Foundation and Fine-Tuned Chat Models}, 
      author={Hugo Touvron and others},
      year={2023},
      eprint={2307.09288},
      archivePrefix={arXiv},
      primaryClass={cs.CL}
}

@misc{dv03,
    author = {OpenAI},
    title="How do text-davinci-002 and text-davinci-003 differ?",
    year = {2023},
    url = {https://help.openai.com/en/articles/6779149-how-do-text-davinci-002-and-text-davinci-003-differ}
}

@inproceedings{guo-etal-2022-auto,
    title = "Auto-Debias: Debiasing Masked Language Models with Automated Biased Prompts",
    author = "Guo, Yue  and
      Yang, Yi  and
      Abbasi, Ahmed",
    booktitle = "Proceedings of the 60th Annual Meeting of the Association for Computational Linguistics (Volume 1: Long Papers)",
    month = may,
    year = "2022",
    address = "Dublin, Ireland",
    publisher = "Association for Computational Linguistics",
    pages = "1012--1023"
}

@misc{redacted,
    title={Redacted Title},
    author={R. Redacted},
    year={2022}
}
@misc{tam2022evaluating,
      title={Evaluating the Factual Consistency of Large Language Models Through Summarization}, 
      author={Derek Tam and Anisha Mascarenhas and Shiyue Zhang and Sarah Kwan and Mohit Bansal and Colin Raffel},
      year={2022},
      eprint={2211.08412},
      archivePrefix={arXiv},
      primaryClass={cs.CL}
}

@misc{keleg2023dlama,
      title={DLAMA: A Framework for Curating Culturally Diverse Facts for Probing the Knowledge of Pretrained Language Models}, 
      author={Amr Keleg and Walid Magdy},
      year={2023},
      eprint={2306.05076},
      archivePrefix={arXiv},
      primaryClass={cs.CL}
}

@misc{aggarwal2023lets,
      title={Let's Sample Step by Step: Adaptive-Consistency for Efficient Reasoning with LLMs}, 
      author={Pranjal Aggarwal and Aman Madaan and Yiming Yang and Mausam},
      year={2023},
      eprint={2305.11860},
      archivePrefix={arXiv},
      primaryClass={cs.CL}
}

@misc{wang2023selfconsistency,
      title={Self-Consistency Improves Chain of Thought Reasoning in Language Models}, 
      author={Xuezhi Wang and Jason Wei and Dale Schuurmans and Quoc Le and Ed Chi and Sharan Narang and Aakanksha Chowdhery and Denny Zhou},
      year={2023},
      eprint={2203.11171},
      archivePrefix={arXiv},
      primaryClass={cs.CL}
}

@misc{openaigpt3.5,
  author = {OpenAI},
  title = {Model Index for Researchers},
  year = {2023},
  url = {https://platform.openai.com/docs/model-index-for-researchers}
}

@inproceedings{mitchell-etal-2022-enhancing,
    title = "Enhancing Self-Consistency and Performance of Pre-Trained Language Models through Natural Language Inference",
    author = "Mitchell, Eric  and
      Noh, Joseph  and
      Li, Siyan  and
      Armstrong, Will  and
      Agarwal, Ananth  and
      Liu, Patrick  and
      Finn, Chelsea  and
      Manning, Christopher",
    booktitle = "Proceedings of the 2022 Conference on Empirical Methods in Natural Language Processing",
    month = dec,
    year = "2022",
    address = "Abu Dhabi, United Arab Emirates",
    publisher = "Association for Computational Linguistics",
    pages = "1754--1768"
}

@misc{kassner2021beliefbank,
      title={BeliefBank: Adding Memory to a Pre-Trained Language Model for a Systematic Notion of Belief}, 
      author={Nora Kassner and Oyvind Tafjord and Hinrich Sch√ºtze and Peter Clark},
      year={2021},
      eprint={2109.14723},
      archivePrefix={arXiv},
      primaryClass={cs.CL}
}

@MISC {rlhf,
    author = "Lambart, N. and others",
    title  = "{Illustrating Reinforcement Learning from Human Feedback (RLHF)}",
    year   = "2023",
    note   = "\url{https://huggingface.co/blog/rlhf}"
}

@inproceedings{de-marneffe-etal-2008-finding,
    title = "Finding Contradictions in Text",
    author = "de Marneffe, Marie-Catherine  and
      Rafferty, Anna N.  and
      Manning, Christopher D.",
    booktitle = "Proceedings of ACL-08: HLT",
    month = jun,
    year = "2008",
    address = "Columbus, Ohio",
    publisher = "Association for Computational Linguistics",
    url = "https://aclanthology.org/P08-1118",
    pages = "1039--1047",
}

@misc{nadeem2019fakta,
      title={FAKTA: An Automatic End-to-End Fact Checking System}, 
      author={Moin Nadeem and Wei Fang and Brian Xu and Mitra Mohtarami and James Glass},
      year={2019},
      eprint={1906.04164},
      archivePrefix={arXiv},
      primaryClass={cs.CL}
}

@MISC {stablevicuna,
    title = "StableLM: Stability AI Language Models",
    year  = "2023",
    note  = "\url{https://github.com/Stability-AI/StableLM}"
}

@misc{chung2022scaling,
      title={Scaling Instruction-Finetuned Language Models}, 
      author={Hyung Won Chung and Le Hou and Shayne Longpre and Barret Zoph and Yi Tay and William Fedus and Yunxuan Li and Xuezhi Wang and Mostafa Dehghani and Siddhartha Brahma and Albert Webson and Shixiang Shane Gu and Zhuyun Dai and Mirac Suzgun and Xinyun Chen and Aakanksha Chowdhery and Alex Castro-Ros and Marie Pellat and Kevin Robinson and Dasha Valter and Sharan Narang and Gaurav Mishra and Adams Yu and Vincent Zhao and Yanping Huang and Andrew Dai and Hongkun Yu and Slav Petrov and Ed H. Chi and Jeff Dean and Jacob Devlin and Adam Roberts and Denny Zhou and Quoc V. Le and Jason Wei},
      year={2022},
      eprint={2210.11416},
      archivePrefix={arXiv},
      primaryClass={cs.LG}
}

@misc{si2023prompting,
      title={Prompting GPT-3 To Be Reliable}, 
      author={Chenglei Si and Zhe Gan and Zhengyuan Yang and Shuohang Wang and Jianfeng Wang and Jordan Boyd-Graber and Lijuan Wang},
      year={2023},
      eprint={2210.09150},
      archivePrefix={arXiv},
      primaryClass={cs.CL}
}

@misc{wei2023chainofthought,
      title={Chain-of-Thought Prompting Elicits Reasoning in Large Language Models}, 
      author={Jason Wei and Xuezhi Wang and Dale Schuurmans and Maarten Bosma and Brian Ichter and Fei Xia and Ed Chi and Quoc Le and Denny Zhou},
      year={2023},
      eprint={2201.11903},
      archivePrefix={arXiv},
      primaryClass={cs.CL}
}

@article{gupta2023survey,
  title={Survey on Sociodemographic Bias in Natural Language Processing},
  author={Gupta, Vipul and Venkit, Pranav Narayanan and Wilson, Shomir and Passonneau, Rebecca J},
  journal={arXiv preprint arXiv:2306.08158},
  year={2023}
}

@inproceedings{webson-pavlick-2022-prompt,
    title = "Do Prompt-Based Models Really Understand the Meaning of Their Prompts?",
    author = "Webson, Albert and Pavlick, Ellie",
    booktitle = "Proceedings of the 2022 Conference of the North American Chapter of the Association for Computational Linguistics: Human Language Technologies",
    month = jul,
    year = "2022",
    address = "Seattle, United States",
    publisher = "Association for Computational Linguistics",
    url = "https://aclanthology.org/2022.naacl-main.167",
    doi = "10.18653/v1/2022.naacl-main.167",
    pages = "2300--2344",
}

@misc{newman,                            
  author = {Newman, Benjamin and Choubey, Prafulla Kumar and Rajani, Nazneen},
  title = {P-Adapters: Robustly Extracting Factual Information from Language Models with Diverse Prompts},
  publisher = {arXiv},
  year = {2021}
}


@misc{zhou,
  author = {Zhou, Chunting and He, Junxian and Ma, Xuezhe and Berg-Kirkpatrick, Taylor and Neubig, Graham},
  title = {Prompt Consistency for Zero-Shot Task Generalization},
  publisher = {arXiv},
  year = {2022}
}

@article{jang_accurate,
  author    = {Myeongjun Jang and
               Deuk Sin Kwon and
               Thomas Lukasiewicz},
  title     = {Accurate, yet inconsistent? Consistency Analysis on Language Understanding
               Models},
  journal   = {CoRR},
  volume    = {abs/2108.06665},
  year      = {2021},
  url       = {https://arxiv.org/abs/2108.06665},
  eprinttype = {arXiv},
  eprint    = {2108.06665},
  timestamp = {Wed, 18 Aug 2021 19:45:42 +0200},
  biburl    = {https://dblp.org/rec/journals/corr/abs-2108-06665.bib},
  bibsource = {dblp computer science bibliography, https://dblp.org}
}

@inproceedings{fierro-sogaard-2022-factual,
    title = "Factual Consistency of Multilingual Pretrained Language Models",
    author = "Fierro, Constanza  and
      S{\o}gaard, Anders",
    booktitle = "Findings of the Association for Computational Linguistics: ACL 2022",
    month = may,
    year = "2022",
    address = "Dublin, Ireland",
    publisher = "Association for Computational Linguistics",
    url = "https://aclanthology.org/2022.findings-acl.240",
    pages = "3046--3052",
}

@inproceedings{petroni,
  author    = {Fabio Petroni and
               Tim Rockt{\"{a}}schel and
               Sebastian Riedel and
               others},
  editor    = {Kentaro Inui and
               Jing Jiang and
               Vincent Ng and
               Xiaojun Wan},
  title     = {Language Models as Knowledge Bases?},
  booktitle = {Proceedings of the 2019 Conference on Empirical Methods in Natural
               Language Processing and the 9th International Joint Conference on
               Natural Language Processing, {EMNLP-IJCNLP} 2019, Hong Kong, China,
               November 3-7, 2019},
  pages     = {2463--2473},
  publisher = {Association for Computational Linguistics},
  year      = {2019},
  url       = {https://doi.org/10.18653/v1/D19-1250},
  doi       = {10.18653/v1/D19-1250},
  timestamp = {Thu, 07 Apr 2022 09:14:07 +0200},
  biburl    = {https://dblp.org/rec/conf/emnlp/PetroniRRLBWM19.bib},
  bibsource = {dblp computer science bibliography, https://dblp.org}
}

@inproceedings{Weidinger,
author = {Weidinger, Laura and Uesato, Jonathan and Rauh, Maribeth and others},
title = {Taxonomy of Risks Posed by Language Models},
year = {2022},
isbn = {9781450393522},
publisher = {Association for Computing Machinery},
address = {New York, NY, USA},
url = {https://doi.org/10.1145/3531146.3533088},
doi = {10.1145/3531146.3533088},
booktitle = {2022 ACM Conference on Fairness, Accountability, and Transparency},
pages = {214‚Äì229},
numpages = {16},
keywords = {responsible AI, technology risks, language models, responsible innovation, risk assessment},
location = {Seoul, Republic of Korea},
series = {FAccT '22}
}

@inproceedings{kassner-etal-2021-multilingual,
    title = "Multilingual {LAMA}: Investigating Knowledge in Multilingual Pretrained Language Models",
    author = {Kassner, Nora  and
      Dufter, Philipp  and
      Sch{\"u}tze, Hinrich},
    booktitle = "Proceedings of the 16th Conference of the European Chapter of the Association for Computational Linguistics: Main Volume",
    month = apr,
    year = "2021",
    address = "Online",
    publisher = "Association for Computational Linguistics",
    url = "https://aclanthology.org/2021.eacl-main.284",
    doi = "10.18653/v1/2021.eacl-main.284",
    pages = "3250--3258"
}

@article{elazar_measuring_2021,
	title = {Measuring and {Improving} {Consistency} in {Pretrained} {Language} {Models}},
	doi = {10.1162/tacl_a_00410},
	journal = {Transactions of the Association for Computational Linguistics},
	author = {Elazar, Yanai and Kassner, Nora and Ravfogel, Shauli and others},
	year = {2021},
	file = {Full Text:/Users/domenicrosati/Zotero/storage/GFGV9RY3/Elazar et al. - 2021 - Measuring and Improving Consistency in Pretrained .pdf:application/pdf},
}

@misc{noauthor_what_nodate,
	title = {What {Is} a {Paraphrase}? - [scite report]},
	url = {https://scite.ai/reports/what-is-a-paraphrase-QXp2G8?page=1},
	urldate = {2022-07-29},
	file = {What Is a Paraphrase? - [scite report]:/Users/domenicrosati/Zotero/storage/X88S33CJ/what-is-a-paraphrase-QXp2G8.html:text/html},
}

@article{noauthor_language_2019,
	title = {Language {Models} as {Knowledge} {Bases}?},
	url = {https://scite.ai/reports/language-models-as-knowledge-bases-OMJzlO8},
	doi = {10.18653/v1/d19-1250},
	language = {en},
	urldate = {2022-07-29},
	journal = {Proceedings of the 2019 Conference on Empirical Methods in Natural Language Processing and the 9th International Joint Conferen},
	year = {2019},
	file = {Full Text:/Users/domenicrosati/Zotero/storage/2G3U92GP/2019 - Language Models as Knowledge Bases.pdf:application/pdf;Snapshot:/Users/domenicrosati/Zotero/storage/W2HLDK9Z/language-models-as-knowledge-bases-OMJzlO8.html:text/html},
}

@article{noauthor_factual_2021,
	title = {Factual {Probing} {Is} [{MASK}]: {Learning} vs. {Learning} to {Recall}},
	shorttitle = {Factual {Probing} {Is} [{MASK}]},
	url = {https://scite.ai/reports/factual-probing-is-mask]-learning-lZlA2gJE},
	doi = {10.18653/v1/2021.naacl-main.398},
	language = {en},
	urldate = {2022-07-29},
	journal = {Proceedings of the 2021 Conference of the North American Chapter of the Association for Computational Linguistics: Human Langua},
	year = {2021},
	file = {Full Text:/Users/domenicrosati/Zotero/storage/B7CIH7GJ/2021 - Factual Probing Is [MASK] Learning vs. Learning t.pdf:application/pdf;Snapshot:/Users/domenicrosati/Zotero/storage/IRKZPE42/factual-probing-is-mask]-learning-lZlA2gJE.html:text/html},
}

@article{noauthor_logic-guided_2020,
	title = {Logic-{Guided} {Data} {Augmentation} and {Regularization} for {Consistent} {Question} {Answering}},
	url = {https://scite.ai/reports/logic-guided-data-augmentation-and-regularization-zRdY2aKY},
	doi = {10.18653/v1/2020.acl-main.499},
	language = {en},
	urldate = {2022-07-29},
	journal = {Proceedings of the 58th Annual Meeting of the Association for Computational Linguistics},
	year = {2020},
	file = {Full Text:/Users/domenicrosati/Zotero/storage/3SLFMUEI/2020 - Logic-Guided Data Augmentation and Regularization .pdf:application/pdf;Snapshot:/Users/domenicrosati/Zotero/storage/N9LTQNTS/logic-guided-data-augmentation-and-regularization-zRdY2aKY.html:text/html},
}

@article{noauthor_autoprompt_2020,
	title = {{AutoPrompt}: {Eliciting} {Knowledge} from {Language} {Models} with {Automatically} {Generated} {Prompts}},
	shorttitle = {{AutoPrompt}},
	url = {https://scite.ai/reports/autoprompt-eliciting-knowledge-from-language-A3mLW6QQ},
	doi = {10.18653/v1/2020.emnlp-main.346},
	language = {en},
	urldate = {2022-07-29},
	journal = {Proceedings of the 2020 Conference on Empirical Methods in Natural Language Processing (EMNLP)},
	year = {2020},
	file = {Full Text:/Users/domenicrosati/Zotero/storage/R53XC989/2020 - AutoPrompt Eliciting Knowledge from Language Mode.pdf:application/pdf;Snapshot:/Users/domenicrosati/Zotero/storage/X9ITKXBE/autoprompt-eliciting-knowledge-from-language-A3mLW6QQ.html:text/html},
}

@article{jang_accurate_2021,
	title = {Accurate, yet inconsistent? {Consistency} {Analysis} on {Language} {Understanding} {Models}},
	shorttitle = {Accurate, yet inconsistent?},
	journal = {ArXiv},
	author = {Jang, Myeongjun and Kwon, Deuk Sin and Lukasiewicz, Thomas},
	year = {2021},
	file = {Full Text PDF:/Users/domenicrosati/Zotero/storage/4PTWPJTN/Jang et al. - 2021 - Accurate, yet inconsistent Consistency Analysis o.pdf:application/pdf},
}

@article{jang_accurate_2021-1,
	title = {Accurate, yet inconsistent? {Consistency} {Analysis} on {Language} {Understanding} {Models}},
	shorttitle = {Accurate, yet inconsistent?},
	language = {en},
	urldate = {2022-07-29},
	journal = {undefined},
	author = {Jang, Myeongjun and Kwon, Deuk Sin and Lukasiewicz, Thomas},
	year = {2021},
	file = {Full Text PDF:/Users/domenicrosati/Zotero/storage/6KKRNVGP/Jang et al. - 2021 - Accurate, yet inconsistent Consistency Analysis o.pdf:application/pdf;Snapshot:/Users/domenicrosati/Zotero/storage/9MD3CZEX/36870ac7332b45edf59e5c111dc5bd24139dc1ce.html:text/html},
}

@inproceedings{wu_adversarial_2022,
	address = {Dublin, Ireland},
	title = {Adversarial {Soft} {Prompt} {Tuning} for {Cross}-{Domain} {Sentiment} {Analysis}},
	url = {https://aclanthology.org/2022.acl-long.174},
	doi = {10.18653/v1/2022.acl-long.174},
	urldate = {2022-07-29},
	booktitle = {Proceedings of the 60th {Annual} {Meeting} of the {Association} for {Computational} {Linguistics} ({Volume} 1: {Long} {Papers})},
	publisher = {Association for Computational Linguistics},
	author = {Wu, Hui and Shi, Xiaodong},
	month = may,
	year = {2022},
	pages = {2438--2447},
	file = {Full Text PDF:/Users/domenicrosati/Zotero/storage/BHY24Y99/Wu and Shi - 2022 - Adversarial Soft Prompt Tuning for Cross-Domain Se.pdf:application/pdf},
}

@inproceedings{hambardzumyan_warp_2021,
	address = {Online},
	title = {{WARP}: {Word}-level {Adversarial} {ReProgramming}},
	shorttitle = {{WARP}},
	url = {https://aclanthology.org/2021.acl-long.381},
	doi = {10.18653/v1/2021.acl-long.381},
	urldate = {2022-07-29},
	booktitle = {Proceedings of the 59th {Annual} {Meeting} of the {Association} for {Computational} {Linguistics} and the 11th {International} {Joint} {Conference} on {Natural} {Language} {Processing} ({Volume} 1: {Long} {Papers})},
	publisher = {Association for Computational Linguistics},
	author = {Hambardzumyan, Karen and Khachatrian, Hrant and May, Jonathan},
	month = aug,
	year = {2021},
	pages = {4921--4933},
	file = {Full Text PDF:/Users/domenicrosati/Zotero/storage/GNVK3MPM/Hambardzumyan et al. - 2021 - WARP Word-level Adversarial ReProgramming.pdf:application/pdf},
}

@article{qin_learning_2021,
	title = {Learning {How} to {Ask}: {Querying} {LMs} with {Mixtures} of {Soft} {Prompts}},
	shorttitle = {Learning {How} to {Ask}},
	doi = {10.18653/V1/2021.NAACL-MAIN.410},
	journal = {NAACL},
	author = {Qin, Guanghui and Eisner, J.},
	year = {2021},
	file = {Full Text:/Users/domenicrosati/Zotero/storage/HZ2BGVSW/Qin and Eisner - 2021 - Learning How to Ask Querying LMs with Mixtures of.pdf:application/pdf},
}

@article{webson_prompt-based_2022,
	title = {Do {Prompt}-{Based} {Models} {Really} {Understand} the {Meaning} of {Their} {Prompts}?},
	doi = {10.18653/v1/2022.naacl-main.167},
	journal = {NAACL},
	author = {Webson, Albert and Pavlick, Ellie},
	year = {2022},
	file = {Full Text:/Users/domenicrosati/Zotero/storage/73PC5W8K/Webson and Pavlick - 2022 - Do Prompt-Based Models Really Understand the Meani.pdf:application/pdf},
}

@article{smith_language_2022,
	title = {Language {Models} in the {Loop}: {Incorporating} {Prompting} into {Weak} {Supervision}},
	shorttitle = {Language {Models} in the {Loop}},
	doi = {10.48550/arXiv.2205.02318},
	journal = {ArXiv},
	author = {Smith, Ryan and Fries, Jason Alan and Hancock, Braden and Bach, Stephen H.},
	year = {2022},
	file = {Full Text PDF:/Users/domenicrosati/Zotero/storage/K2HDCXID/Smith et al. - 2022 - Language Models in the Loop Incorporating Prompti.pdf:application/pdf},
}

@article{liu_pre-train_2021,
	title = {Pre-train, {Prompt}, and {Predict}: {A} {Systematic} {Survey} of {Prompting} {Methods} in {Natural} {Language} {Processing}},
	shorttitle = {Pre-train, {Prompt}, and {Predict}},
	journal = {ArXiv},
	author = {Liu, Pengfei and Yuan, Weizhe and Fu, Jinlan and others},
	year = {2021},
	file = {Full Text PDF:/Users/domenicrosati/Zotero/storage/SZCT5XMZ/Liu et al. - 2021 - Pre-train, Prompt, and Predict A Systematic Surve.pdf:application/pdf},
}

@article{liu_p-tuning_2021,
	title = {P-{Tuning} v2: {Prompt} {Tuning} {Can} {Be} {Comparable} to {Fine}-tuning {Universally} {Across} {Scales} and {Tasks}},
	shorttitle = {P-{Tuning} v2},
	journal = {ArXiv},
	author = {Liu, Xiao and Ji, Kaixuan and Fu, Yicheng and others},
	year = {2021},
	file = {Full Text PDF:/Users/domenicrosati/Zotero/storage/VP65YSB4/Liu et al. - 2021 - P-Tuning v2 Prompt Tuning Can Be Comparable to Fi.pdf:application/pdf},
}

@inproceedings{zhao_eico_2022,
	title = {{EICO}: {Improving} {Few}-{Shot} {Text} {Classification} via {Explicit} and {Implicit} {Consistency} {Regularization}},
	shorttitle = {{EICO}},
	doi = {10.18653/v1/2022.findings-acl.283},
	booktitle = {{FINDINGS}},
	author = {Zhao, Lei and Yao, Cheng},
	year = {2022},
	file = {Full Text:/Users/domenicrosati/Zotero/storage/GPWUVQ8E/Zhao and Yao - 2022 - EICO Improving Few-Shot Text Classification via E.pdf:application/pdf},
}

@article{jang_beyond_2022,
	title = {Beyond {Distributional} {Hypothesis}: {Let} {Language} {Models} {Learn} {Meaning}-{Text} {Correspondence}},
	shorttitle = {Beyond {Distributional} {Hypothesis}},
	doi = {10.48550/arXiv.2205.03815},
	journal = {NAACL-HLT},
	author = {Jang, Myeongjun and Mtumbuka, Frank and Lukasiewicz, Thomas},
	year = {2022},
	file = {Full Text PDF:/Users/domenicrosati/Zotero/storage/6NR9Y2LH/Jang et al. - 2022 - Beyond Distributional Hypothesis Let Language Mod.pdf:application/pdf},
}

@article{li_how_2022,
	title = {How {Pre}-trained {Language} {Models} {Capture} {Factual} {Knowledge}? {A} {Causal}-{Inspired} {Analysis}},
	shorttitle = {How {Pre}-trained {Language} {Models} {Capture} {Factual} {Knowledge}?},
	doi = {10.48550/arXiv.2203.16747},
	journal = {FINDINGS},
	author = {Li, Shaobo and Li, Xiaoguang and Shang, Lifeng and Dong, Zhenhua and Sun, Chengjie and Liu, Bingquan and Ji, Zhenzhou and Jiang, Xin and Liu, Qun},
	year = {2022},
}

@inproceedings{meng_locating_2022,
	title = {Locating and {Editing} {Factual} {Associations} in {GPT}},
	author = {Meng, Kevin and Bau, David and Andonian, A. and Belinkov, Yonatan},
	year = {2022},
	file = {Full Text PDF:/Users/domenicrosati/Zotero/storage/E8PE2D9Z/Meng et al. - 2022 - Locating and Editing Factual Associations in GPT.pdf:application/pdf},
}

@article{jullien_transformers_2022,
	title = {Do {Transformers} {Encode} a {Foundational} {Ontology}? {Probing} {Abstract} {Classes} in {Natural} {Language}},
	journal = {ArXiv},
	author = {Jullien, Mael and Valentino, Marco and Freitas, A.},
	year = {2022},
	file = {Full Text PDF:/Users/domenicrosati/Zotero/storage/CNST3SAL/Jullien et al. - 2022 - Do Transformers Encode a Foundational Ontology Pr.pdf:application/pdf},
}

@article{jung_maieutic_2022,
	title = {Maieutic {Prompting}: {Logically} {Consistent} {Reasoning} with {Recursive} {Explanations}},
	shorttitle = {Maieutic {Prompting}},
	doi = {10.48550/arXiv.2205.11822},
	journal = {ArXiv},
	author = {Jung, Jaehun and Qin, Lianhui and Welleck, S. and others},
	year = {2022},
	file = {Full Text PDF:/Users/domenicrosati/Zotero/storage/BWIL2EMW/Jung et al. - 2022 - Maieutic Prompting Logically Consistent Reasoning.pdf:application/pdf},
}

@article{lee_factuality_2022,
	title = {Factuality {Enhanced} {Language} {Models} for {Open}-{Ended} {Text} {Generation}},
	doi = {10.48550/arXiv.2206.04624},
	journal = {ArXiv},
	author = {Lee, Nayeon and Ping, Wei and Xu, Peng and Patwary, M. and Shoeybi, M. and Catanzaro, Bryan},
	year = {2022},
	file = {Full Text PDF:/Users/domenicrosati/Zotero/storage/H372U76S/Lee et al. - 2022 - Factuality Enhanced Language Models for Open-Ended.pdf:application/pdf},
}

@misc{elazar_measuring_2022,
	title = {Measuring {Causal} {Effects} of {Data} {Statistics} on {Language} {Model}'s `{Factual}' {Predictions}},
	url = {https://www.semanticscholar.org/paper/Measuring-Causal-Effects-of-Data-Statistics-on-Elazar-Kassner/f92d5dcc04b2f7713befce4e84e3084bfd4abd50},
	language = {en},
	urldate = {2022-07-29},
	author = {Elazar, Yanai and Kassner, Nora and Ravfogel, Shauli and others},
	year = {2022},
	file = {Snapshot:/Users/domenicrosati/Zotero/storage/I35F4T2Q/f92d5dcc04b2f7713befce4e84e3084bfd4abd50.html:text/html},
}

@misc{srikanth_introspectqa_2022,
	title = {{IntrospectQA}: {Building} {Self}-reflecting, {Consistent} {Question} {Answering} {Models}},
	shorttitle = {{IntrospectQA}},
	url = {https://www.semanticscholar.org/paper/IntrospectQA%3A-Building-Self-reflecting%2C-Consistent-Srikanth-Wang/b9f25040e02f2e36cc35628e3edd0624a61adeb1},
	language = {en},
	urldate = {2022-07-29},
	author = {Srikanth, Maya and Wang, Rachael and Mitchell, Eric},
	year = {2022},
	file = {Snapshot:/Users/domenicrosati/Zotero/storage/RPFAGS8J/b9f25040e02f2e36cc35628e3edd0624a61adeb1.html:text/html},
}

@article{wang_self-consistency_2022,
	title = {Self-{Consistency} {Improves} {Chain} of {Thought} {Reasoning} in {Language} {Models}},
	doi = {10.48550/arXiv.2203.11171},
	journal = {ArXiv},
	author = {Wang, Xuezhi and Wei, Jason and Schuurmans, D. and Le, Quoc and Chi, Ed and Zhou, Denny},
	year = {2022},
	file = {Full Text PDF:/Users/domenicrosati/Zotero/storage/VY8PZPL2/Wang et al. - 2022 - Self-Consistency Improves Chain of Thought Reasoni.pdf:application/pdf},
}

@article{meng_locating_2022-1,
	title = {Locating and {Editing} {Factual} {Knowledge} in {GPT}},
	url = {https://www.semanticscholar.org/paper/Locating-and-Editing-Factual-Knowledge-in-GPT-Meng-Bau/8c23e7627896b7571648896b7d61b6ef76ece982},
	language = {en},
	urldate = {2022-07-29},
	journal = {undefined},
	author = {Meng, Kevin and Bau, David and Andonian, A. and Belinkov, Yonatan},
	year = {2022},
	file = {Snapshot:/Users/domenicrosati/Zotero/storage/HYGS9TGH/8c23e7627896b7571648896b7d61b6ef76ece982.html:text/html},
}

@article{shin_eliciting_2020,
	title = {Eliciting {Knowledge} from {Language} {Models} {Using} {Automatically} {Generated} {Prompts}},
	doi = {10.18653/v1/2020.emnlp-main.346},
	journal = {EMNLP},
	author = {Shin, Taylor and Razeghi, Yasaman and IV, Robert L. Logan and others},
	year = {2020},
	file = {Full Text:/Users/domenicrosati/Zotero/storage/IDJN6P3E/Shin et al. - 2020 - Eliciting Knowledge from Language Models Using Aut.pdf:application/pdf},
}

@inproceedings{fierro_factual_2022,
	title = {Factual {Consistency} of {Multilingual} {Pretrained} {Language} {Models}},
	doi = {10.48550/arXiv.2203.11552},
	booktitle = {{FINDINGS}},
	author = {Fierro, Constanza and S√∏gaard, Anders},
	year = {2022},
}

@inproceedings{cao_can_2022,
	title = {Can {Prompt} {Probe} {Pretrained} {Language} {Models}? {Understanding} the {Invisible} {Risks} from a {Causal} {View}},
	shorttitle = {Can {Prompt} {Probe} {Pretrained} {Language} {Models}?},
	doi = {10.48550/arXiv.2203.12258},
	booktitle = {{ACL}},
	author = {Cao, Boxi and Lin, Hongyu and Han, Xianpei and others},
	year = {2022},
}

@article{alkhamissi_review_2022,
	title = {A {Review} on {Language} {Models} as {Knowledge} {Bases}},
	doi = {10.48550/arXiv.2204.06031},
	journal = {ArXiv},
	author = {AlKhamissi, Badr and Li, Millicent and Celikyilmaz, Asli and others},
	year = {2022},
	file = {Full Text PDF:/Users/domenicrosati/Zotero/storage/M9LA6GAR/AlKhamissi et al. - 2022 - A Review on Language Models as Knowledge Bases.pdf:application/pdf},
}

@article{dai_knowledge_2022,
	title = {Knowledge {Neurons} in {Pretrained} {Transformers}},
	doi = {10.18653/v1/2022.acl-long.581},
	journal = {ACL},
	author = {Dai, Damai and Dong, Li and Hao, Y. and others},
	year = {2022},
	file = {Full Text:/Users/domenicrosati/Zotero/storage/IT5USFUX/Dai et al. - 2022 - Knowledge Neurons in Pretrained Transformers.pdf:application/pdf},
}

@misc{asai_logic-guided_2020,
	title = {Logic-{Guided} {Data} {Augmentation} and {Regularization} for {Consistent} {Question} {Answering}},
	url = {http://arxiv.org/abs/2004.10157},
	urldate = {2022-07-29},
	publisher = {arXiv},
	author = {Asai, Akari and Hajishirzi, Hannaneh},
	month = may,
	year = {2020},
	note = {arXiv:2004.10157 [cs]},
	keywords = {Computer Science - Computation and Language},
	file = {arXiv Fulltext PDF:/Users/domenicrosati/Zotero/storage/6KWAZHKU/Asai and Hajishirzi - 2020 - Logic-Guided Data Augmentation and Regularization .pdf:application/pdf;arXiv.org Snapshot:/Users/domenicrosati/Zotero/storage/2FJLSP9H/2004.html:text/html},
}

@inproceedings{nighojkar_improving_2021,
	address = {Online},
	title = {Improving {Paraphrase} {Detection} with the {Adversarial} {Paraphrasing} {Task}},
	url = {https://aclanthology.org/2021.acl-long.552},
	doi = {10.18653/v1/2021.acl-long.552},
	urldate = {2022-08-03},
	booktitle = {Proceedings of the 59th {Annual} {Meeting} of the {Association} for {Computational} {Linguistics} and the 11th {International} {Joint} {Conference} on {Natural} {Language} {Processing} ({Volume} 1: {Long} {Papers})},
	publisher = {Association for Computational Linguistics},
	author = {Nighojkar, Animesh and Licato, John},
	month = aug,
	year = {2021},
	pages = {7106--7116},
}

@misc{reynolds_prompt_2021,
	title = {Prompt {Programming} for {Large} {Language} {Models}: {Beyond} the {Few}-{Shot} {Paradigm}},
	shorttitle = {Prompt {Programming} for {Large} {Language} {Models}},
	url = {http://arxiv.org/abs/2102.07350},
	doi = {10.48550/arXiv.2102.07350},
	urldate = {2022-08-06},
	publisher = {arXiv},
	author = {Reynolds, Laria and McDonell, Kyle},
	month = feb,
	year = {2021},
	note = {arXiv:2102.07350 [cs]},
	keywords = {Computer Science - Artificial Intelligence, Computer Science - Computation and Language},
	file = {arXiv Fulltext PDF:/Users/domenicrosati/Zotero/storage/U5HVDZZN/Reynolds and McDonell - 2021 - Prompt Programming for Large Language Models Beyo.pdf:application/pdf;arXiv.org Snapshot:/Users/domenicrosati/Zotero/storage/P6HP9NZM/2102.html:text/html},
}

@misc{wallace_universal_2021,
	title = {Universal {Adversarial} {Triggers} for {Attacking} and {Analyzing} {NLP}},
	url = {http://arxiv.org/abs/1908.07125},
	doi = {10.48550/arXiv.1908.07125},
	urldate = {2022-08-06},
	publisher = {arXiv},
	author = {Wallace, Eric and Feng, Shi and Kandpal, Nikhil and others},
	month = jan,
	year = {2021},
	note = {arXiv:1908.07125 [cs]},
	keywords = {Computer Science - Computation and Language, Computer Science - Machine Learning},
	file = {arXiv Fulltext PDF:/Users/domenicrosati/Zotero/storage/HWFK5VX6/Wallace et al. - 2021 - Universal Adversarial Triggers for Attacking and A.pdf:application/pdf;arXiv.org Snapshot:/Users/domenicrosati/Zotero/storage/HKPU4DEV/1908.html:text/html},
}

@misc{jiang_how_2020,
	title = {How {Can} {We} {Know} {What} {Language} {Models} {Know}?},
	url = {http://arxiv.org/abs/1911.12543},
	doi = {10.48550/arXiv.1911.12543},
	urldate = {2022-08-06},
	publisher = {arXiv},
	author = {Jiang, Zhengbao and Xu, Frank F. and Araki, Jun and Neubig, Graham},
	month = may,
	year = {2020},
	note = {arXiv:1911.12543 [cs]},
	keywords = {Computer Science - Computation and Language, Computer Science - Machine Learning},
	file = {arXiv Fulltext PDF:/Users/domenicrosati/Zotero/storage/CMZNQCYK/Jiang et al. - 2020 - How Can We Know What Language Models Know.pdf:application/pdf;arXiv.org Snapshot:/Users/domenicrosati/Zotero/storage/32JEVI3E/1911.html:text/html},
}

@misc{newman_p-adapters_2022,
	title = {P-{Adapters}: {Robustly} {Extracting} {Factual} {Information} from {Language} {Models} with {Diverse} {Prompts}},
	shorttitle = {P-{Adapters}},
	url = {http://arxiv.org/abs/2110.07280},
	urldate = {2022-09-12},
	publisher = {arXiv},
	author = {Newman, Benjamin and Choubey, Prafulla Kumar and Rajani, Nazneen},
	month = apr,
	year = {2022},
	note = {arXiv:2110.07280 [cs]},
	keywords = {Computer Science - Computation and Language},
	file = {arXiv Fulltext PDF:/Users/domenicrosati/Zotero/storage/RMDRRQ5M/Newman et al. - 2022 - P-Adapters Robustly Extracting Factual Informatio.pdf:application/pdf;arXiv.org Snapshot:/Users/domenicrosati/Zotero/storage/NL44RZ3I/2110.html:text/html},
}

@inproceedings{kassner_beliefbank_2021,
	address = {Online and Punta Cana, Dominican Republic},
	title = {{BeliefBank}: {Adding} {Memory} to a {Pre}-{Trained} {Language} {Model} for a {Systematic} {Notion} of {Belief}},
	shorttitle = {{BeliefBank}},
	url = {https://aclanthology.org/2021.emnlp-main.697},
	doi = {10.18653/v1/2021.emnlp-main.697},
	urldate = {2022-09-12},
	booktitle = {Proceedings of the 2021 {Conference} on {Empirical} {Methods} in {Natural} {Language} {Processing}},
	publisher = {Association for Computational Linguistics},
	author = {Kassner, Nora and Tafjord, Oyvind and Sch√ºtze, Hinrich and Clark, Peter},
	month = nov,
	year = {2021},
	pages = {8849--8861},
	file = {Full Text PDF:/Users/domenicrosati/Zotero/storage/XR3KSK34/Kassner et al. - 2021 - BeliefBank Adding Memory to a Pre-Trained Languag.pdf:application/pdf},
}

@misc{jang_accurate_2021-2,
	title = {Accurate, yet inconsistent? {Consistency} {Analysis} on {Language} {Understanding} {Models}},
	shorttitle = {Accurate, yet inconsistent?},
	url = {http://arxiv.org/abs/2108.06665},
	urldate = {2022-09-12},
	publisher = {arXiv},
	author = {Jang, Myeongjun and Kwon, Deuk Sin and Lukasiewicz, Thomas},
	month = aug,
	year = {2021},
	note = {arXiv:2108.06665 [cs]},
	keywords = {Computer Science - Computation and Language},
	file = {arXiv Fulltext PDF:/Users/domenicrosati/Zotero/storage/XEZCKXU3/Jang et al. - 2021 - Accurate, yet inconsistent Consistency Analysis o.pdf:application/pdf;arXiv.org Snapshot:/Users/domenicrosati/Zotero/storage/8Z9REWE8/2108.html:text/html},
}

@misc{jung_maieutic_2022-1,
	title = {Maieutic {Prompting}: {Logically} {Consistent} {Reasoning} with {Recursive} {Explanations}},
	shorttitle = {Maieutic {Prompting}},
	url = {http://arxiv.org/abs/2205.11822},
	urldate = {2022-09-12},
	publisher = {arXiv},
	author = {Jung, Jaehun and Qin, Lianhui and Welleck, Sean and others},
	month = may,
	year = {2022},
	note = {arXiv:2205.11822 [cs]},
	keywords = {Computer Science - Computation and Language},
	file = {arXiv Fulltext PDF:/Users/domenicrosati/Zotero/storage/I5STAQMG/Jung et al. - 2022 - Maieutic Prompting Logically Consistent Reasoning.pdf:application/pdf;arXiv.org Snapshot:/Users/domenicrosati/Zotero/storage/Q3CKZ6MS/2205.html:text/html},
}

@article{consul_sparc_nodate,
	title = {{SpARC}: {Sparsity} {Activation} {Regularization} for {Consistency}},
	language = {en},
	author = {Consul, Sarthak and Khanna, Samar and Xu, Julia},
	pages = {10},
	file = {Consul et al. - SpARC Sparsity Activation Regularization for Cons.pdf:/Users/domenicrosati/Zotero/storage/6VQMMVTU/Consul et al. - SpARC Sparsity Activation Regularization for Cons.pdf:application/pdf},
}

@article{srikanth_introspectqa_nodate,
	title = {{IntrospectQA}: {Building} {Self}-reflecting, {Consistent} {Question} {Answering} {Models}},
	language = {en},
	author = {Srikanth, Maya and Wang, Rachael},
	pages = {9},
	file = {Srikanth and Wang - IntrospectQA Building Self-reflecting, Consistent.pdf:/Users/domenicrosati/Zotero/storage/TW2BWWF6/Srikanth and Wang - IntrospectQA Building Self-reflecting, Consistent.pdf:application/pdf},
}

@article{li_how_2022-1,
	title = {How {Pre}-trained {Language} {Models} {Capture} {Factual} {Knowledge}? {A} {Causal}-{Inspired} {Analysis}},
	shorttitle = {How {Pre}-trained {Language} {Models} {Capture} {Factual} {Knowledge}?},
	url = {https://www.semanticscholar.org/paper/How-Pre-trained-Language-Models-Capture-Factual-A-Li-Li/f2b0869b17bace854d73c19b449e3f88b9fed82e},
	language = {en},
	urldate = {2022-09-12},
	journal = {undefined},
	author = {Li, Shaobo and Li, Xiaoguang and Shang, Lifeng and others},
	year = {2022},
	file = {Full Text PDF:/Users/domenicrosati/Zotero/storage/YKTRCPJU/Li et al. - 2022 - How Pre-trained Language Models Capture Factual Kn.pdf:application/pdf;Snapshot:/Users/domenicrosati/Zotero/storage/SZZJG6BX/f2b0869b17bace854d73c19b449e3f88b9fed82e.html:text/html},
}

@misc{dalvi_towards_2022,
	title = {Towards {Teachable} {Reasoning} {Systems}},
	url = {http://arxiv.org/abs/2204.13074},
	urldate = {2022-09-12},
	publisher = {arXiv},
	author = {Dalvi, Bhavana and Tafjord, Oyvind and Clark, Peter},
	month = apr,
	year = {2022},
	note = {arXiv:2204.13074 [cs]},
	keywords = {Computer Science - Artificial Intelligence, Computer Science - Computation and Language},
	file = {arXiv Fulltext PDF:/Users/domenicrosati/Zotero/storage/GTPAPD45/Dalvi et al. - 2022 - Towards Teachable Reasoning Systems.pdf:application/pdf;arXiv.org Snapshot:/Users/domenicrosati/Zotero/storage/7G8T35HE/2204.html:text/html},
}

@misc{tandon_learning_2022,
	title = {Learning to {Repair}: {Repairing} model output errors after deployment using a dynamic memory of feedback},
	shorttitle = {Learning to {Repair}},
	url = {http://arxiv.org/abs/2112.09737},
	urldate = {2022-09-12},
	publisher = {arXiv},
	author = {Tandon, Niket and Madaan, Aman and Clark, Peter and Yang, Yiming},
	month = may,
	year = {2022},
	note = {arXiv:2112.09737 [cs]},
	keywords = {Computer Science - Artificial Intelligence, Computer Science - Computation and Language},
	file = {arXiv Fulltext PDF:/Users/domenicrosati/Zotero/storage/IUTDGVR5/Tandon et al. - 2022 - Learning to Repair Repairing model output errors .pdf:application/pdf;arXiv.org Snapshot:/Users/domenicrosati/Zotero/storage/8GM6T6D3/2112.html:text/html},
}

@article{agarwal_improving_nodate,
	title = {Improving {Logical} {Consistency} in {Pre}-{Trained} {Language} {Models} using {Natural} {Language} {Inference}},
	language = {en},
	author = {Agarwal, Ananth and Tew, Cameron and Tzen, Anthony},
	pages = {10},
	file = {Agarwal et al. - Improving Logical Consistency in Pre-Trained Langu.pdf:/Users/domenicrosati/Zotero/storage/B8UWVARA/Agarwal et al. - Improving Logical Consistency in Pre-Trained Langu.pdf:application/pdf},
}

@misc{pandia_sorting_2021,
	title = {Sorting through the noise: {Testing} robustness of information processing in pre-trained language models},
	shorttitle = {Sorting through the noise},
	url = {http://arxiv.org/abs/2109.12393},
	doi = {10.48550/arXiv.2109.12393},
	urldate = {2022-09-12},
	publisher = {arXiv},
	author = {Pandia, Lalchand and Ettinger, Allyson},
	month = sep,
	year = {2021},
	note = {arXiv:2109.12393 [cs]},
	keywords = {Computer Science - Computation and Language, I.2.7, 68T50},
	file = {arXiv Fulltext PDF:/Users/domenicrosati/Zotero/storage/NDH7NFQ9/Pandia and Ettinger - 2021 - Sorting through the noise Testing robustness of i.pdf:application/pdf;arXiv.org Snapshot:/Users/domenicrosati/Zotero/storage/QTRGI4PV/2109.html:text/html},
}

@misc{hendrycks_unsolved_2021,
	title = {Unsolved {Problems} in {ML} {Safety}},
	url = {https://doi.org/10.48550/arxiv.2109.13916},
	language = {en},
	urldate = {2022-09-12},
	journal = {scite.ai},
	author = {Hendrycks, Dan and Carlini, Nicholas and Schulman, John and Steinhardt, Jacob},
	year = {2021},
	doi = {10.48550/arxiv.2109.13916},
	file = {Snapshot:/Users/domenicrosati/Zotero/storage/WR2XBL76/unsolved-problems-in-ml-safety-n69Ne1An.html:text/html},
}

@misc{ganguli_predictability_2022,
	title = {Predictability and {Surprise} in {Large} {Generative} {Models}},
	url = {https://doi.org/10.48550/arxiv.2202.07785},
	language = {en},
	urldate = {2022-09-12},
	journal = {scite.ai},
	author = {Ganguli, Deep and Hernandez, Danny and Lovitt, Liane and others},
	year = {2022},
	doi = {10.48550/arxiv.2202.07785},
	file = {Snapshot:/Users/domenicrosati/Zotero/storage/XRVYIKRD/predictability-and-surprise-in-large-jMnJe0bM.html:text/html},
}

@misc{liu_towards_2022,
	title = {Towards {Understanding} {Grokking}: {An} {Effective} {Theory} of {Representation} {Learning}},
	shorttitle = {Towards {Understanding} {Grokking}},
	url = {https://doi.org/10.48550/arxiv.2205.10343},
	language = {en},
	urldate = {2022-09-12},
	journal = {scite.ai},
	author = {Liu, Ziming and Kitouni, Ouail and Nolte, Niklas and Michaud, Eric J. and Tegmark, Max and Williams, Mike},
	year = {2022},
	doi = {10.48550/arxiv.2205.10343},
	file = {Snapshot:/Users/domenicrosati/Zotero/storage/NCQNPHWB/towards-understanding-grokking-an-effective-W8YnQr61.html:text/html},
}

@misc{elazar_back_2021,
	title = {Back to {Square} {One}: {Artifact} {Detection}, {Training} and {Commonsense} {Disentanglement} in the {Winograd} {Schema}},
	shorttitle = {Back to {Square} {One}},
	url = {http://arxiv.org/abs/2104.08161},
	urldate = {2022-09-12},
	publisher = {arXiv},
	author = {Elazar, Yanai and Zhang, Hongming and Goldberg, Yoav and Roth, Dan},
	month = oct,
	year = {2021},
	note = {arXiv:2104.08161 [cs]},
	keywords = {Computer Science - Computation and Language},
	file = {arXiv Fulltext PDF:/Users/domenicrosati/Zotero/storage/F4JEG9D9/Elazar et al. - 2021 - Back to Square One Artifact Detection, Training a.pdf:application/pdf;arXiv.org Snapshot:/Users/domenicrosati/Zotero/storage/478IHN72/2104.html:text/html},
}

@misc{instruct,
  doi = {10.48550/ARXIV.2203.02155},
  url = {https://arxiv.org/abs/2203.02155},
  author = {Ouyang, Long and Wu, Jeff and Jiang, Xu and others},
  keywords = {Computation and Language (cs.CL), Artificial Intelligence (cs.AI), Machine Learning (cs.LG), FOS: Computer and information sciences, FOS: Computer and information sciences},
  title = {Training language models to follow instructions with human feedback},
  publisher = {arXiv},
  year = {2022},
  copyright = {arXiv.org perpetual, non-exclusive license}
}


@misc{novelty,
  doi = {10.48550/ARXIV.2202.00535},
  url = {https://arxiv.org/abs/2202.00535},
  author = {Chowdhury, Jishnu Ray and Zhuang, Yong and Wang, Shuyi},
  keywords = {Computation and Language (cs.CL), Artificial Intelligence (cs.AI), FOS: Computer and information sciences, FOS: Computer and information sciences},
  title = {Novelty Controlled Paraphrase Generation with Retrieval Augmented Conditional Prompt Tuning},
  publisher = {arXiv},
  year = {2022},
  copyright = {Creative Commons Attribution Non Commercial Share Alike 4.0 International}
}


@article{jang_beyond_2022-1,
	title = {Beyond {Distributional} {Hypothesis}: {Let} {Language} {Models} {Learn} {Meaning}-{Text} {Correspondence}},
	shorttitle = {Beyond {Distributional} {Hypothesis}},
	url = {https://doi.org/10.18653/v1/2022.findings-naacl.156},
	doi = {10.18653/v1/2022.findings-naacl.156},
	language = {en},
	urldate = {2022-09-12},
	journal = {Findings of the Association for Computational Linguistics: NAACL 2022},
	author = {Jang, Myeongjun and Mtumbuka, Frank and Lukasiewicz, Thomas},
	year = {2022},
	file = {Full Text:/Users/domenicrosati/Zotero/storage/U59ZHQQ3/Jang et al. - 2022 - Beyond Distributional Hypothesis Let Language Mod.pdf:application/pdf;Snapshot:/Users/domenicrosati/Zotero/storage/EZ68KFA4/beyond-distributional-hypothesis-let-language-68p0j3xE.html:text/html},
}

@misc{li_logic-driven_2019,
	title = {A {Logic}-{Driven} {Framework} for {Consistency} of {Neural} {Models}},
	url = {http://arxiv.org/abs/1909.00126},
	doi = {10.48550/arXiv.1909.00126},
	urldate = {2022-09-12},
	publisher = {arXiv},
	author = {Li, Tao and Gupta, Vivek and Mehta, Maitrey and Srikumar, Vivek},
	month = sep,
	year = {2019},
	note = {arXiv:1909.00126 [cs]},
	keywords = {Computer Science - Artificial Intelligence, Computer Science - Computation and Language, Computer Science - Machine Learning},
	file = {arXiv Fulltext PDF:/Users/domenicrosati/Zotero/storage/X9A8T8CX/Li et al. - 2019 - A Logic-Driven Framework for Consistency of Neural.pdf:application/pdf;arXiv.org Snapshot:/Users/domenicrosati/Zotero/storage/XXXQ39WD/1909.html:text/html},
}

@inproceedings{lin-etal-2022-truthfulqa,
    title = "{T}ruthful{QA}: Measuring How Models Mimic Human Falsehoods",
    author = "Lin, Stephanie  and
      Hilton, Jacob  and
      Evans, Owain",
    booktitle = "Proceedings of the 60th Annual Meeting of the Association for Computational Linguistics (Volume 1: Long Papers)",
    month = may,
    year = "2022",
    address = "Dublin, Ireland",
    publisher = "Association for Computational Linguistics",
    url = "https://aclanthology.org/2022.acl-long.229",
    doi = "10.18653/v1/2022.acl-long.229",
    pages = "3214--3252"
}

@misc{mnli,
  doi = {10.48550/ARXIV.1704.05426},
  url = {https://arxiv.org/abs/1704.05426},
  author = {Williams, Adina and Nangia, Nikita and Bowman, Samuel R.},
  keywords = {Computation and Language (cs.CL), FOS: Computer and information sciences, FOS: Computer and information sciences},
  title = {A Broad-Coverage Challenge Corpus for Sentence Understanding through Inference},
  publisher = {arXiv},
  year = {2017},
  copyright = {arXiv.org perpetual, non-exclusive license}
}


@misc{deberta,
  doi = {10.48550/ARXIV.2006.03654},
  url = {https://arxiv.org/abs/2006.03654},
  author = {He, Pengcheng and Liu, Xiaodong and Gao, Jianfeng and Chen, Weizhu},
  keywords = {Computation and Language (cs.CL), Machine Learning (cs.LG), FOS: Computer and information sciences, FOS: Computer and information sciences, I.2; I.7, cs.CL, cs.GL},
  title = {DeBERTa: Decoding-enhanced BERT with Disentangled Attention},
  publisher = {arXiv},
  year = {2020},
  copyright = {arXiv.org perpetual, non-exclusive license}
}

@misc{debertav3,
  doi = {10.48550/ARXIV.2111.09543},
  url = {https://arxiv.org/abs/2111.09543},
  author = {He, Pengcheng and Gao, Jianfeng and Chen, Weizhu},
  keywords = {Computation and Language (cs.CL), Machine Learning (cs.LG), FOS: Computer and information sciences, FOS: Computer and information sciences, I.2; I.7, cs.CL, cs.GL},
  title = {DeBERTaV3: Improving DeBERTa using ELECTRA-Style Pre-Training with Gradient-Disentangled Embedding Sharing},
  publisher = {arXiv},
  year = {2021},
  copyright = {Creative Commons Attribution 4.0 International}
}


@inproceedings{Cheriton2019FromDT,
  title={From doc2query to docTTTTTquery},
  author={David R. Cheriton},
  year={2019}
}
@misc{factuality_enhanced,
  doi = {10.48550/ARXIV.2206.04624},
  url = {https://arxiv.org/abs/2206.04624},
  author = {Lee, Nayeon and Ping, Wei and Xu, Peng and others},
  keywords = {Computation and Language (cs.CL), Artificial Intelligence (cs.AI), Computers and Society (cs.CY), Machine Learning (cs.LG), FOS: Computer and information sciences, FOS: Computer and information sciences},
  title = {Factuality Enhanced Language Models for Open-Ended Text Generation},
  publisher = {arXiv},
  year = {2022},
  copyright = {Creative Commons Attribution 4.0 International}
}


@misc{curious_case_2019,
  doi = {10.48550/ARXIV.1904.09751},
  url = {https://arxiv.org/abs/1904.09751},
  author = {Holtzman, Ari and Buys, Jan and Du, Li and others},
  keywords = {Computation and Language (cs.CL), FOS: Computer and information sciences, FOS: Computer and information sciences},
  title = {The Curious Case of Neural Text Degeneration},
  publisher = {arXiv},
  year = {2019},
  copyright = {arXiv.org perpetual, non-exclusive license}
}


@misc{opt,
  doi = {10.48550/ARXIV.2205.01068},
  url = {https://arxiv.org/abs/2205.01068},
  author = {Zhang, Susan and Roller, Stephen and Goyal, Naman and others},
  keywords = {Computation and Language (cs.CL), Machine Learning (cs.LG), FOS: Computer and information sciences, FOS: Computer and information sciences},
  title = {OPT: Open Pre-trained Transformer Language Models},
  publisher = {arXiv},
  year = {2022},
  copyright = {Creative Commons Attribution 4.0 International}
}


@inproceedings{zhang-etal-2019-paws,
    title = "{PAWS}: Paraphrase Adversaries from Word Scrambling",
    author = "Zhang, Yuan  and
      Baldridge, Jason  and
      He, Luheng",
    booktitle = "Proceedings of the 2019 Conference of the North {A}merican Chapter of the Association for Computational Linguistics: Human Language Technologies, Volume 1 (Long and Short Papers)",
    month = jun,
    year = "2019",
    address = "Minneapolis, Minnesota",
    publisher = "Association for Computational Linguistics",
    url = "https://aclanthology.org/N19-1131",
    doi = "10.18653/v1/N19-1131",
    pages = "1298--1308"
}

@misc{gpt3,
  doi = {10.48550/ARXIV.2005.14165},
  url = {https://arxiv.org/abs/2005.14165},
  author = {Brown, Tom B. and Mann, Benjamin and Ryder, Nick and others},
  keywords = {Computation and Language (cs.CL), FOS: Computer and information sciences, FOS: Computer and information sciences},
  title = {Language Models are Few-Shot Learners},
  publisher = {arXiv},
  year = {2020},
  copyright = {arXiv.org perpetual, non-exclusive license}
}


@inproceedings{bandel-etal-2022-quality,
    title = "Quality Controlled Paraphrase Generation",
    author = "Bandel, Elron  and
      Aharonov, Ranit and
      Shmueli-Scheuer, Michal and others",
    booktitle = "Proceedings of the 60th Annual Meeting of the Association for Computational Linguistics (Volume 1: Long Papers)",
    month = may,
    year = "2022",
    address = "Dublin, Ireland",
    publisher = "Association for Computational Linguistics",
    url = "https://aclanthology.org/2022.acl-long.45",
    doi = "10.18653/v1/2022.acl-long.45",
    pages = "596--609"
}

@misc{bertscore,
  doi = {10.48550/ARXIV.1904.09675},
  url = {https://arxiv.org/abs/1904.09675},
  author = {Zhang, Tianyi and Kishore, Varsha and Wu, Felix and others},
  keywords = {Computation and Language (cs.CL), FOS: Computer and information sciences, FOS: Computer and information sciences},
  title = {BERTScore: Evaluating Text Generation with BERT},
  publisher = {arXiv},
  year = {2019},
  copyright = {arXiv.org perpetual, non-exclusive license}
}


@misc{hendrycks_unsolved_2022,
	title = {Unsolved {Problems} in {ML} {Safety}},
	url = {http://arxiv.org/abs/2109.13916},
	doi = {10.48550/arXiv.2109.13916},
	urldate = {2022-09-13},
	publisher = {arXiv},
	author = {Hendrycks, Dan and Carlini, Nicholas and Schulman, John and Steinhardt, Jacob},
	month = jun,
	year = {2022},
	note = {arXiv:2109.13916 [cs]},
	keywords = {Computer Science - Artificial Intelligence, Computer Science - Computer Vision and Pattern Recognition, Computer Science - Computation and Language, Computer Science - Machine Learning},
	file = {arXiv Fulltext PDF:/Users/domenicrosati/Zotero/storage/SKSKDZPG/Hendrycks et al. - 2022 - Unsolved Problems in ML Safety.pdf:application/pdf;arXiv.org Snapshot:/Users/domenicrosati/Zotero/storage/TA9YPCFP/2109.html:text/html},
}

@inproceedings{krishna_hurdles_2021,
	address = {Online},
	title = {Hurdles to {Progress} in {Long}-form {Question} {Answering}},
	url = {https://aclanthology.org/2021.naacl-main.393},
	doi = {10.18653/v1/2021.naacl-main.393},
	urldate = {2022-09-14},
	booktitle = {Proceedings of the 2021 {Conference} of the {North} {American} {Chapter} of the {Association} for {Computational} {Linguistics}: {Human} {Language} {Technologies}},
	publisher = {Association for Computational Linguistics},
	author = {Krishna, Kalpesh and Roy, Aurko and Iyyer, Mohit},
	month = jun,
	year = {2021},
	pages = {4940--4957},
	file = {Full Text PDF:/Users/domenicrosati/Zotero/storage/M9RCL4LT/Krishna et al. - 2021 - Hurdles to Progress in Long-form Question Answerin.pdf:application/pdf},
}

@inproceedings{sellam2020bleurt,
  title = {BLEURT: Learning Robust Metrics for Text Generation},
  author = {Thibault Sellam and Dipanjan Das and Ankur P Parikh},
  year = {2020},
  booktitle = {Proceedings of ACL}
}

@misc{kuhn2023semantic,
      title={Semantic Uncertainty: Linguistic Invariances for Uncertainty Estimation in Natural Language Generation}, 
      author={Lorenz Kuhn and Yarin Gal and Sebastian Farquhar},
      year={2023},
      eprint={2302.09664},
      archivePrefix={arXiv},
      primaryClass={cs.CL}
}