% Use this file for citations not found in the ACL Anthology (contained in "anthology.bib").

@book{Aho:72,
    author  = {Alfred V. Aho and Jeffrey D. Ullman},
    title   = {The Theory of Parsing, Translation and Compiling},
    year    = "1972",
    volume  = "1",
    publisher = {Prentice-Hall},
    address = {Englewood Cliffs, NJ}
}

@book{APA:83,
    author  = {{American Psychological Association}},
    title   = {Publications Manual},
    year    = "1983",
    publisher = {American Psychological Association},
    address = {Washington, DC}
}

@article{Chandra:81,
	author = {Ashok K. Chandra and Dexter C. Kozen and Larry J. Stockmeyer},
	year = "1981",
	title = {Alternation},
	journal = {Journal of the Association for Computing Machinery},
	volume = "28",
	number = "1",
	pages = "114--133",
	doi = "10.1145/322234.322243",
}

@inproceedings{andrew2007scalable,
  title={{Scalable Training of {$L_1$}}-Regularized Log-Linear Models},
  author={Andrew, Galen and Gao, Jianfeng},
  booktitle={{Proceedings of the 24th International Conference on Machine Learning}},
  pages={33--40},
  year={2007},
  url={https://dl.acm.org/doi/abs/10.1145/1273496.1273501}
}

@book{Gusfield:97,
    author  = {Dan Gusfield},
    title   = {Algorithms on Strings, Trees and Sequences},
    year    = "1997",
    publisher = {Cambridge University Press},
    address = {Cambridge, UK},
    url={https://www.cambridge.org/core/books/algorithms-on-strings-trees-and-sequences/F0B095049C7E6EF5356F0A26686C20D3}
}

@article{rasooli-tetrault-2015,
    author    = {Mohammad Sadegh Rasooli and Joel R. Tetreault},
    title     = {Yara Parser: {A} Fast and Accurate Dependency Parser},
    journal   = {Computing Research Repository},
    volume    = {arXiv:1503.06733},
    year      = {2015},
    url       = {http://arxiv.org/abs/1503.06733},
    note    = {version 2}
}

@article{Ando2005,
	Acmid = {1194905},
	Author = {Ando, Rie Kubota and Zhang, Tong},
	Issn = {1532-4435},
	Issue_Date = {12/1/2005},
	Journal = {Journal of Machine Learning Research},
	Month = dec,
	Numpages = {37},
	Pages = {1817--1853},
	Publisher = {JMLR.org},
	Title = {A Framework for Learning Predictive Structures from Multiple Tasks and Unlabeled Data},
	Volume = {6},
	Year = {2005},
	url={https://www.jmlr.org/papers/volume6/ando05a/ando05a.pdf}
}

@article{ct1965,
  title={{An Algorithm For The Machine Calculation of Complex {F}}ourier Series},
  author={Cooley, James W. and Tukey, John W.},
  journal={Mathematics of Computation},
  volume={19},
  number={90},
  pages={297--301},
  year={1965},
  url={https://www.ams.org/journals/mcom/1965-19-090/S0025-5718-1965-0178586-1/S0025-5718-1965-0178586-1.pdf}
}

@inproceedings{piper-etal-2024-social,
    title = {{The Social Lives of Literary Characters: Combining Citizen Science and Language Models to Understand Narrative Social Networks}},
    author = "Piper, Andrew  and
      Xu, Michael  and
      Ruths, Derek",
    booktitle = "Proceedings of the 4th International Conference on Natural Language Processing for Digital Humanities",
    year = "2024",
    address = "Miami, USA",
    publisher = "Association for Computational Linguistics",
    doi = "10.18653/v1/2024.nlp4dh-1.45",
    pages = "472--482",
}

@article{algee2017distributed,
  title={{{Distributed Character: Quantitative Models of the English Stage, 1550--1900}}},
  author={Algee-Hewitt, Mark},
  journal={New Literary History},
  volume={48},
  number={4},
  pages={751--782},
  year={2017},
  publisher={Johns Hopkins University Press},
  doi={10.1353/nlh.2017.0038}
}

@inproceedings{sims-bamman-2020-measuring,
    title = "Measuring Information Propagation in Literary Social Networks",
    author = "Sims, Matthew  and
      Bamman, David",
    booktitle = "Proceedings of the 2020 Conference on Empirical Methods in Natural Language Processing (EMNLP)",
    month = nov,
    year = "2020",
    address = "Online",
    publisher = "Association for Computational Linguistics",
    doi = "10.18653/v1/2020.emnlp-main.47",
    pages = "642--652",
}

@incollection{box1979robustness,
  title={{Robustness in the Strategy of Scientific Model Building}},
  author={Box, George EP},
  booktitle={{Robustness in statistics}},
  pages={201--236},
  year={1979},
  publisher={Elsevier}
}

@inproceedings{piper2021narrative,
  title={{Narrative Theory for Computational Narrative Understanding}},
  author={Piper, Andrew and So, Richard Jean and Bamman, David},
  booktitle={{Proceedings of the 2021 Conference on Empirical Methods in Natural Language Processing}},
  pages={298--311},
  year={2021}
}

@misc{massey2015annotating,
  title={Annotating Character Relationships in Literary Texts}, 
  author={Philip Massey and Patrick Xia and David Bamman and Noah A. Smith},
  year={2015},
  eprint={1512.00728},
  archivePrefix={arXiv},
  primaryClass={cs.CL},
  url={https://arxiv.org/abs/1512.00728}, 
}

@article{rubenstein1965contextual,
  title={{Contextual Correlates of Synonymy}},
  author={Rubenstein, Herbert and Goodenough, John B},
  journal={Communications of the ACM},
  volume={8},
  number={10},
  pages={627--633},
  year={1965},
  publisher={ACM New York, NY, USA}
}

@article{radford2019language,
  title={{Language Models are Unsupervised Multitask Learners}},
  author={Radford, Alec and Wu, Jeffrey and Child, Rewon and Luan, David and Amodei, Dario and Sutskever, Ilya and others},
  journal={OpenAI blog},
  volume={1},
  number={8},
  pages={9},
  year={2019}
}

@article{brown2020language,
  title={{Language Models Are Few-Shot Learners}},
  author={Brown, Tom B},
  journal={arXiv preprint arXiv:2005.14165},
  year={2020}
}

@article{su2024roformer,
  title={{Roformer: Enhanced Transformer With Rotary Position Embedding}},
  author={Su, Jianlin and Ahmed, Murtadha and Lu, Yu and Pan, Shengfeng and Bo, Wen and Liu, Yunfeng},
  journal={Neurocomputing},
  volume={568},
  pages={127063},
  year={2024},
  publisher={Elsevier}
}

@article{peng2023yarn,
  title={{Yarn: Efficient Context Window Extension of Large Language Models}},
  author={Peng, Bowen and Quesnelle, Jeffrey and Fan, Honglu and Shippole, Enrico},
  journal={arXiv preprint arXiv:2309.00071},
  year={2023}
}

@article{team2024gemini,
  title={{Gemini 1.5: Unlocking Multimodal Understanding Across Millions of Tokens of Context}},
  author={Team, Gemini and Georgiev, Petko and Lei, Ving Ian and Burnell, Ryan and Bai, Libin and Gulati, Anmol and Tanzer, Garrett and Vincent, Damien and Pan, Zhufeng and Wang, Shibo and others},
  journal={arXiv preprint arXiv:2403.05530},
  year={2024}
}

@inproceedings{bamman-etal-2020-annotated,
    title = "An Annotated Dataset of Coreference in {E}nglish Literature",
    author = "Bamman, David  and
      Lewke, Olivia  and
      Mansoor, Anya",
    booktitle = "Proceedings of the Twelfth Language Resources and Evaluation Conference",
    year = "2020",
    address = "Marseille, France",
    publisher = "European Language Resources Association",
    pages = "44--54",
}

@inproceedings{bamman-etal-2014-bayesian,
    title = "A {B}ayesian Mixed Effects Model of Literary Character",
    author = "Bamman, David  and
      Underwood, Ted  and
      Smith, Noah A.",
    booktitle = "Proceedings of the 52nd Annual Meeting of the Association for Computational Linguistics (Volume 1: Long Papers)",
    year = "2014",
    address = "Baltimore, Maryland",
    publisher = "Association for Computational Linguistics",
    doi = "10.3115/v1/P14-1035",
    pages = "370--379",
}

@inproceedings{kim2019frowning,
  title={{Frowning Frodo, Wincing Leia, and a Seriously Great Friendship: Learning to Classify Emotional Relationships of Fictional Characters}},
  author={Kim, Evgeny and Klinger, Roman},
  booktitle={{Proceedings of the 2019 Conference of the North {A}merican Chapter of the Association for Computational Linguistics: Human Language Technologies, Volume 1 (Long and Short Papers)}},
  pages={647--653},
  year={2019},
  address = {Minneapolis, Minnesota},
  publisher = {Association for Computational Linguistics},
  doi = {10.18653/v1/N19-1067}
}

@inproceedings{zhao2024large,
  title={{Large Language Models Fall Short: Understanding Complex Relationships in Detective Narratives}},
  author={Zhao, Runcong and Zhu, Qinglin and Xu, Hainiu and Li, Jiazheng and Zhou, Yuxiang and He, Yulan and Gui, Lin},
  booktitle={Findings of the Association for Computational Linguistics: ACL 2024},
  year={2024},
  address = "Bangkok, Thailand",
  publisher = "Association for Computational Linguistics",
  doi = {10.18653/v1/2024.findings-acl.454}
}

@article{Chaturvedi_Srivastava_Daume_III_Dyer_2016,
    title={{Modeling Evolving Relationships Between Characters in Literary Novels}}, 
    volume={30}, 
    doi={10.1609/aaai.v30i1.10358}, 
    number={1},
    journal={Proceedings of the AAAI Conference on Artificial Intelligence},
    author={Chaturvedi, Snigdha and Srivastava, Shashank and Daume III, Hal and Dyer, Chris}, 
    year={2016},
    pages={2704--2710}
}

@inproceedings{chaturvedi2017unsupervised,
  title={{Unsupervised Learning of Evolving Relationships Between Literary Characters}},
  author={Chaturvedi, Snigdha and Iyyer, Mohit and Daume III, Hal},
  booktitle={{Proceedings of the 31st AAAI Conference on Artificial Intelligence}},
  year={2017},
  pages={3159--3165},
  doi={https://doi.org/10.1609/aaai.v31i1.10982}
}

@inproceedings{bonato2016mining,
  title={{Mining and Modeling Character Networks}},
  author={Bonato, Anthony and Dâ€™Angelo, David Ryan and Elenberg, Ethan R and Gleich, David F and Hou, Yangyang},
  booktitle={{Algorithms and Models for the Web Graph: 13th International Workshop}},
  pages={100--114},
  year={2016},
  organization={Springer},
  doi={https://doi.org/10.1007/978-3-319-49787-7_9}
}

@article{labatut2019extraction, 
    author = {Labatut, Vincent and Bost, Xavier}, 
    title = {Extraction and Analysis of Fictional Character Networks: A Survey}, 
    year = {2019}, 
    journal = {ACM Computing Surveys},
    address = {New York, NY, USA}, 
    volume = {52}, 
    number = {5}, 
    doi = {10.1145/3344548}, 
    month = sep, 
}

@inproceedings{mellace2020temporal,
  title={{Temporal Embeddings and Transformer Models for Narrative Text Understanding}},
  author={Mellace, Simone and Antonucci, Alessandro and others},
  booktitle={Proceedings of the Text2Storyâ€™20 Workshop},
  year={2020},
  address={Lisbon, Portugal},
  pages={71--77},
  url={https://ceur-ws.org/Vol-2593/paper9.pdf}
}

@article{sugishita2023social,
  title={{Social Network Analysis of Manga: Similarities to Real-World Social Networks and Trends Over Decades}},
  author={Sugishita, Kashin and Masuda, Naoki},
  journal={Applied Network Science},
  volume={8},
  number={1},
  pages={79},
  year={2023},
  publisher={Springer},
  url={https://doi.org/10.1007/s41109-023-00604-0}
}

@inproceedings{way2018framework,
  title={{A Framework for Unsupervised Extraction of Social Networks from Textual Materials}},
  author={Way, Thomas},
  booktitle={{Proceedings on the International Conference on Artificial Intelligence (ICAI)}},
  pages={244--249},
  year={2018},
  doi = {10.1145/3703594},
  publisher = {Association for Computing Machinery},
  address = {New York, NY, USA},
}

@inproceedings{elson2010extracting, 
    author = {Elson, David K. and Dames, Nicholas and McKeown, Kathleen R.}, 
    title = {{Extracting Social Networks from Literary Fiction}}, 
    year = {2010}, 
    booktitle = {Proceedings of the 48th Annual Meeting of the Association for Computational Linguistics (ACL 2010)}, 
    pages = {138--147}, 
    location = {Uppsala, Sweden}, 
    url={https://aclanthology.org/P10-1015/},
}

@article{falk2016making,
    author = {Michael Falk},
    title = {{Making Connections: Network Analysis, the Bildungsroman and the World of The Absentee}},
    journal = {Journal of Language, Literature and Culture},
    volume = {63},
    number = {2-3},
    pages = {107--122},
    year = {2016},
    doi = {10.1080/20512856.2016.1244909},
}

@article{stiller2003small,
  title={{The Small World of Shakespeareâ€™s Plays}},
  author={Stiller, James and Nettle, Daniel and Dunbar, Robin IM},
  journal={Human Nature},
  volume={14},
  pages={397--408},
  year={2003},
  publisher={Springer},
  doi={https://doi.org/10.1007/s12110-003-1013-1}
}

@article{mac2012universal,
  title={{Universal Properties of Mythological Networks}},
  author={Mac Carron, P{\'a}draig and Kenna, Ralph},
  journal={Europhysics Letters},
  volume={99},
  number={2},
  pages={28002},
  year={2012},
  publisher={IOP Publishing}
}

@inproceedings{agarwal2012social,
  title={{Social Metwork Analysis of Alice in Wonderland}},
  author={Agarwal, Apoorv and Corvalan, Augusto and Jensen, Jacob and Rambow, Owen},
  booktitle={{Proceedings of the NAACL-HLT 2012 Workshop on computational linguistics for literature}},
  pages={88--96},
  year={2012}
}

@article{jung2013emotion, 
    author = {Jung, Jason J. and You, Eunsoon and Park, Seung-Bo},
    title = {Emotion-Based Character Clustering for Managing Story-Based Contents: A Cinemetric Analysis}, 
    year = {2013}, 
    publisher = {Kluwer Academic Publishers}, 
    address = {USA}, 
    volume = {65}, 
    number = {1}, 
    doi = {10.1007/s11042-012-1133-x}, 
    journal = {Multimedia Tools Appl.}, 
    pages = {29â€“45}, 
}

@article{moretti2011network,
  title={{Network Theory, Plot Analysis}},
  author={Moretti, Franco},
  year={2011},
  publisher={Deutsche Nationalbibliothek},
  journal={New Left Review},
  volume={68},
  url={https://newleftreview.org/issues/ii68/articles/franco-moretti-network-theory-plot-analysis}
}

@book{woloch2009one,
  title={{The One vs. The Many: Minor Characters and the Space of the Protagonist in the Novel}},
  author={Woloch, Alex},
  year={2009},
  publisher={Princeton University Press}
}

@inproceedings{lee2012extracting,
  title={{Extracting Networks of People and Places From Literary Texts}},
  author={Lee, John and Yeung, Chak Yan},
  booktitle={{Proceedings of the 26th Pacific Asia Conference on Language, Information and Computation}},
  pages={209--218},
  year={2012},
  url ={https://aclanthology.org/Y12-1022/},
  address = "Bali, Indonesia",
  publisher = "Faculty of Computer Science, Universitas Indonesia",
}

@inproceedings{agarwal2013automatic,
  title={{Automatic Extraction of Social Networks from Literary Text: A Case Study on Alice in Wonderland}},
  author={Agarwal, Apoorv and Kotalwar, Anup and Rambow, Owen},
  booktitle={{Proceedings of the Sixth International Joint Conference on Natural Language Processing}},
  pages={1202--1208},
  year={2013}
}

@inproceedings{agarwal2014frame,
  title={{Frame Semantic Tree Kernels for Social Network Extraction from Text}},
  author={Agarwal, Apoorv and Balasubramanian, Sriramkumar and Kotalwar, Anup and Zheng, Jiehan and Rambow, Owen},
  booktitle={{Proceedings of the 14th Conference of the European Chapter of the Association for Computational Linguistics}},
  pages={211--219},
  year={2014}
}

@inproceedings{agarwal2010automatic,
  title={{Automatic Detection and Classification of Social Events}},
  author={Agarwal, Apoorv and Rambow, Owen},
  booktitle={{Proceedings of the 2010 Conference on Empirical Methods in Natural Language Processing}},
  pages={1024--1034},
  year={2010}
}

@article{sudhahar2013automated,
  title={{Automated Analysis of Narrative Content for Digital Humanities}},
  author={Sudhahar, Saatviga and Cristianini, Nello},
  journal={International Journal of Advanced Computer Science},
  volume={3},
  number={9},
  pages={440--447},
  year={2013},
  publisher={Citeseer},
  url={https://api.semanticscholar.org/CorpusID:61565680}
}

@inproceedings{trovati2014towards,
  title={{Towards an Automated Approach to Extract and Compare Fictional Networks: An Initial Evaluation}},
  author={Trovati, Marcello and Brady, James},
  booktitle={{2014 25th International Workshop on Database and Expert Systems Applications}},
  pages={246--250},
  year={2014},
  organization={IEEE}
}

@inproceedings{nijila2018extraction,
  title={{Extraction of Relationship Between Characters in Narrative Summaries}},
  author={Nijila, M and Kala, MT},
  booktitle={{2018 International Conference on Emerging Trends and Innovations In Engineering And Technological Research (ICETIETR)}},
  pages={1--5},
  year={2018},
  organization={IEEE},
  doi={10.1109/ICETIETR.2018.8529125}
}

@article{volker2020imagined,
  title={{Imagined Social Structures: Mirrors or Alternatives? A Comparison Between Networks of Characters in Contemporary Dutch Literature and Networks of the Population in the Netherlands}},
  author={Volker, Beate and Smeets, Roel},
  journal={Poetics},
  volume={79},
  year={2020},
  publisher={Elsevier},
  doi={https://doi.org/10.1016/j.poetic.2019.101379},
  pages={1--15}
}

@inproceedings{ardanuy2014structure,
  title={{Structure-Based Clustering of Novels}},
  author={Ardanuy, Mariona Coll and Sporleder, Caroline},
  booktitle={{Proceedings of the 3rd Workshop on Computational Linguistics for Literature (CLFL)}},
  pages={31--39},
  year={2014},
  address = {Gothenburg, Sweden},
  publisher = {Association for Computational Linguistics},
  doi = {10.3115/v1/W14-0905}
}

@inproceedings{agarwal2021genre,
  title={{Genre Classification Using Character Networks}},
  author={Agarwal, Divya and Vijay, Devika and others},
  booktitle={{Proceedings of the 5th International Conference on Intelligent Computing and Control Systems (ICICCS 2021)}},
  pages={216--222},
  year={2021},
  organization={IEEE},
  doi={doi: 10.1109/ICICCS51141.2021.9432303}
}

@article{waumans2015topology,
  title={{Topology Analysis of Social Networks Extracted from Literature}},
  author={Waumans, Micha{\"e}l C and Nicod{\`e}me, Thibaut and Bersini, Hugues},
  journal={PloS one},
  volume={10},
  number={6},
  pages={e0126470},
  year={2015},
  publisher={Public Library of Science San Francisco, CA USA}
}

@article{lee2017shakespeare,
  title={{Shakespeareâ€™s Tragic Social Network; Or Why All the Worldâ€™s A Stage}},
  author={Lee, James and Lee, Jason},
  journal={Digital Humanities Quarterly},
  volume={11},
  number={2},
  year={2017},
  url={https://www.digitalhumanities.org/dhq/vol/11/2/000289/000289.html}
}

@inbook{fischer2021social,
  title={{Social Network Analysis in Russian Literary Studies}},
  author={Fischer, Frank and Skorinkin, Daniil},
  booktitle={The Palgrave Handbook of Digital Russia Studies},
  pages={517--536},
  year={2021},
  publisher={Springer International Publishing},
  doi={10.1007/978-3-030-42855-6_29},
}

@article{makazhanov2014extracting,
  title={{Extracting Family Relationship Networks From Novels}},
  author={Makazhanov, Aibek and Barbosa, Denilson and Kondrak, Grzegorz},
  journal={arXiv preprint arXiv:1405.0603},
  year={2014}
}

@article{smeets2021modeling,
  title={{Modeling Conflict: Representations of Social Groups in Present-Day Dutch Literature}},
  author={Smeets, Roel and De Pourcq, Maarten and van den Bosch, Antal},
  journal={Journal of Cultural Analytics},
  volume={6},
  number={3},
  year={2021},
  url={https://doi.org/10.22148/001c.24722}
}

@inproceedings{evalyn2018analyzing,
  title={{Analyzing Social Networks of XML Plays: Exploring Shakespeare's Genres}},
  author={Evalyn, Lawrence and Gauch, Susan and Shukla, Manisha},
  booktitle={{Proceedings of DH2018}},
  pages={368--370},
  year={2018},
  url={https://dh2018.adho.org/en/analyzing-social-networks-of-xml-plays-exploring-shakespeares-genres/}
}

@article{masias2017exploring,
  title={{Exploring the Prominence of Romeo and Julietâ€™s Characters Using Weighted Centrality Measures}},
  author={Mas{\'\i}as, V{\'\i}ctor Hugo and Baldwin, Paula and Laengle, Sigifredo and Vargas, Augusto and Crespo, Fernando A},
  journal={Digital Scholarship in the Humanities},
  volume={32},
  number={4},
  pages={837--858},
  year={2017},
  publisher={Oxford University Press},
  doi = {10.1093/llc/fqw029},
}

@article{stiller2005weak,
  title={{Weak Links and Scene Cliques Within the Small World of Shakespeare}},
  author={Stiller, James and Hudson, Mathew},
  journal={Journal of Cultural and Evolutionary Psychology},
  volume={3},
  number={1},
  pages={57--73},
  year={2005},
  publisher={Akad{\'e}miai Kiad{\'o}},
  url={https://pearl.plymouth.ac.uk/cgi/viewcontent.cgi?params=/context/psy-research/article/1511/&path_info=Stiller_20and_20Hudson_202005_20Weak_20Links.pdf}
}

@inproceedings{hettinger2015genre,
  author={Hettinger, Lena and Becker, Martin and Reger, Isabella and Jannidis, Fotis and Hotho, Andreas},
  booktitle={{2015 26th International Workshop on Database and Expert Systems Applications (DEXA)}}, 
  title={{Genre Classification on German Novels}}, 
  year={2015},
  pages={249-253},
  doi={10.1109/DEXA.2015.62}}

@article{holanda2019character,
  title={{Character Networks and Book Genre Classification}},
  author={Holanda, Adriano J and Matias, Mariane and Ferreira, Sueli MSP and Benevides, Gisele ML and Kinouchi, Osame},
  journal={International Journal of Modern Physics C},
  volume={30},
  number={08},
  pages={1950058},
  year={2019},
  publisher={World Scientific}
}

@article{park2012social,
  title={{Social Network Analysis in a Movie Using Character-Net}},
  author={Park, Seung-Bo and Oh, Kyeong-Jin and Jo, Geun-Sik},
  journal={Multimedia Tools and Applications},
  volume={59},
  pages={601--627},
  year={2012},
  publisher={Springer}
}

@inproceedings{min2016network,
  title={{Network Science and Narratives: Basic Model and Application to Victor Hugoâ€™s Les Mis{\'e}}rables},
  author={Min, Semi and Park, Juyong},
  booktitle={{Complex Networks VII: Proceedings of the 7th Workshop on Complex Networks CompleNet 2016}},
  pages={257--265},
  year={2016},
  publisher={Springer International Publishing},
  doi={10.1007/978-3-319-30569-1_19}
}

@inproceedings{tran2015movie,
  title={{Movie Summarization Using Characters Network Analysis}},
  author={Tran, Quang Dieu and Hwang, Dosam and Jung, Jason J},
  booktitle={{Computational Collective Intelligence: 7th International Conference, ICCCI 2015, Madrid, Spain, September 21-23, 2015, Proceedings, Part I}},
  pages={390--399},
  year={2015},
  organization={Springer}
}

@article{tsai2013scene,
  author={Tsai, Chia-Ming and Kang, Li-Wei and Lin, Chia-Wen and Lin, Weisi},
  journal={IEEE Transactions on Circuits and Systems for Video Technology}, 
  title={{Scene-Based Movie Summarization Via Role-Community Networks}}, 
  year={2013},
  volume={23},
  number={11},
  pages={1927-1940}}

@article{hamiltonMultiHATHICompleteCollection2023,
  title = {{{MultiHATHI}}: {{A Complete Collection}} of {{Multilingual Prose Fiction}} in the {{HathiTrust Digital Library}}},
  author = {Hamilton, Sil and Piper, Andrew},
  year = {2023},
  month = feb,
  journal = {Journal of Open Humanities Data},
  volume = {9},
  number = {1},
  doi = {10.5334/johd.95},
  pages={1--7}
}

@misc{hartProjectGutenberg1971,
  title = {Project {{Gutenberg}}},
  author = {Hart, Michael S.},
  year = {1971},
  month = dec,
  journal = {Project Gutenberg},
  abstract = {Project Gutenberg is a library of free eBooks.},
  url = {https://www.gutenberg.org/},
}

@misc{masseyAnnotatingCharacterRelationships2015,
  title = {Annotating {{Character Relationships}} in {{Literary Texts}}},
  author = {Massey, Philip and Xia, Patrick and Bamman, David and Smith, Noah A.},
  year = {2015},
  month = dec,
  number = {arXiv:1512.00728},
  eprint = {1512.00728},
  primaryclass = {cs},
  publisher = {arXiv},
  urldate = {2024-10-09},
  langid = {english},
}

@misc{teamGeminiFamilyHighly2024,
  title = {Gemini: {{A Family}} of {{Highly Capable Multimodal Models}}},
  shorttitle = {Gemini},
  author = {{Team Gemini} and Anil, Rohan and Borgeaud, Sebastian and Alayrac, Jean-Baptiste and Yu, Jiahui and Soricut, Radu and Schalkwyk, Johan and Dai, Andrew M. and Hauth, Anja and Millican, Katie and Silver, David and Johnson, Melvin and Antonoglou, Ioannis and Schrittwieser, Julian and Glaese, Amelia and Chen, Jilin and Pitler, Emily and Lillicrap, Timothy and Lazaridou, Angeliki and Firat, Orhan and Molloy, James and Isard, Michael and et al.},
  year = {2024},
  month = jun,
  number = {arXiv:2312.11805},
  eprint = {2312.11805},
  primaryclass = {cs},
  publisher = {arXiv},
  doi = {10.48550/arXiv.2312.11805},
  urldate = {2025-02-21},
  archiveprefix = {arXiv},
}

@inproceedings{brookeGutenTagNLPdrivenTool2015,
  title = {{{GutenTag}}: An {{NLP-driven Tool}} for {{Digital Humanities Research}} in the {{Project Gutenberg Corpus}}},
  booktitle = {Proceedings of the {{Fourth Workshop}} on {{Computational Linguistics}} for {{Literature}}},
  author = {Brooke, Julian and Hammond, Adam and Hirst, Graeme},
  year = {2015},
  pages = {42--47},
  publisher = {Association for Computational Linguistics},
  doi = {10.3115/v1/W15-0705},
}

@article{gerlachStandardizedProjectGutenberg2020,
  title = {A {{Standardized Project Gutenberg Corpus}} for {{Statistical Analysis}} of {{Natural Language}} and {{Quantitative Linguistics}}},
  author = {Gerlach, Martin and {Font-Clos}, Francesc},
  year = {2020},
  journal = {Entropy},
  volume = {22},
  number = {1},
  pages = {1--14},
  publisher = {Multidisciplinary Digital Publishing Institute},
  doi = {10.3390/e22010126},
}

@article{piperBiodiversityNotDeclining2022,
  title = {{Biodiversity Is Not Declining in Fiction}},
  author = {Piper, Andrew},
  year = {2022},
  journal = {Journal of Cultural Analytics},
  volume = {7},
  number = {3},
  doi = {https://doi.org/10.22148/001c.38739},
  pages={1--15}
}

@article{reaganEmotionalArcsStories2016,
  title = {{The Emotional Arcs of Stories Are Dominated by Six Basic Shapes}},
  author = {Reagan, Andrew J. and Mitchell, Lewis and Kiley, Dilan and Danforth, Christopher M. and Dodds, Peter Sheridan},
  year = {2016},
  month = dec,
  journal = {EPJ Data Science},
  volume = {5},
  number = {1},
  pages = {1--12},
  publisher = {SpringerOpen},
  issn = {2193-1127},
  doi = {10.1140/epjds/s13688-016-0093-1},
}

@article{levenshteinBinaryCodesCapable1966,
  title = {{Binary Codes Capable of Correcting Deletions, Insertions, and Reversals}},
  author = {Levenshtein, V. I.},
  year = {1965},
  volume={10},
  journal = {Soviet Physics Doklady},
  pages={707-710},
  url={https://api.semanticscholar.org/CorpusID:60827152}
}

@misc{dubeyLlama3Herd2024,
  title = {The {{Llama}} 3 {{Herd}} of {{Models}}},
  author = {Dubey, Abhimanyu and Jauhri, Abhinav and Pandey, Abhinav and Kadian, Abhishek and {Al-Dahle}, Ahmad and Letman, Aiesha and Mathur, Akhil and Schelten, Alan and Yang, Amy and Fan, Angela and Goyal, Anirudh and Hartshorn, Anthony and Yang, Aobo and Mitra, Archi and Sravankumar, Archie and Korenev, Artem and Hinsvark, Arthur and Rao, Arun and Zhang, Aston and Rodriguez, Aurelien and collaborators.},
  year = {2024},
  month = aug,
  number = {arXiv:2407.21783},
  eprint = {2407.21783},
  primaryclass = {cs},
  publisher = {arXiv},
  urldate = {2024-09-25},
  archiveprefix = {arXiv},
  langid = {english},
}

@inproceedings{kudoSentencePieceSimpleLanguage2018,
  title = {{{SentencePiece}}: {{A}} Simple and Language Independent Subword Tokenizer and Detokenizer for {{Neural Text Processing}}},
  booktitle = {Proceedings of the 2018 {{Conference}} on {{Empirical Methods}} in {{Natural Language Processing}}: {{System Demonstrations}}},
  author = {Kudo, Taku and Richardson, John},
  year = {2018},
  pages = {66--71},
  publisher = {Association for Computational Linguistics},
  address = {Brussels, Belgium},
  doi = {10.18653/v1/D18-2012},
}

@misc{jiangMistral7B2023,
  title = {Mistral {{7B}}},
  author = {Jiang, Albert Q. and Sablayrolles, Alexandre and Mensch, Arthur and Bamford, Chris and Chaplot, Devendra Singh and de las Casas, Diego and Bressand, Florian and Lengyel, Gianna and Lample, Guillaume and Saulnier, Lucile and Lavaud, L{\'e}lio Renard and Lachaux, Marie-Anne and Stock, Pierre and Scao, Teven Le and Lavril, Thibaut and Wang, Thomas and Lacroix, Timoth{\'e}e and Sayed, William El},
  year = {2023},
  month = oct,
  number = {arXiv:2310.06825},
  eprint = {2310.06825},
  primaryclass = {cs},
  publisher = {arXiv},
  urldate = {2023-12-26},
}

@inproceedings{pengYaRNEfficientContext2023,
  title = {{{YaRN}}: {{Efficient Context Window Extension}} of {{Large Language Models}}},
  author = {Peng, Bowen and Quesnelle, Jeffrey and Fan, Honglu and Shippole, Enrico},
  year = {2023},
  booktitle = {Proceedings of the 12th International Conference on Learning Representations (ICLR 2023)},
  url={https://openreview.net/pdf?id=wHBfxhZu1u}
}

@article{suRoFormerEnhancedTransformer2023,
  title = {{{RoFormer}}: {{Enhanced Transformer}} with {{Rotary Position Embedding}}},
  author = {Su, Jianlin and Lu, Yu and Pan, Shengfeng and Murtadha, Ahmed and Wen, Bo and Liu, Yunfeng},
  year = {2023},
  month = nov,
  number = {C},
  volume = {568},
  publisher = {Elsevier Science Publishers B. V.},
  doi = {10.1016/j.neucom.2023.127063},
  journal={Neurocomputing}
}

@inproceedings{beurer-kellnerGuidingLLMsRight2024,
  title = {Guiding {{LLMs The Right Way}}: {{Fast}}, {{Non-Invasive Constrained Generation}}},
  author = {{Beurer-Kellner}, Luca and Fischer, Marc and Vechev, Martin},
  year = {2024},
  booktitle={Proceedings of the 41st International Conference on Machine Learning (ICML 2024)},
  pages={3658--3673},
  url={https://dl.acm.org/doi/10.5555/3692070.3692216}
}

@misc{gerganovLlamacpp2024,
  title = {{llama.cpp}},
  author = {Gerganov, Georgi},
  year = {2024},
  month = nov,
  urldate = {2024-11-28},
  abstract = {LLM inference in C/C++},
  copyright = {MIT},
  url={https://github.com/ggml-org/llama.cpp}
}

@misc{microsoftGuidance2024,
  title = {Guidance},
  author = {Microsoft},
  year = {2024},
  month = nov,
  urldate = {2024-11-28},
  abstract = {A guidance language for controlling large language models.},
  copyright = {MIT},
  howpublished = {Microsoft, Inc.},
  url={https://github.com/guidance-ai/guidance}
}

@misc{parkGrammarAlignedDecoding2024,
  title = {Grammar-{{Aligned Decoding}}},
  author = {Park, Kanghee and Wang, Jiayu and {Berg-Kirkpatrick}, Taylor and Polikarpova, Nadia and D'Antoni, Loris},
  year = {2024},
  month = nov,
  number = {arXiv:2405.21047},
  eprint = {2405.21047},
  primaryclass = {cs},
  publisher = {arXiv},
  doi = {10.48550/arXiv.2405.21047},
  urldate = {2024-11-28},
}

@misc{rickardReLLM2024,
  title = {{{ReLLM}}},
  author = {Rickard, Matt},
  year = {2024},
  month = nov,
  urldate = {2024-11-28},
  abstract = {Exact structure out of any language model completion.},
  url={https://github.com/r2d4/rellm}
}

@misc{shortenStructuredRAGJSONResponse2024,
  title={{StructuredRAG: JSON Response Formatting with Large Language Models}}, 
      author={Connor Shorten and Charles Pierse and Thomas Benjamin Smith and Erika Cardenas and Akanksha Sharma and John Trengrove and Bob van Luijt},
      year={2024},
      eprint={2408.11061},
      archivePrefix={arXiv},
      primaryClass={cs.CL},
      url={https://arxiv.org/abs/2408.11061}, 
}

@misc{teamGemma2Improving2024,
  title = {Gemma 2: {{Improving Open Language Models}} at a {{Practical Size}}},
  shorttitle = {Gemma 2},
  author = {{Team Gemma} and Riviere, Morgane and Pathak, Shreya and Sessa, Pier Giuseppe and Hardin, Cassidy and Bhupatiraju, Surya and Hussenot, L{\'e}onard and Mesnard, Thomas and Shahriari, Bobak and Ram{\'e}, Alexandre and Ferret, Johan and Liu, Peter and Tafti, Pouya and Friesen, Abe and Casbon, Michelle and Ramos, Sabela and Kumar, Ravin and Lan, Charline Le and Jerome, Sammy and Tsitsulin, Anton and Vieillard, Nino and Stanczyk, Piotr and Girgin, Sertan and Momchev, Nikola and Hoffman, Matt and Thakoor, Shantanu and Grill, Jean-Bastien and Neyshabur, Behnam and Bachem, Olivier and Walton, Alanna and Severyn, Aliaksei and Parrish, Alicia and et al.},
  year = {2024},
  month = oct,
  number = {arXiv:2408.00118},
  eprint = {2408.00118},
  primaryclass = {cs},
  publisher = {arXiv},
  doi = {10.48550/arXiv.2408.00118},
  urldate = {2025-02-12},
}

@article{wilkens2024small,
  title={{Small Worlds: Measuring the Mobility of Characters in English-Language Fiction}},
  author={Wilkens, Matthew and Evans, Elizabeth F and Soni, Sandeep and Bamman, David and Piper, Andrew},
  journal={Journal of Computational Literary Studies},
  volume={3},
  number={1},
  year={2024},
  publisher={Universit{\"a}ts-und Landesbibliothek Darmstadt},
  doi={https://doi.org/10.48694/jcls.3917},
  pages={1--16}
}

@article{blondel2008fast,
  title={Fast unfolding of communities in large networks},
  author={Blondel, Vincent D and Guillaume, Jean-Loup and Lambiotte, Renaud and Lefebvre, Etienne},
  journal={Journal of Statistical Mechanics: Theory and Experiment},
  volume={2008},
  number={10},
  pages={P10008},
  year={2008},
  doi={10.1088/1742-5468/2008/10/P10008}
}