@article{Chaturvedi_Srivastava_Daume_III_Dyer_2016,
    title={{Modeling Evolving Relationships Between Characters in Literary Novels}}, 
    volume={30}, 
    doi={10.1609/aaai.v30i1.10358}, 
    number={1},
    journal={Proceedings of the AAAI Conference on Artificial Intelligence},
    author={Chaturvedi, Snigdha and Srivastava, Shashank and Daume III, Hal and Dyer, Chris}, 
    year={2016},
    pages={2704--2710}
}

@inproceedings{agarwal2021genre,
  title={{Genre Classification Using Character Networks}},
  author={Agarwal, Divya and Vijay, Devika and others},
  booktitle={{Proceedings of the 5th International Conference on Intelligent Computing and Control Systems (ICICCS 2021)}},
  pages={216--222},
  year={2021},
  organization={IEEE},
  doi={doi: 10.1109/ICICCS51141.2021.9432303}
}

@article{algee2017distributed,
  title={{{Distributed Character: Quantitative Models of the English Stage, 1550--1900}}},
  author={Algee-Hewitt, Mark},
  journal={New Literary History},
  volume={48},
  number={4},
  pages={751--782},
  year={2017},
  publisher={Johns Hopkins University Press},
  doi={10.1353/nlh.2017.0038}
}

@inproceedings{bonato2016mining,
  title={{Mining and Modeling Character Networks}},
  author={Bonato, Anthony and D’Angelo, David Ryan and Elenberg, Ethan R and Gleich, David F and Hou, Yangyang},
  booktitle={{Algorithms and Models for the Web Graph: 13th International Workshop}},
  pages={100--114},
  year={2016},
  organization={Springer},
  doi={https://doi.org/10.1007/978-3-319-49787-7_9}
}

@inproceedings{chaturvedi2017unsupervised,
  title={{Unsupervised Learning of Evolving Relationships Between Literary Characters}},
  author={Chaturvedi, Snigdha and Iyyer, Mohit and Daume III, Hal},
  booktitle={{Proceedings of the 31st AAAI Conference on Artificial Intelligence}},
  year={2017},
  pages={3159--3165},
  doi={https://doi.org/10.1609/aaai.v31i1.10982}
}

@inproceedings{elson2010extracting, 
    author = {Elson, David K. and Dames, Nicholas and McKeown, Kathleen R.}, 
    title = {{Extracting Social Networks from Literary Fiction}}, 
    year = {2010}, 
    booktitle = {Proceedings of the 48th Annual Meeting of the Association for Computational Linguistics (ACL 2010)}, 
    pages = {138--147}, 
    location = {Uppsala, Sweden}, 
    url={https://aclanthology.org/P10-1015/},
}

@inproceedings{evalyn2018analyzing,
  title={{Analyzing Social Networks of XML Plays: Exploring Shakespeare's Genres}},
  author={Evalyn, Lawrence and Gauch, Susan and Shukla, Manisha},
  booktitle={{Proceedings of DH2018}},
  pages={368--370},
  year={2018},
  url={https://dh2018.adho.org/en/analyzing-social-networks-of-xml-plays-exploring-shakespeares-genres/}
}

@article{falk2016making,
    author = {Michael Falk},
    title = {{Making Connections: Network Analysis, the Bildungsroman and the World of The Absentee}},
    journal = {Journal of Language, Literature and Culture},
    volume = {63},
    number = {2-3},
    pages = {107--122},
    year = {2016},
    doi = {10.1080/20512856.2016.1244909},
}

@inbook{fischer2021social,
  title={{Social Network Analysis in Russian Literary Studies}},
  author={Fischer, Frank and Skorinkin, Daniil},
  booktitle={The Palgrave Handbook of Digital Russia Studies},
  pages={517--536},
  year={2021},
  publisher={Springer International Publishing},
  doi={10.1007/978-3-030-42855-6_29},
}

@inproceedings{kim2019frowning,
  title={{Frowning Frodo, Wincing Leia, and a Seriously Great Friendship: Learning to Classify Emotional Relationships of Fictional Characters}},
  author={Kim, Evgeny and Klinger, Roman},
  booktitle={{Proceedings of the 2019 Conference of the North {A}merican Chapter of the Association for Computational Linguistics: Human Language Technologies, Volume 1 (Long and Short Papers)}},
  pages={647--653},
  year={2019},
  address = {Minneapolis, Minnesota},
  publisher = {Association for Computational Linguistics},
  doi = {10.18653/v1/N19-1067}
}

@inproceedings{lee2012extracting,
  title={{Extracting Networks of People and Places From Literary Texts}},
  author={Lee, John and Yeung, Chak Yan},
  booktitle={{Proceedings of the 26th Pacific Asia Conference on Language, Information and Computation}},
  pages={209--218},
  year={2012},
  url ={https://aclanthology.org/Y12-1022/},
  address = "Bali, Indonesia",
  publisher = "Faculty of Computer Science, Universitas Indonesia",
}

@article{lee2017shakespeare,
  title={{Shakespeare’s Tragic Social Network; Or Why All the World’s A Stage}},
  author={Lee, James and Lee, Jason},
  journal={Digital Humanities Quarterly},
  volume={11},
  number={2},
  year={2017},
  url={https://www.digitalhumanities.org/dhq/vol/11/2/000289/000289.html}
}

@article{masias2017exploring,
  title={{Exploring the Prominence of Romeo and Juliet’s Characters Using Weighted Centrality Measures}},
  author={Mas{\'\i}as, V{\'\i}ctor Hugo and Baldwin, Paula and Laengle, Sigifredo and Vargas, Augusto and Crespo, Fernando A},
  journal={Digital Scholarship in the Humanities},
  volume={32},
  number={4},
  pages={837--858},
  year={2017},
  publisher={Oxford University Press},
  doi = {10.1093/llc/fqw029},
}

@inproceedings{mellace2020temporal,
  title={{Temporal Embeddings and Transformer Models for Narrative Text Understanding}},
  author={Mellace, Simone and Antonucci, Alessandro and others},
  booktitle={Proceedings of the Text2Story’20 Workshop},
  year={2020},
  address={Lisbon, Portugal},
  pages={71--77},
  url={https://ceur-ws.org/Vol-2593/paper9.pdf}
}

@inproceedings{min2016network,
  title={{Network Science and Narratives: Basic Model and Application to Victor Hugo’s Les Mis{\'e}}rables},
  author={Min, Semi and Park, Juyong},
  booktitle={{Complex Networks VII: Proceedings of the 7th Workshop on Complex Networks CompleNet 2016}},
  pages={257--265},
  year={2016},
  publisher={Springer International Publishing},
  doi={10.1007/978-3-319-30569-1_19}
}

@article{moretti2011network,
  title={{Network Theory, Plot Analysis}},
  author={Moretti, Franco},
  year={2011},
  publisher={Deutsche Nationalbibliothek},
  journal={New Left Review},
  volume={68},
  url={https://newleftreview.org/issues/ii68/articles/franco-moretti-network-theory-plot-analysis}
}

@inproceedings{nijila2018extraction,
  title={{Extraction of Relationship Between Characters in Narrative Summaries}},
  author={Nijila, M and Kala, MT},
  booktitle={{2018 International Conference on Emerging Trends and Innovations In Engineering And Technological Research (ICETIETR)}},
  pages={1--5},
  year={2018},
  organization={IEEE},
  doi={10.1109/ICETIETR.2018.8529125}
}

@inproceedings{piper-etal-2024-social,
    title = {{The Social Lives of Literary Characters: Combining Citizen Science and Language Models to Understand Narrative Social Networks}},
    author = "Piper, Andrew  and
      Xu, Michael  and
      Ruths, Derek",
    booktitle = "Proceedings of the 4th International Conference on Natural Language Processing for Digital Humanities",
    year = "2024",
    address = "Miami, USA",
    publisher = "Association for Computational Linguistics",
    doi = "10.18653/v1/2024.nlp4dh-1.45",
    pages = "472--482",
}

@article{smeets2021modeling,
  title={{Modeling Conflict: Representations of Social Groups in Present-Day Dutch Literature}},
  author={Smeets, Roel and De Pourcq, Maarten and van den Bosch, Antal},
  journal={Journal of Cultural Analytics},
  volume={6},
  number={3},
  year={2021},
  url={https://doi.org/10.22148/001c.24722}
}

@article{stiller2003small,
  title={{The Small World of Shakespeare’s Plays}},
  author={Stiller, James and Nettle, Daniel and Dunbar, Robin IM},
  journal={Human Nature},
  volume={14},
  pages={397--408},
  year={2003},
  publisher={Springer},
  doi={https://doi.org/10.1007/s12110-003-1013-1}
}

@article{stiller2005weak,
  title={{Weak Links and Scene Cliques Within the Small World of Shakespeare}},
  author={Stiller, James and Hudson, Mathew},
  journal={Journal of Cultural and Evolutionary Psychology},
  volume={3},
  number={1},
  pages={57--73},
  year={2005},
  publisher={Akad{\'e}miai Kiad{\'o}},
  url={https://pearl.plymouth.ac.uk/cgi/viewcontent.cgi?params=/context/psy-research/article/1511/&path_info=Stiller_20and_20Hudson_202005_20Weak_20Links.pdf}
}

@article{sudhahar2013automated,
  title={{Automated Analysis of Narrative Content for Digital Humanities}},
  author={Sudhahar, Saatviga and Cristianini, Nello},
  journal={International Journal of Advanced Computer Science},
  volume={3},
  number={9},
  pages={440--447},
  year={2013},
  publisher={Citeseer},
  url={https://api.semanticscholar.org/CorpusID:61565680}
}

@article{sugishita2023social,
  title={{Social Network Analysis of Manga: Similarities to Real-World Social Networks and Trends Over Decades}},
  author={Sugishita, Kashin and Masuda, Naoki},
  journal={Applied Network Science},
  volume={8},
  number={1},
  pages={79},
  year={2023},
  publisher={Springer},
  url={https://doi.org/10.1007/s41109-023-00604-0}
}

@article{volker2020imagined,
  title={{Imagined Social Structures: Mirrors or Alternatives? A Comparison Between Networks of Characters in Contemporary Dutch Literature and Networks of the Population in the Netherlands}},
  author={Volker, Beate and Smeets, Roel},
  journal={Poetics},
  volume={79},
  year={2020},
  publisher={Elsevier},
  doi={https://doi.org/10.1016/j.poetic.2019.101379},
  pages={1--15}
}

@inproceedings{way2018framework,
  title={{A Framework for Unsupervised Extraction of Social Networks from Textual Materials}},
  author={Way, Thomas},
  booktitle={{Proceedings on the International Conference on Artificial Intelligence (ICAI)}},
  pages={244--249},
  year={2018},
  doi = {10.1145/3703594},
  publisher = {Association for Computing Machinery},
  address = {New York, NY, USA},
}

@inproceedings{zhao2024large,
  title={{Large Language Models Fall Short: Understanding Complex Relationships in Detective Narratives}},
  author={Zhao, Runcong and Zhu, Qinglin and Xu, Hainiu and Li, Jiazheng and Zhou, Yuxiang and He, Yulan and Gui, Lin},
  booktitle={Findings of the Association for Computational Linguistics: ACL 2024},
  year={2024},
  address = "Bangkok, Thailand",
  publisher = "Association for Computational Linguistics",
  doi = {10.18653/v1/2024.findings-acl.454}
}

