@article{grift2017kernelcounting,
    title = {Semi-automated, machine vision based maize kernel counting on the ear},
    author = {Grift, Tony E. and Zhao, Wei and Momin, Md Abdul and Zhang, Yu and Bohn, Martin O.},
    journal = {Biosystems Engineering},
    volume = {164},
    pages = {171-180},
    year = {2017},
    doi = {10.1186/s13007-020-00619-z},
    note = {Accessed: 2023-07-18}
}

@article{khaki2020corndetection,
    title = {Convolutional Neural Networks for Image-Based Corn Kernel Detection and Counting},
    author = {Khaki, S. and Pham, H. and Han, Y. and Kuhl, A. and Kent, W. and Wang, L.},
    journal = {Sensors},
    volume = {20},
    pages = {2721},
    year = {2020},
    howpublished = {\url{https://doi.org/10.3390/s20092721}},
    note = {Accessed: 2023-07-18}
}

@article{wu2020kernelcounting,
    title = {Automatic kernel counting on maize ear using RGB images},
    author = {Wu, D. and Cai, Z. and Han, J. and others},
    journal = {Plant Methods},
    volume = {16},
    pages = {79},
    year = {2020},
    howpublished = {\url{https://doi.org/10.1186/s13007-020-00619-z}},
    note = {Accessed: 2023-07-18}
}

