
@article{wei2021finetuned,
  title={Finetuned language models are zero-shot learners},
  author={Wei, Jason and Bosma, Maarten and Zhao, Vincent Y and Guu, Kelvin and Yu, Adams Wei and Lester, Brian and Du, Nan and Dai, Andrew M and Le, Quoc V},
  journal={arXiv preprint arXiv:2109.01652},
  year={2021}
}
@article{li2023self,
  title={Self-alignment with instruction backtranslation},
  author={Li, Xian and Yu, Ping and Zhou, Chunting and Schick, Timo and Levy, Omer and Zettlemoyer, Luke and Weston, Jason and Lewis, Mike},
  journal={arXiv preprint arXiv:2308.06259},
  year={2023}
}
@misc{ft_service,
  title= {{Fine-Tuning AI Models with Tuning-as-a-Service Platforms}},
  author= {Atreya, Mohan},
  year= {2024}
}

@misc{m365,
  title= {{Reinvent productivity with Microsoft 365 Copilot}},
  author= {Microsoft},
  year= {2024}
}

@misc{nuances,
  title= {{Announcing fine-tuning for customization and support for new models in Azure AI}},
  author= {Sharma, Asha},
  year= {2024}
}

@misc{folio,
  title= {{LLM FINE-TUNING SERVICES BY FOLIO3 AI}},
  author= {AI, FOLIO3 },
  year= {2024}
}


@article{touvron2023llama,
  title={Llama: Open and efficient foundation language models},
  author={Touvron, Hugo and Lavril, Thibaut and Izacard, Gautier and Martinet, Xavier and Lachaux, Marie-Anne and Lacroix, Timoth{\'e}e and Rozi{\`e}re, Baptiste and Goyal, Naman and Hambro, Eric and Azhar, Faisal and others},
  journal={arXiv preprint arXiv:2302.13971},
  year={2023}
}

@article{jiang2024mixtral,
  title={Mixtral of experts},
  author={Jiang, Albert Q and Sablayrolles, Alexandre and Roux, Antoine and Mensch, Arthur and Savary, Blanche and Bamford, Chris and Chaplot, Devendra Singh and Casas, Diego de las and Hanna, Emma Bou and Bressand, Florian and others},
  journal={arXiv preprint arXiv:2401.04088},
  year={2024}
}
@article{ouyang2022training,
  title={Training language models to follow instructions with human feedback},
  author={Ouyang, Long and Wu, Jeffrey and Jiang, Xu and Almeida, Diogo and Wainwright, Carroll and Mishkin, Pamela and Zhang, Chong and Agarwal, Sandhini and Slama, Katarina and Ray, Alex and others},
  journal={Advances in neural information processing systems},
  volume={35},
  pages={27730--27744},
  year={2022}
}

@article{pang2023language,
  title={Language model self-improvement by reinforcement learning contemplation},
  author={Pang, Jing-Cheng and Wang, Pengyuan and Li, Kaiyuan and Chen, Xiong-Hui and Xu, Jiacheng and Zhang, Zongzhang and Yu, Yang},
  journal={arXiv preprint arXiv:2305.14483},
  year={2023}
}

@article{bai2022constitutional,
  title={Constitutional ai: Harmlessness from ai feedback},
  author={Bai, Yuntao and Kadavath, Saurav and Kundu, Sandipan and Askell, Amanda and Kernion, Jackson and Jones, Andy and Chen, Anna and Goldie, Anna and Mirhoseini, Azalia and McKinnon, Cameron and others},
  journal={arXiv preprint arXiv:2212.08073},
  year={2022}
}

@inproceedings{leerlaif,
  title={RLAIF vs. RLHF: Scaling Reinforcement Learning from Human Feedback with AI Feedback},
  author={Lee, Harrison and Phatale, Samrat and Mansoor, Hassan and Mesnard, Thomas and Ferret, Johan and Lu, Kellie Ren and Bishop, Colton and Hall, Ethan and Carbune, Victor and Rastogi, Abhinav and others},
  booktitle={Forty-first International Conference on Machine Learning}
}

################################################################
@inproceedings{langley00,
 author    = {P. Langley},
 title     = {Crafting Papers on Machine Learning},
 year      = {2000},
 pages     = {1207--1216},
 editor    = {Pat Langley},
 booktitle     = {Proceedings of the 17th International Conference
              on Machine Learning (ICML 2000)},
 address   = {Stanford, CA},
 publisher = {Morgan Kaufmann}
}

@TechReport{mitchell80,
  author = 	 "T. M. Mitchell",
  title = 	 "The Need for Biases in Learning Generalizations",
  institution =  "Computer Science Department, Rutgers University",
  year = 	 "1980",
  address =	 "New Brunswick, MA",
}

@phdthesis{kearns89,
  author = {M. J. Kearns},
  title =  {Computational Complexity of Machine Learning},
  school = {Department of Computer Science, Harvard University},
  year =   {1989}
}

@Book{MachineLearningI,
  editor = 	 "R. S. Michalski and J. G. Carbonell and T.
		  M. Mitchell",
  title = 	 "Machine Learning: An Artificial Intelligence
		  Approach, Vol. I",
  publisher = 	 "Tioga",
  year = 	 "1983",
  address =	 "Palo Alto, CA"
}

@Book{DudaHart2nd,
  author =       "R. O. Duda and P. E. Hart and D. G. Stork",
  title =        "Pattern Classification",
  publisher =    "John Wiley and Sons",
  edition =      "2nd",
  year =         "2000"
}

@misc{anonymous,
  title= {Suppressed for Anonymity},
  author= {Author, N. N.},
  year= {2021}
}

@InCollection{Newell81,
  author =       "A. Newell and P. S. Rosenbloom",
  title =        "Mechanisms of Skill Acquisition and the Law of
                  Practice", 
  booktitle =    "Cognitive Skills and Their Acquisition",
  pages =        "1--51",
  publisher =    "Lawrence Erlbaum Associates, Inc.",
  year =         "1981",
  editor =       "J. R. Anderson",
  chapter =      "1",
  address =      "Hillsdale, NJ"
}


@Article{Samuel59,
  author = 	 "A. L. Samuel",
  title = 	 "Some Studies in Machine Learning Using the Game of
		  Checkers",
  journal =	 "IBM Journal of Research and Development",
  year =	 "1959",
  volume =	 "3",
  number =	 "3",
  pages =	 "211--229"
}

@article{bai2022training,
  title={Training a helpful and harmless assistant with reinforcement learning from human feedback},
  author={Bai, Yuntao and Jones, Andy and Ndousse, Kamal and Askell, Amanda and Chen, Anna and DasSarma, Nova and Drain, Dawn and Fort, Stanislav and Ganguli, Deep and Henighan, Tom and others},
  journal={arXiv preprint arXiv:2204.05862},
  year={2022}
}

@inproceedings{volske2017tl,
  title={Tl; dr: Mining reddit to learn automatic summarization},
  author={V{\"o}lske, Michael and Potthast, Martin and Syed, Shahbaz and Stein, Benno},
  booktitle={Proceedings of the Workshop on New Frontiers in Summarization},
  pages={59--63},
  year={2017}
}

@article{stiennon2020learning,
  title={Learning to summarize with human feedback},
  author={Stiennon, Nisan and Ouyang, Long and Wu, Jeffrey and Ziegler, Daniel and Lowe, Ryan and Voss, Chelsea and Radford, Alec and Amodei, Dario and Christiano, Paul F},
  journal={Advances in Neural Information Processing Systems},
  volume={33},
  pages={3008--3021},
  year={2020}
}


@article{wang2024secrets,
  title={Secrets of rlhf in large language models part ii: Reward modeling},
  author={Wang, Binghai and Zheng, Rui and Chen, Lu and Liu, Yan and Dou, Shihan and Huang, Caishuang and Shen, Wei and Jin, Senjie and Zhou, Enyu and Shi, Chenyu and others},
  journal={arXiv preprint arXiv:2401.06080},
  year={2024}
}

@article{lee2023rlaif,
  title={Rlaif: Scaling reinforcement learning from human feedback with ai feedback},
  author={Lee, Harrison and Phatale, Samrat and Mansoor, Hassan and Lu, Kellie Ren and Mesnard, Thomas and Ferret, Johan and Bishop, Colton and Hall, Ethan and Carbune, Victor and Rastogi, Abhinav},
  year={2023}
}

@article{yuan2024self,
  title={Self-rewarding language models},
  author={Yuan, Weizhe and Pang, Richard Yuanzhe and Cho, Kyunghyun and Sukhbaatar, Sainbayar and Xu, Jing and Weston, Jason},
  journal={arXiv preprint arXiv:2401.10020},
  year={2024}
}

@misc{alpaca_eval,
  author = {Xuechen Li and Tianyi Zhang and Yann Dubois and Rohan Taori and Ishaan Gulrajani and Carlos Guestrin and Percy Liang and Tatsunori B. Hashimoto },
  title = {AlpacaEval: An Automatic Evaluator of Instruction-following Models},
  year = {2023},
  month = {5},
  publisher = {GitHub},
  journal = {GitHub repository},
  howpublished = {\url{https://github.com/tatsu-lab/alpaca_eval}}
}

@article{dubois2024length,
  title={Length-controlled alpacaeval: A simple way to debias automatic evaluators},
  author={Dubois, Yann and Galambosi, Bal{\'a}zs and Liang, Percy and Hashimoto, Tatsunori B},
  journal={arXiv preprint arXiv:2404.04475},
  year={2024}
}

@article{zheng2023judging,
  title={Judging llm-as-a-judge with mt-bench and chatbot arena},
  author={Zheng, Lianmin and Chiang, Wei-Lin and Sheng, Ying and Zhuang, Siyuan and Wu, Zhanghao and Zhuang, Yonghao and Lin, Zi and Li, Zhuohan and Li, Dacheng and Xing, Eric and others},
  journal={Advances in Neural Information Processing Systems},
  volume={36},
  pages={46595--46623},
  year={2023}
}

@article{chowdhery2023palm,
  title={Palm: Scaling language modeling with pathways},
  author={Chowdhery, Aakanksha and Narang, Sharan and Devlin, Jacob and Bosma, Maarten and Mishra, Gaurav and Roberts, Adam and Barham, Paul and Chung, Hyung Won and Sutton, Charles and Gehrmann, Sebastian and others},
  journal={Journal of Machine Learning Research},
  volume={24},
  number={240},
  pages={1--113},
  year={2023}
}

@article{achiam2023gpt,
  title={Gpt-4 technical report},
  author={Achiam, Josh and Adler, Steven and Agarwal, Sandhini and Ahmad, Lama and Akkaya, Ilge and Aleman, Florencia Leoni and Almeida, Diogo and Altenschmidt, Janko and Altman, Sam and Anadkat, Shyamal and others},
  journal={arXiv preprint arXiv:2303.08774},
  year={2023}
}

@article{dubey2024llama,
  title={The llama 3 herd of models},
  author={Dubey, Abhimanyu and Jauhri, Abhinav and Pandey, Abhinav and Kadian, Abhishek and Al-Dahle, Ahmad and Letman, Aiesha and Mathur, Akhil and Schelten, Alan and Yang, Amy and Fan, Angela and others},
  journal={arXiv preprint arXiv:2407.21783},
  year={2024}
}

@article{team2023gemini,
  title={Gemini: a family of highly capable multimodal models},
  author={Team, Gemini and Anil, Rohan and Borgeaud, Sebastian and Alayrac, Jean-Baptiste and Yu, Jiahui and Soricut, Radu and Schalkwyk, Johan and Dai, Andrew M and Hauth, Anja and Millican, Katie and others},
  journal={arXiv preprint arXiv:2312.11805},
  year={2023}
}

@article{chung2024scaling,
  title={Scaling instruction-finetuned language models},
  author={Chung, Hyung Won and Hou, Le and Longpre, Shayne and Zoph, Barret and Tay, Yi and Fedus, William and Li, Yunxuan and Wang, Xuezhi and Dehghani, Mostafa and Brahma, Siddhartha and others},
  journal={Journal of Machine Learning Research},
  volume={25},
  number={70},
  pages={1--53},
  year={2024}
}

@article{thoppilan2022lamda,
  title={Lamda: Language models for dialog applications},
  author={Thoppilan, Romal and De Freitas, Daniel and Hall, Jamie and Shazeer, Noam and Kulshreshtha, Apoorv and Cheng, Heng-Tze and Jin, Alicia and Bos, Taylor and Baker, Leslie and Du, Yu and others},
  journal={arXiv preprint arXiv:2201.08239},
  year={2022}
}

@article{schulman2017proximal,
  title={Proximal policy optimization algorithms},
  author={Schulman, John and Wolski, Filip and Dhariwal, Prafulla and Radford, Alec and Klimov, Oleg},
  journal={arXiv preprint arXiv:1707.06347},
  year={2017}
}

@article{rafailov2024direct,
  title={Direct preference optimization: Your language model is secretly a reward model},
  author={Rafailov, Rafael and Sharma, Archit and Mitchell, Eric and Manning, Christopher D and Ermon, Stefano and Finn, Chelsea},
  journal={Advances in Neural Information Processing Systems},
  volume={36},
  year={2024}
}



@article{xu2024dpo,
  title={Is dpo superior to ppo for llm alignment? a comprehensive study},
  author={Xu, Shusheng and Fu, Wei and Gao, Jiaxuan and Ye, Wenjie and Liu, Weilin and Mei, Zhiyu and Wang, Guangju and Yu, Chao and Wu, Yi},
  journal={arXiv preprint arXiv:2404.10719},
  year={2024}
}

@article{zheng2023secrets,
  title={Secrets of rlhf in large language models part i: Ppo},
  author={Zheng, Rui and Dou, Shihan and Gao, Songyang and Hua, Yuan and Shen, Wei and Wang, Binghai and Liu, Yan and Jin, Senjie and Liu, Qin and Zhou, Yuhao and others},
  journal={arXiv preprint arXiv:2307.04964},
  year={2023}
}

@article{christiano2017deep,
  title={Deep reinforcement learning from human preferences},
  author={Christiano, Paul F and Leike, Jan and Brown, Tom and Martic, Miljan and Legg, Shane and Amodei, Dario},
  journal={Advances in neural information processing systems},
  volume={30},
  year={2017}
}

@article{kopf2024openassistant,
  title={Openassistant conversations-democratizing large language model alignment},
  author={K{\"o}pf, Andreas and Kilcher, Yannic and von R{\"u}tte, Dimitri and Anagnostidis, Sotiris and Tam, Zhi Rui and Stevens, Keith and Barhoum, Abdullah and Nguyen, Duc and Stanley, Oliver and Nagyfi, Rich{\'a}rd and others},
  journal={Advances in Neural Information Processing Systems},
  volume={36},
  year={2024}
}

@book{david1963method,
  title={The method of paired comparisons},
  author={David, Herbert Aron},
  volume={12},
  year={1963},
  publisher={London}
}
@article{li2024learning,
  title={Learning from Contrastive Prompts: Automated Optimization and Adaptation},
  author={Li, Mingqi and Aggarwal, Karan and Xie, Yong and Ahmad, Aitzaz and Lau, Stephen},
  journal={arXiv preprint arXiv:2409.15199},
  year={2024}
}

@article{kepel2024autonomous,
  title={Autonomous Prompt Engineering in Large Language Models},
  author={Kepel, Daan and Valogianni, Konstantina},
  journal={arXiv preprint arXiv:2407.11000},
  year={2024}
}

@article{sun2024rethinking,
  title={Rethinking Bradley-Terry Models in Preference-Based Reward Modeling: Foundations, Theory, and Alternatives},
  author={Sun, Hao and Shen, Yunyi and Ton, Jean-Francois},
  journal={arXiv preprint arXiv:2411.04991},
  year={2024}
}

@article{snell2024scaling,
  title={Scaling llm test-time compute optimally can be more effective than scaling model parameters},
  author={Snell, Charlie and Lee, Jaehoon and Xu, Kelvin and Kumar, Aviral},
  journal={arXiv preprint arXiv:2408.03314},
  year={2024}
}

@article{zeng2024scaling,
  title={Scaling of search and learning: A roadmap to reproduce o1 from reinforcement learning perspective},
  author={Zeng, Zhiyuan and Cheng, Qinyuan and Yin, Zhangyue and Wang, Bo and Li, Shimin and Zhou, Yunhua and Guo, Qipeng and Huang, Xuanjing and Qiu, Xipeng},
  journal={arXiv preprint arXiv:2412.14135},
  year={2024}
}

@article{huang2023large,
  title={Large language models cannot self-correct reasoning yet},
  author={Huang, Jie and Chen, Xinyun and Mishra, Swaroop and Zheng, Huaixiu Steven and Yu, Adams Wei and Song, Xinying and Zhou, Denny},
  journal={arXiv preprint arXiv:2310.01798},
  year={2023}
}

@article{sharma2024critical,
  title={A critical evaluation of ai feedback for aligning large language models},
  author={Sharma, Archit and Keh, Sedrick and Mitchell, Eric and Finn, Chelsea and Arora, Kushal and Kollar, Thomas},
  journal={arXiv preprint arXiv:2402.12366},
  year={2024}
}

@article{panickssery2024llm,
  title={Llm evaluators recognize and favor their own generations},
  author={Panickssery, Arjun and Bowman, Samuel R and Feng, Shi},
  journal={arXiv preprint arXiv:2404.13076},
  year={2024}
}

@article{ethayarajh2024kto,
  title={Kto: Model alignment as prospect theoretic optimization},
  author={Ethayarajh, Kawin and Xu, Winnie and Muennighoff, Niklas and Jurafsky, Dan and Kiela, Douwe},
  journal={arXiv preprint arXiv:2402.01306},
  year={2024}
}

@inproceedings{wang2024math,
  title={Math-shepherd: Verify and reinforce llms step-by-step without human annotations},
  author={Wang, Peiyi and Li, Lei and Shao, Zhihong and Xu, Runxin and Dai, Damai and Li, Yifei and Chen, Deli and Wu, Yu and Sui, Zhifang},
  booktitle={Proceedings of the 62nd Annual Meeting of the Association for Computational Linguistics (Volume 1: Long Papers)},
  pages={9426--9439},
  year={2024}
}

@article{sun2024principle,
  title={Principle-driven self-alignment of language models from scratch with minimal human supervision},
  author={Sun, Zhiqing and Shen, Yikang and Zhou, Qinhong and Zhang, Hongxin and Chen, Zhenfang and Cox, David and Yang, Yiming and Gan, Chuang},
  journal={Advances in Neural Information Processing Systems},
  volume={36},
  year={2024}
}

@article{huang2024self,
  title={Self-Evolved Reward Learning for LLMs},
  author={Huang, Chenghua and Fan, Zhizhen and Wang, Lu and Yang, Fangkai and Zhao, Pu and Lin, Zeqi and Lin, Qingwei and Zhang, Dongmei and Rajmohan, Saravan and Zhang, Qi},
  journal={arXiv preprint arXiv:2411.00418},
  year={2024}
}

@misc{anthropic_claude_sonnet,
  author       = "{Anthropic}",
  title        = "{Claude 3.5 Sonnet}",
  howpublished = "\url{https://www.anthropic.com/claude/sonnet}",
  year         = {2024},
  note         = "Accessed: 2025-02-18"
}