@inproceedings{Arizona_Water_Chatbot,
author = {Rajan, Briana and Carradini, Stephen and Lauer, Claire},
title = {The Arizona Water Chatbot: Helping Residents Navigate a Water Uncertain Future One Response at a Time},
year = {2024},
address = {New York, NY, USA},
doi = {10.1145/3613905.3650919},
booktitle = {Extended Abstracts of the CHI Conference on Human Factors in Computing Systems},
articleno = {313},
numpages = {10},
keywords = {Artificial intelligence, Chatbot, Indigenous tribes, Water},
location = {Honolulu, HI, USA},
series = {CHI EA '24}
}

@article{Auracle,
author = {Bi, Shengjie and Wang, Tao and Tobias, Nicole and Nordrum, Josephine and Wang, Shang and Halvorsen, George and Sen, Sougata and Peterson, Ronald and Odame, Kofi and Caine, Kelly and Halter, Ryan and Sorber, Jacob and Kotz, David},
title = {Auracle: Detecting Eating Episodes with an Ear-mounted Sensor},
year = {2018},
issue_date = {September 2018},
publisher = {Association for Computing Machinery},
address = {New York, NY, USA},
volume = {2},
number = {3},
doi = {10.1145/3264902},
journal = {Proc. ACM Interact. Mob. Wearable Ubiquitous Technol.},
month = sep,
articleno = {92},
numpages = {27}
}

@article{EarBit,
  title={EarBit: using wearable sensors to detect eating episodes in unconstrained environments},
  author={Bedri, Abdelkareem and Li, Richard and Haynes, Malcolm and Kosaraju, Raj Prateek and Grover, Ishaan and Prioleau, Temiloluwa and Beh, Min Yan and Goel, Mayank and Starner, Thad and Abowd, Gregory},
  journal={Proceedings of the ACM on interactive, mobile, wearable and ubiquitous technologies},
  volume={1},
  number={3},
  pages={1--20},
  year={2017}
}

@article{EarSAVAS,
author = {Zhang, Xiyuxing and Wang, Yuntao and Han, Yuxuan and Liang, Chen and Chatterjee, Ishan and Tang, Jiankai and Yi, Xin and Patel, Shwetak and Shi, Yuanchun},
title = {The EarSAVAS Dataset: Enabling Subject-Aware Vocal Activity Sensing on Earables},
year = {2024},
issue_date = {June 2024},
publisher = {Association for Computing Machinery},
address = {New York, NY, USA},
volume = {8},
number = {2},
doi = {10.1145/3659616},
journal = {Proc. ACM Interact. Mob. Wearable Ubiquitous Technol.},
month = may,
articleno = {83},
numpages = {26},
}

@inproceedings{Memolet,
author = {Yen, Ryan and Zhao, Jian},
title = {Memolet: Reifying the Reuse of User-AI Conversational Memories},
year = {2024},
address = {New York, NY, USA},
doi = {10.1145/3654777.3676388},
booktitle = {Proceedings of the 37th Annual ACM Symposium on User Interface Software and Technology},
articleno = {58},
numpages = {22},
keywords = {Human-AI, Memory Reuse, Retrieval Augmented Generation},
location = {Pittsburgh, PA, USA},
series = {UIST '24}
}

@inproceedings{Memoro,
author = {Zulfikar, Wazeer Deen and Chan, Samantha and Maes, Pattie},
title = {Memoro: Using Large Language Models to Realize a Concise Interface for Real-Time Memory Augmentation},
year = {2024},
address = {New York, NY, USA},
url = {https://doi.org/10.1145/3613904.3642450},
doi = {10.1145/3613904.3642450},
booktitle = {Proceedings of the 2024 CHI Conference on Human Factors in Computing Systems},
articleno = {450},
numpages = {18},
location = {Honolulu, HI, USA},
series = {CHI '24}
}

@inproceedings{Qlarify,
author = {Fok, Raymond and Chang, Joseph Chee and August, Tal and Zhang, Amy X. and Weld, Daniel S.},
title = {Qlarify: Recursively Expandable Abstracts for Dynamic Information Retrieval over Scientific Papers},
year = {2024},
address = {New York, NY, USA},
doi = {10.1145/3654777.3676397},
booktitle = {Proceedings of the 37th Annual ACM Symposium on User Interface Software and Technology},
articleno = {145},
numpages = {21},
keywords = {Information Retrieval, Interactive Documents, Large Language Models, Mixed-Initiative User Interfaces, Scientific Papers},
location = {Pittsburgh, PA, USA},
series = {UIST '24}
}

@article{acousticglasses,
author = {Mahmud, Saif and Parikh, Vineet and Liang, Qikang and Li, Ke and Zhang, Ruidong and Ajit, Ashwin and Gunda, Vipin and Agarwal, Devansh and Guimbretiere, Francois and Zhang, Cheng},
title = {ActSonic: Recognizing Everyday Activities from Inaudible Acoustic Wave Around the Body},
year = {2024},
issue_date = {December 2024},
publisher = {Association for Computing Machinery},
address = {New York, NY, USA},
volume = {8},
number = {4},
url = {https://doi.org/10.1145/3699752},
doi = {10.1145/3699752},
journal = {Proc. ACM Interact. Mob. Wearable Ubiquitous Technol.},
month = nov,
articleno = {183},
numpages = {32},
}

@article{ataguba2025exploring,
  title={Exploring Large Language Models for Personalized Recipe Generation and Weight-Loss Management},
  author={Ataguba, Grace and Orji, Rita},
  journal={ACM Transactions on Computing for Healthcare},
  year={2025},
  publisher={ACM New York, NY}
}

@inproceedings{bedri2020fitbyte,
  title={Fitbyte: Automatic diet monitoring in unconstrained situations using multimodal sensing on eyeglasses},
  author={Bedri, Abdelkareem and Li, Diana and Khurana, Rushil and Bhuwalka, Kunal and Goel, Mayank},
  booktitle={Proceedings of the 2020 CHI Conference on Human Factors in Computing Systems},
  pages={1--12},
  year={2020}
}

@inproceedings{cap,
author = {Zhou, Bo and Lukowicz, Paul},
title = {Snacap: snacking behavior monitoring with smart fabric mechanomyography on the temporalis},
year = {2020},
isbn = {9781450380775},
publisher = {Association for Computing Machinery},
address = {New York, NY, USA},
url = {https://doi.org/10.1145/3410531.3414305},
doi = {10.1145/3410531.3414305},
booktitle = {Proceedings of the 2020 ACM International Symposium on Wearable Computers},
pages = {96–100},
numpages = {5},
location = {Virtual Event, Mexico},
series = {ISWC '20}
}

@inproceedings{crowdsourcingnutritionestimate,
author = {Noronha, Jon and Hysen, Eric and Zhang, Haoqi and Gajos, Krzysztof Z.},
title = {Platemate: crowdsourcing nutritional analysis from food photographs},
year = {2011},
isbn = {9781450307161},
publisher = {Association for Computing Machinery},
address = {New York, NY, USA},
url = {https://doi.org/10.1145/2047196.2047198},
doi = {10.1145/2047196.2047198},
booktitle = {Proceedings of the 24th Annual ACM Symposium on User Interface Software and Technology},
pages = {1–12},
numpages = {12},
keywords = {remote food photography, nutrition, human computation, crowdsourcing, amazon mechanical turk},
location = {Santa Barbara, California, USA},
series = {UIST '11}
}

@article{dietaryguidance1,
  title={ChatGPT and future artificial intelligence chatbots: what may be the influence on credentialed nutrition and dietetics practitioners?},
  author={Chatelan, Angeline and Clerc, Aur{\'e}lien and Fonta, Pierre-Alexandre},
  journal={Journal of the Academy of Nutrition and Dietetics},
  volume={123},
  number={11},
  pages={1525--1531},
  year={2023}
}

@article{dietaryguidance2,
  title={ChatDiet: Empowering personalized nutrition-oriented food recommender chatbots through an LLM-augmented framework},
  author={Yang, Zhongqi and Khatibi, Elahe and Nagesh, Nitish and Abbasian, Mahyar and Azimi, Iman and Jain, Ramesh and Rahmani, Amir M},
  journal={Smart Health},
  volume={32},
  pages={100465},
  year={2024},
  publisher={Elsevier}
}

@ARTICLE{emgglasses,
  author={Zhang, Rui and Amft, Oliver},
  journal={IEEE Journal of Biomedical and Health Informatics}, 
  title={Monitoring Chewing and Eating in Free-Living Using Smart Eyeglasses}, 
  year={2018},
  volume={22},
  number={1},
  pages={23-32},}

@article{end2endfood1,
  title={An end-to-end food image analysis system},
  author={He, Jiangpeng and Mao, Runyu and Shao, Zeman and Wright, Janine L and Kerr, Deborah A and Boushey, Carol J and Zhu, Fengqing},
  journal={arXiv preprint arXiv:2102.00645},
  year={2021}
}

@inproceedings{end2endfood2,
author = {Ege, Takumi and Yanai, Keiji},
title = {Image-Based Food Calorie Estimation Using Knowledge on Food Categories, Ingredients and Cooking Directions},
year = {2017},
isbn = {9781450354165},
publisher = {Association for Computing Machinery},
address = {New York, NY, USA},
url = {https://doi.org/10.1145/3126686.3126742},
doi = {10.1145/3126686.3126742},
booktitle = {Proceedings of the on Thematic Workshops of ACM Multimedia 2017},
pages = {367–375},
numpages = {9},
location = {Mountain View, California, USA},
series = {Thematic Workshops '17}
}

@inproceedings{end2endfood3,
author = {Lu, Ya and Allegra, Dario and Anthimopoulos, Marios and Stanco, Filippo and Farinella, Giovanni Maria and Mougiakakou, Stavroula},
title = {A multi-task learning approach for meal assessment},
year = {2018},
isbn = {9781450365376},
publisher = {Association for Computing Machinery},
address = {New York, NY, USA},
url = {https://doi.org/10.1145/3230519.3230593},
doi = {10.1145/3230519.3230593},
booktitle = {Proceedings of the Joint Workshop on Multimedia for Cooking and Eating Activities and Multimedia Assisted Dietary Management},
pages = {46–52},
numpages = {7},
location = {Stockholm, Sweden},
series = {CEA/MADiMa '18}
}

@article{expertnutritionestimate, 
title={A novel method to remotely measure food intake of free-living individuals in real time: the remote food photography method}, 
volume={101}, 
DOI={10.1017/S0007114508027438}, 
number={3}, 
journal={British Journal of Nutrition}, 
author={Martin, Corby K. and Han, Hongmei and Coulon, Sandra M. and Allen, H. Raymond and Champagne, Catherine M. and Anton, Stephen D.}, 
year={2008}, 
pages={446–456}}

@article{foodreview,
  title={A review on vision-based analysis for automatic dietary assessment},
  author={Wang, Wei and Min, Weiqing and Li, Tianhao and Dong, Xiaoxiao and Li, Haisheng and Jiang, Shuqiang},
  journal={Trends in Food Science \& Technology},
  volume={122},
  pages={223--237},
  year={2022},
  publisher={Elsevier}
}

@InProceedings{foodseg1,
author = {Meyers, Austin and Johnston, Nick and Rathod, Vivek and Korattikara, Anoop and Gorban, Alex and Silberman, Nathan and Guadarrama, Sergio and Papandreou, George and Huang, Jonathan and Murphy, Kevin P.},
title = {Im2Calories: Towards an Automated Mobile Vision Food Diary},
booktitle = {Proceedings of the IEEE International Conference on Computer Vision (ICCV)},
month = {December},
year = {2015}
}

@ARTICLE{foodseg2,
  author={Pouladzadeh, Parisa and Shirmohammadi, Shervin and Al-Maghrabi, Rana},
  journal={IEEE Transactions on Instrumentation and Measurement}, 
  title={Measuring Calorie and Nutrition From Food Image}, 
  year={2014},
  volume={63},
  number={8},
  pages={1947-1956},
  keywords={Image segmentation;Volume measurement;Thumb;Accuracy;Feature extraction;Support vector machines;Image color analysis;Calorie measurement;food image processing;obesity management.;Calorie measurement;food image processing;obesity management},
  doi={10.1109/TIM.2014.2303533}}

@ARTICLE{foodseg3,
  author={Lu, Ya and Stathopoulou, Thomai and Vasiloglou, Maria F. and Christodoulidis, Stergios and Stanga, Zeno and Mougiakakou, Stavroula},
  journal={IEEE Transactions on Multimedia}, 
  title={An Artificial Intelligence-Based System to Assess Nutrient Intake for Hospitalised Patients}, 
  year={2021},
  volume={23},
  number={},
  pages={1136-1147},
  keywords={Databases;Estimation;Image segmentation;Artificial intelligence;Hospitals;Training data;Visualization;Artificial Intelligence;nutrient intake assessment;few-shot learning},
  doi={10.1109/TMM.2020.2993948}}

@ARTICLE{foodseg4,
  author={Lo, Frank P.-W. and Sun, Yingnan and Qiu, Jianing and Lo, Benny P. L.},
  journal={IEEE Transactions on Industrial Informatics}, 
  title={Point2Volume: A Vision-Based Dietary Assessment Approach Using View Synthesis}, 
  year={2020},
  volume={16},
  number={1},
  pages={577-586},
  keywords={Three-dimensional displays;Solid modeling;Volume measurement;Deep learning;Cameras;Estimation;Data models;Deep learning;dietary assessment;point cloud completion;three-dimensional (3-D) reconstruction;volume estimation},
  doi={10.1109/TII.2019.2942831}}

@inproceedings{g2021reflection,
  title={From reflection to action: Combining machine learning with expert knowledge for nutrition goal recommendations},
  author={G. Mitchell, Elliot and M. Heitkemper, Elizabeth and Burgermaster, Marissa and E. Levine, Matthew and Miao, Yishen and L. Hwang, Maria and M. Desai, Pooja and Cassells, Andrea and N. Tobin, Jonathan and G. Tabak, Esteban and others},
  booktitle={Proceedings of the 2021 CHI conference on human factors in computing systems},
  pages={1--17},
  year={2021}
}

@article{guan2025towards,
  title={Towards Recognizing Food Types for Unseen Subjects},
  author={Guan, Jiexiong and Wang, Junjie and Niu, Wei and Peng, Zhen and Wang, Shuangquan and Liu, Zhenming and Zhou, Gang and Ren, Bin},
  journal={ACM Transactions on Computing for Healthcare},
  volume={6},
  number={1},
  pages={1--21},
  year={2025},
  publisher={ACM New York, NY}
}

@inproceedings{headband,
author = {Bi, Shengjie and Wang, Tao and Davenport, Ellen and Peterson, Ronald and Halter, Ryan and Sorber, Jacob and Kotz, David},
title = {Toward a Wearable Sensor for Eating Detection},
year = {2017},
isbn = {9781450349598},
publisher = {Association for Computing Machinery},
address = {New York, NY, USA},
url = {https://doi.org/10.1145/3089351.3089355},
doi = {10.1145/3089351.3089355},
booktitle = {Proceedings of the 2017 Workshop on Wearable Systems and Applications},
pages = {17–22},
numpages = {6},
location = {Niagara Falls, New York, USA},
series = {WearSys '17}
}

@INPROCEEDINGS{imuglasses,
  author={Rahman, Shah Atiqur and Merck, Christopher and Yuxiao Huang and Kleinberg, Samantha},
  booktitle={2015 9th International Conference on Pervasive Computing Technologies for Healthcare (PervasiveHealth)}, 
  title={Unintrusive eating recognition using Google Glass}, 
  year={2015},
  volume={},
  number={},
  pages={108-111},}

@article{llmemergence,
  title={On the opportunities and risks of foundation models},
  author={Bommasani, Rishi and Hudson, Drew A and Adeli, Ehsan and Altman, Russ and Arora, Simran and von Arx, Sydney and Bernstein, Michael S and Bohg, Jeannette and Bosselut, Antoine and Brunskill, Emma and others},
  journal={arXiv preprint arXiv:2108.07258},
  year={2021}
}

@article{llmhallucination,
author = {Huang, Lei and Yu, Weijiang and Ma, Weitao and Zhong, Weihong and Feng, Zhangyin and Wang, Haotian and Chen, Qianglong and Peng, Weihua and Feng, Xiaocheng and Qin, Bing and Liu, Ting},
title = {A Survey on Hallucination in Large Language Models: Principles, Taxonomy, Challenges, and Open Questions},
year = {2024},
publisher = {Association for Computing Machinery},
address = {New York, NY, USA},
issn = {1046-8188},
url = {https://doi.org/10.1145/3703155},
doi = {10.1145/3703155},
note = {Just Accepted},
journal = {ACM Trans. Inf. Syst.},
month = nov,
}

@Article{llmnutritionlimitation1,
AUTHOR = {Garcia, Manuel B.},
TITLE = {ChatGPT as a Virtual Dietitian: Exploring Its Potential as a Tool for Improving Nutrition Knowledge},
JOURNAL = {Applied System Innovation},
VOLUME = {6},
YEAR = {2023},
NUMBER = {5},
ARTICLE-NUMBER = {96},
URL = {https://www.mdpi.com/2571-5577/6/5/96},
ISSN = {2571-5577},
DOI = {10.3390/asi6050096}
}

@article{lo2024dietary,
  title={Dietary Assessment with Multimodal ChatGPT: A Systematic Analysis},
  author={Lo, Frank P-W and Qiu, Jianing and Wang, Zeyu and Chen, Junhong and Xiao, Bo and Yuan, Wu and Giannarou, Stamatia and Frost, Gary and Lo, Benny},
  journal={IEEE Journal of Biomedical and Health Informatics},
  year={2024},
  publisher={IEEE}
}

@article{loadcellglasses,
  title={A glasses-type wearable device for monitoring the patterns of food intake and facial activity},
  author={Chung, Jungman and Chung, Jungmin and Oh, Wonjun and Yoo, Yongkyu and Lee, Won Gu and Bang, Hyunwoo},
  journal={Scientific reports},
  volume={7},
  number={1},
  pages={41690},
  year={2017},
  publisher={Nature Publishing Group UK London}
}

@article{necklace_proximity2,
author = {Zhang, Shibo and Zhao, Yuqi and Nguyen, Dzung Tri and Xu, Runsheng and Sen, Sougata and Hester, Josiah and Alshurafa, Nabil},
title = {NeckSense: A Multi-Sensor Necklace for Detecting Eating Activities in Free-Living Conditions},
year = {2020},
issue_date = {June 2020},
publisher = {Association for Computing Machinery},
address = {New York, NY, USA},
volume = {4},
number = {2},
url = {https://doi.org/10.1145/3397313},
doi = {10.1145/3397313},
journal = {Proc. ACM Interact. Mob. Wearable Ubiquitous Technol.},
month = {jun},
articleno = {72},
numpages = {26},
}

@ARTICLE{piezoelectricglasses,
  author={Farooq, Muhammad and Sazonov, Edward},
  journal={IEEE Journal of Biomedical and Health Informatics}, 
  title={Segmentation and Characterization of Chewing Bouts by Monitoring Temporalis Muscle Using Smart Glasses With Piezoelectric Sensor}, 
  year={2017},
  volume={21},
  number={6},
  pages={1495-1503}}

@article{ragsurvey,
  title={Retrieval-augmented generation for large language models: A survey},
  author={Gao, Yunfan and Xiong, Yun and Gao, Xinyu and Jia, Kangxiang and Pan, Jinliu and Bi, Yuxi and Dai, Yi and Sun, Jiawei and Wang, Haofen},
  journal={arXiv preprint arXiv:2312.10997},
  year={2023}
}

@inproceedings{shin2022mydj,
  title={MyDJ: Sensing food intakes with an attachable on your eyeglass frame},
  author={Shin, Jaemin and Lee, Seungjoo and Gong, Taesik and Yoon, Hyungjun and Roh, Hyunchul and Bianchi, Andrea and Lee, Sung-Ju},
  booktitle={Proceedings of the 2022 CHI Conference on Human Factors in Computing Systems},
  pages={1--17},
  year={2022}
}

@inproceedings{szymanski2024integrating,
  title={Integrating Expertise in LLMs: Crafting a Customized Nutrition Assistant with Refined Template Instructions},
  author={Szymanski, Annalisa and Wimer, Brianna L and Anuyah, Oghenemaro and Eicher-Miller, Heather A and Metoyer, Ronald A},
  booktitle={Proceedings of the CHI Conference on Human Factors in Computing Systems},
  pages={1--22},
  year={2024}
}

@article{tang2025video,
  title={Video-based Intake Gesture Recognition using Meal-length Context},
  author={Tang, Zeyu and Hoover, Adam},
  journal={ACM Transactions on Computing for Healthcare},
  volume={6},
  number={2},
  pages={1--24},
  year={2025},
  publisher={ACM New York, NY}
}

@ARTICLE{wrist1,
  author={Dong, Yujie and Scisco, Jenna and Wilson, Mike and Muth, Eric and Hoover, Adam},
  journal={IEEE Journal of Biomedical and Health Informatics}, 
  title={Detecting Periods of Eating During Free-Living by Tracking Wrist Motion}, 
  year={2014},
  volume={18},
  number={4},
  pages={1253-1260},
  doi={10.1109/JBHI.2013.2282471}}

@INPROCEEDINGS{wrist2,
  author={Kyritsis, Konstantinos and Diou, Christos and Delopoulos, Anastasios},
  booktitle={2019 41st Annual International Conference of the IEEE Engineering in Medicine and Biology Society (EMBC)}, 
  title={Detecting Meals In the Wild Using the Inertial Data of a Typical Smartwatch}, 
  year={2019},
  volume={},
  number={},
  pages={4229-4232},
  keywords={Monitoring;Accelerometers;Artificial neural networks;Gyroscopes;Feature extraction;Detection algorithms;Lenses},
  doi={10.1109/EMBC.2019.8857275}}

@inproceedings{wrist3,
author = {Thomaz, Edison and Essa, Irfan and Abowd, Gregory D.},
title = {A practical approach for recognizing eating moments with wrist-mounted inertial sensing},
year = {2015},
address = {New York, NY, USA},
url = {https://doi.org/10.1145/2750858.2807545},
doi = {10.1145/2750858.2807545},
booktitle = {Proceedings of the 2015 ACM International Joint Conference on Pervasive and Ubiquitous Computing},
pages = {1029–1040},
numpages = {12},
keywords = {inertial sensors, food journaling, dietary intake, automated dietary assessment, activity recognition},
location = {Osaka, Japan},
series = {UbiComp '15}
}

@inproceedings{yang2024aqua,
  title={AQuA: Automated Question-Answering in Software Tutorial Videos with Visual Anchors},
  author={Yang, Saelyne and Vermeulen, Jo and Fitzmaurice, George and Matejka, Justin},
  booktitle={Proceedings of the CHI Conference on Human Factors in Computing Systems},
  pages={1--19},
  year={2024}
}

