@inproceedings{bedri2020fitbyte,
  title={Fitbyte: Automatic diet monitoring in unconstrained situations using multimodal sensing on eyeglasses},
  author={Bedri, Abdelkareem and Li, Diana and Khurana, Rushil and Bhuwalka, Kunal and Goel, Mayank},
  booktitle={Proceedings of the 2020 CHI Conference on Human Factors in Computing Systems},
  pages={1--12},
  year={2020}
}


@inproceedings{shin2022mydj,
  title={MyDJ: Sensing food intakes with an attachable on your eyeglass frame},
  author={Shin, Jaemin and Lee, Seungjoo and Gong, Taesik and Yoon, Hyungjun and Roh, Hyunchul and Bianchi, Andrea and Lee, Sung-Ju},
  booktitle={Proceedings of the 2022 CHI Conference on Human Factors in Computing Systems},
  pages={1--17},
  year={2022}
}

@inproceedings{chen2023first,
  title={First Bite/Chew: distinguish different types of food by first biting/chewing and the corresponding hand movement},
  author={Chen, Junyu and Wang, Xiongqi and Li, Juling and Chernyshov, George and Huang, Yifei and Kunze, Kai and Huang, Jing and Starner, Thad and Zhang, Qing},
  booktitle={Extended Abstracts of the 2023 CHI Conference on Human Factors in Computing Systems},
  pages={1--7},
  year={2023}
}

@misc{myfitnesspal,
  author       = {{MyFitnessPal}},
  title        = {MyFitnessPal: Free Calorie Counter, Diet \& Exercise Journal},
  howpublished = {\url{https://www.myfitnesspal.com/}},
  year         = {2024},
  note         = {Accessed: 2024-06-05}
}

@misc{mynetdiary,
  author       = {{MyNetDiary}},
  title        = {MyNetDiary: Calorie Counter and Food Diary},
  howpublished = {\url{https://www.mynetdiary.com/}},
  year         = {2024},
  note         = {Accessed: 2024-06-05}
}

@inproceedings{selfrepotdrawback,
  title={Rethinking the mobile food journal: Exploring opportunities for lightweight photo-based capture},
  author={Cordeiro, Felicia and Bales, Elizabeth and Cherry, Erin and Fogarty, James},
  booktitle={Proceedings of the 33rd annual ACM CHI conference on human factors in computing systems},
  pages={3207--3216},
  year={2015}
}
@inproceedings{cordeiro2015barriers,
  title={Barriers and negative nudges: Exploring challenges in food journaling},
  author={Cordeiro, Felicia and Epstein, Daniel A and Thomaz, Edison and Bales, Elizabeth and Jagannathan, Arvind K and Abowd, Gregory D and Fogarty, James},
  booktitle={Proceedings of the 33rd annual ACM CHI conference on human factors in computing systems},
  pages={1159--1162},
  year={2015}
}
@inproceedings{passler2011food,
  title={Food intake recognition conception for wearable devices},
  author={P{\"a}{\ss}ler, Sebastian and Wolff, Matthias and Fischer, Wolf-Joachim},
  booktitle={Proceedings of the First ACM MobiHoc Workshop on Pervasive Wireless Healthcare},
  pages={1--4},
  year={2011}
}
@article{schoeller1995limitations,
  title={Limitations in the assessment of dietary energy intake by self-report},
  author={Schoeller, Dale A},
  journal={Metabolism},
  volume={44},
  pages={18--22},
  year={1995},
  publisher={Elsevier}
}

@incollection{jacobs2023challenges,
  title={Challenges in research in nutritional epidemiology},
  author={Jacobs Jr, David R},
  booktitle={Nutritional health: strategies for disease prevention},
  pages={21--31},
  year={2023},
  publisher={Springer}
}
@inproceedings{merck2016multimodality,
  title={Multimodality sensing for eating recognition.},
  author={Merck, Christopher A and Maher, Christina and Mirtchouk, Mark and Zheng, Min and Huang, Yuxiao and Kleinberg, Samantha},
  booktitle={PervasiveHealth},
  pages={130--137},
  year={2016}
}

@article{somasundaram2023project,
  title={Project Aria: A new tool for egocentric multi-modal AI research},
  author={Somasundaram, Kiran and Dong, Jing and Tang, Huixuan and Straub, Julian and Yan, Mingfei and Goesele, Michael and Engel, Jakob Julian and De Nardi, Renzo and Newcombe, Richard},
  journal={arXiv preprint arXiv:2308.13561},
  year={2023}
}

@article{mollyn2022samosa,
  title={SAMoSA: Sensing activities with motion and subsampled audio},
  author={Mollyn, Vimal and Ahuja, Karan and Verma, Dhruv and Harrison, Chris and Goel, Mayank},
  journal={Proceedings of the ACM on Interactive, Mobile, Wearable and Ubiquitous Technologies},
  volume={6},
  number={3},
  pages={1--19},
  year={2022},
  publisher={ACM New York, NY, USA}
}

@ARTICLE{wrist1,
  author={Dong, Yujie and Scisco, Jenna and Wilson, Mike and Muth, Eric and Hoover, Adam},
  journal={IEEE Journal of Biomedical and Health Informatics}, 
  title={Detecting Periods of Eating During Free-Living by Tracking Wrist Motion}, 
  year={2014},
  volume={18},
  number={4},
  pages={1253-1260},
  doi={10.1109/JBHI.2013.2282471}}

@INPROCEEDINGS{wrist2,
  author={Kyritsis, Konstantinos and Diou, Christos and Delopoulos, Anastasios},
  booktitle={2019 41st Annual International Conference of the IEEE Engineering in Medicine and Biology Society (EMBC)}, 
  title={Detecting Meals In the Wild Using the Inertial Data of a Typical Smartwatch}, 
  year={2019},
  volume={},
  number={},
  pages={4229-4232},
  keywords={Monitoring;Accelerometers;Artificial neural networks;Gyroscopes;Feature extraction;Detection algorithms;Lenses},
  doi={10.1109/EMBC.2019.8857275}}

@inproceedings{wrist3,
author = {Thomaz, Edison and Essa, Irfan and Abowd, Gregory D.},
title = {A practical approach for recognizing eating moments with wrist-mounted inertial sensing},
year = {2015},
address = {New York, NY, USA},
url = {https://doi.org/10.1145/2750858.2807545},
doi = {10.1145/2750858.2807545},
booktitle = {Proceedings of the 2015 ACM International Joint Conference on Pervasive and Ubiquitous Computing},
pages = {1029–1040},
numpages = {12},
keywords = {inertial sensors, food journaling, dietary intake, automated dietary assessment, activity recognition},
location = {Osaka, Japan},
series = {UbiComp '15}
}

@INPROCEEDINGS{wrist4,
  author={Amft, O. and Junker, H. and Troster, G.},
  booktitle={Ninth IEEE International Symposium on Wearable Computers (ISWC'05)}, 
  title={Detection of eating and drinking arm gestures using inertial body-worn sensors}, 
  year={2005},
  volume={},
  number={},
  pages={160-163},
  doi={10.1109/ISWC.2005.17}}


@ARTICLE{necklace_piezoelectric1,
  author={Alshurafa, Nabil and Kalantarian, Haik and Pourhomayoun, Mohammad and Liu, Jason J. and Sarin, Shruti and Shahbazi, Behnam and Sarrafzadeh, Majid},
  journal={IEEE Sensors Journal}, 
  title={Recognition of Nutrition Intake Using Time-Frequency Decomposition in a Wearable Necklace Using a Piezoelectric Sensor}, 
  year={2015},
  volume={15},
  number={7},
  pages={3909-3916},
  doi={10.1109/JSEN.2015.2402652}}

@INPROCEEDINGS{necklace_piezoelectric2,
  author={Kalantarian, Haik and Alshurafa, Nabil and Sarrafzadeh, Majid},
  booktitle={2014 11th International Conference on Wearable and Implantable Body Sensor Networks}, 
  title={A Wearable Nutrition Monitoring System}, 
  year={2014},
  volume={},
  number={},
  pages={75-80},
  doi={10.1109/BSN.2014.26}}

@article{necklace_proximity1,
author = {Chun, Keum San and Bhattacharya, Sarnab and Thomaz, Edison},
title = {Detecting Eating Episodes by Tracking Jawbone Movements with a Non-Contact Wearable Sensor},
year = {2018},
issue_date = {March 2018},
address = {New York, NY, USA},
volume = {2},
number = {1},
doi = {10.1145/3191736},
journal = {Proc. ACM Interact. Mob. Wearable Ubiquitous Technol.},
month = {mar},
articleno = {4},
numpages = {21}
}

@article{necklace_proximity2,
author = {Zhang, Shibo and Zhao, Yuqi and Nguyen, Dzung Tri and Xu, Runsheng and Sen, Sougata and Hester, Josiah and Alshurafa, Nabil},
title = {NeckSense: A Multi-Sensor Necklace for Detecting Eating Activities in Free-Living Conditions},
year = {2020},
issue_date = {June 2020},
publisher = {Association for Computing Machinery},
address = {New York, NY, USA},
volume = {4},
number = {2},
url = {https://doi.org/10.1145/3397313},
doi = {10.1145/3397313},
journal = {Proc. ACM Interact. Mob. Wearable Ubiquitous Technol.},
month = {jun},
articleno = {72},
numpages = {26},
}

@inproceedings{necklace_acoustic1,
author = {Rahman, Tauhidur and Adams, Alexander T. and Zhang, Mi and Cherry, Erin and Zhou, Bobby and Peng, Huaishu and Choudhury, Tanzeem},
title = {BodyBeat: a mobile system for sensing non-speech body sounds},
year = {2014},
isbn = {9781450327930},
address = {New York, NY, USA},
doi = {10.1145/2594368.2594386},
booktitle = {Proceedings of the 12th Annual International Conference on Mobile Systems, Applications, and Services},
pages = {2–13},
numpages = {12},
location = {Bretton Woods, New Hampshire, USA},
series = {MobiSys '14}
}

@inproceedings{necklace_acoustic2,
author = {Yatani, Koji and Truong, Khai N.},
title = {BodyScope: a wearable acoustic sensor for activity recognition},
year = {2012},
isbn = {9781450312240},
publisher = {Association for Computing Machinery},
address = {New York, NY, USA},
doi = {10.1145/2370216.2370269},
booktitle = {Proceedings of the 2012 ACM Conference on Ubiquitous Computing},
pages = {341–350},
numpages = {10},
location = {Pittsburgh, Pennsylvania},
series = {UbiComp '12}
}

@inproceedings{cap,
author = {Zhou, Bo and Lukowicz, Paul},
title = {Snacap: snacking behavior monitoring with smart fabric mechanomyography on the temporalis},
year = {2020},
isbn = {9781450380775},
publisher = {Association for Computing Machinery},
address = {New York, NY, USA},
url = {https://doi.org/10.1145/3410531.3414305},
doi = {10.1145/3410531.3414305},
booktitle = {Proceedings of the 2020 ACM International Symposium on Wearable Computers},
pages = {96–100},
numpages = {5},
location = {Virtual Event, Mexico},
series = {ISWC '20}
}

@inproceedings{headband,
author = {Bi, Shengjie and Wang, Tao and Davenport, Ellen and Peterson, Ronald and Halter, Ryan and Sorber, Jacob and Kotz, David},
title = {Toward a Wearable Sensor for Eating Detection},
year = {2017},
isbn = {9781450349598},
publisher = {Association for Computing Machinery},
address = {New York, NY, USA},
url = {https://doi.org/10.1145/3089351.3089355},
doi = {10.1145/3089351.3089355},
booktitle = {Proceedings of the 2017 Workshop on Wearable Systems and Applications},
pages = {17–22},
numpages = {6},
location = {Niagara Falls, New York, USA},
series = {WearSys '17}
}

@article{EarBit,
  title={EarBit: using wearable sensors to detect eating episodes in unconstrained environments},
  author={Bedri, Abdelkareem and Li, Richard and Haynes, Malcolm and Kosaraju, Raj Prateek and Grover, Ishaan and Prioleau, Temiloluwa and Beh, Min Yan and Goel, Mayank and Starner, Thad and Abowd, Gregory},
  journal={Proceedings of the ACM on interactive, mobile, wearable and ubiquitous technologies},
  volume={1},
  number={3},
  pages={1--20},
  year={2017}
}

@article{EarSAVAS,
author = {Zhang, Xiyuxing and Wang, Yuntao and Han, Yuxuan and Liang, Chen and Chatterjee, Ishan and Tang, Jiankai and Yi, Xin and Patel, Shwetak and Shi, Yuanchun},
title = {The EarSAVAS Dataset: Enabling Subject-Aware Vocal Activity Sensing on Earables},
year = {2024},
issue_date = {June 2024},
publisher = {Association for Computing Machinery},
address = {New York, NY, USA},
volume = {8},
number = {2},
doi = {10.1145/3659616},
journal = {Proc. ACM Interact. Mob. Wearable Ubiquitous Technol.},
month = may,
articleno = {83},
numpages = {26},
}

@article{Auracle,
author = {Bi, Shengjie and Wang, Tao and Tobias, Nicole and Nordrum, Josephine and Wang, Shang and Halvorsen, George and Sen, Sougata and Peterson, Ronald and Odame, Kofi and Caine, Kelly and Halter, Ryan and Sorber, Jacob and Kotz, David},
title = {Auracle: Detecting Eating Episodes with an Ear-mounted Sensor},
year = {2018},
issue_date = {September 2018},
publisher = {Association for Computing Machinery},
address = {New York, NY, USA},
volume = {2},
number = {3},
doi = {10.1145/3264902},
journal = {Proc. ACM Interact. Mob. Wearable Ubiquitous Technol.},
month = sep,
articleno = {92},
numpages = {27}
}

@inproceedings{g2021reflection,
  title={From reflection to action: Combining machine learning with expert knowledge for nutrition goal recommendations},
  author={G. Mitchell, Elliot and M. Heitkemper, Elizabeth and Burgermaster, Marissa and E. Levine, Matthew and Miao, Yishen and L. Hwang, Maria and M. Desai, Pooja and Cassells, Andrea and N. Tobin, Jonathan and G. Tabak, Esteban and others},
  booktitle={Proceedings of the 2021 CHI conference on human factors in computing systems},
  pages={1--17},
  year={2021}
}

@inproceedings{eardevice2,
author = {Bedri, Abdelkareem and Verlekar, Apoorva and Thomaz, Edison and Avva, Valerie and Starner, Thad},
title = {A wearable system for detecting eating activities with proximity sensors in the outer ear},
year = {2015},
publisher = {Association for Computing Machinery},
address = {New York, NY, USA},
doi = {10.1145/2802083.2808411},
booktitle = {Proceedings of the 2015 ACM International Symposium on Wearable Computers},
pages = {91–92},
numpages = {2},
keywords = {activity recognition, dietary intake, eating detection, proximity sensors},
location = {Osaka, Japan},
series = {ISWC '15}
} 


@INPROCEEDINGS{iHear,
  author={Gao, Yang and Zhang, Ning and Wang, Honghao and Ding, Xiang and Ye, Xu and Chen, Guanling and Cao, Yu},
  booktitle={2016 IEEE First International Conference on Connected Health: Applications, Systems and Engineering Technologies (CHASE)}, 
  title={iHear Food: Eating Detection Using Commodity Bluetooth Headsets}, 
  year={2016},
  volume={},
  number={},
  pages={163-172},
  keywords={Headphones;Bluetooth;Monitoring;Sensors;Machine learning;Microphones;Feature extraction;Eating detection;Deep Learning;SVM Kernal},
  doi={10.1109/CHASE.2016.14}}

@inproceedings{glassesdevice,
author = {Kosmyna, Nataliya and Sarawgi, Utkarsh and Maes, Pattie},
title = {AttentivU: Evaluating the Feasibility of Biofeedback Glasses to Monitor and Improve Attention},
year = {2018},
isbn = {9781450359665},
publisher = {Association for Computing Machinery},
address = {New York, NY, USA},
url = {https://doi.org/10.1145/3267305.3274124},
doi = {10.1145/3267305.3274124},
booktitle = {Proceedings of the 2018 ACM International Joint Conference and 2018 International Symposium on Pervasive and Ubiquitous Computing and Wearable Computers},
pages = {999–1005},
numpages = {7},
location = {Singapore, Singapore},
series = {UbiComp '18}
}

@ARTICLE{emgglasses,
  author={Zhang, Rui and Amft, Oliver},
  journal={IEEE Journal of Biomedical and Health Informatics}, 
  title={Monitoring Chewing and Eating in Free-Living Using Smart Eyeglasses}, 
  year={2018},
  volume={22},
  number={1},
  pages={23-32},}

@ARTICLE{piezoelectricglasses,
  author={Farooq, Muhammad and Sazonov, Edward},
  journal={IEEE Journal of Biomedical and Health Informatics}, 
  title={Segmentation and Characterization of Chewing Bouts by Monitoring Temporalis Muscle Using Smart Glasses With Piezoelectric Sensor}, 
  year={2017},
  volume={21},
  number={6},
  pages={1495-1503}}

@inproceedings{FitNibble,
author = {Bedri, Abdelkareem and Liang, Yuchen and Boovaraghavan, Sudershan and Kaufman, Geoff and Goel, Mayank},
title = {FitNibble: A Field Study to Evaluate the Utility and Usability of Automatic Diet Monitoring in Food Journaling Using an Eyeglasses-based Wearable},
year = {2022},
isbn = {9781450391443},
publisher = {Association for Computing Machinery},
address = {New York, NY, USA},
url = {https://doi-org.eproxy.lib.hku.hk/10.1145/3490099.3511154},
doi = {10.1145/3490099.3511154},
booktitle = {Proceedings of the 27th International Conference on Intelligent User Interfaces},
pages = {79–92},
numpages = {14},
series = {IUI '22}
}

@article{loadcellglasses,
  title={A glasses-type wearable device for monitoring the patterns of food intake and facial activity},
  author={Chung, Jungman and Chung, Jungmin and Oh, Wonjun and Yoo, Yongkyu and Lee, Won Gu and Bang, Hyunwoo},
  journal={Scientific reports},
  volume={7},
  number={1},
  pages={41690},
  year={2017},
  publisher={Nature Publishing Group UK London}
}

@article{acousticglasses,
author = {Mahmud, Saif and Parikh, Vineet and Liang, Qikang and Li, Ke and Zhang, Ruidong and Ajit, Ashwin and Gunda, Vipin and Agarwal, Devansh and Guimbretiere, Francois and Zhang, Cheng},
title = {ActSonic: Recognizing Everyday Activities from Inaudible Acoustic Wave Around the Body},
year = {2024},
issue_date = {December 2024},
publisher = {Association for Computing Machinery},
address = {New York, NY, USA},
volume = {8},
number = {4},
url = {https://doi.org/10.1145/3699752},
doi = {10.1145/3699752},
journal = {Proc. ACM Interact. Mob. Wearable Ubiquitous Technol.},
month = nov,
articleno = {183},
numpages = {32},
}

@INPROCEEDINGS{imuglasses,
  author={Rahman, Shah Atiqur and Merck, Christopher and Yuxiao Huang and Kleinberg, Samantha},
  booktitle={2015 9th International Conference on Pervasive Computing Technologies for Healthcare (PervasiveHealth)}, 
  title={Unintrusive eating recognition using Google Glass}, 
  year={2015},
  volume={},
  number={},
  pages={108-111},}

@article{selfmonitoringfoodjournal,
  title={A concept analysis of self-monitoring},
  author={Wilde, Mary H and Garvin, Suzanne},
  journal={Journal of advanced nursing},
  volume={57},
  number={3},
  pages={339--350},
  year={2007},
  publisher={Wiley Online Library}
}

@misc{weightwatchers,
  author       = {{Weight Watchers}},
  title        = {Weight Watchers: Our weight-loss programs make health gains happen—and getting there looks different on everyone.},
  url          = {https://www.weightwatchers.com/},
}

@Article{selfreportuserate,
author="Helander, Elina
and Kaipainen, Kirsikka
and Korhonen, Ilkka
and Wansink, Brian",
title="Factors Related to Sustained Use of a Free Mobile App for Dietary Self-Monitoring With Photography and Peer Feedback: Retrospective Cohort Study",
journal="J Med Internet Res",
year="2014",
month="Apr",
day="15",
volume="16",
number="4",
pages="e109",
keywords="healthy eating; food journaling; food photographing; adherence; mobile app; self-monitoring; peer feedback; control theory",
issn="14388871",
doi="10.2196/jmir.3084",
url="http://www.jmir.org/2014/4/e109/",
url="https://doi.org/10.2196/jmir.3084",
}

@article{interviewquestionnair,
  title={Individual dietary surveys: purposes and methods},
  author={Marr, Jean W},
  journal={World review of nutrition and dietetics},
  volume={13},
  pages={105--164},
  year={1971},
  publisher={Karger Publishers}
}

@article{expertnutritionestimate, 
title={A novel method to remotely measure food intake of free-living individuals in real time: the remote food photography method}, 
volume={101}, 
DOI={10.1017/S0007114508027438}, 
number={3}, 
journal={British Journal of Nutrition}, 
author={Martin, Corby K. and Han, Hongmei and Coulon, Sandra M. and Allen, H. Raymond and Champagne, Catherine M. and Anton, Stephen D.}, 
year={2008}, 
pages={446–456}} 

@inproceedings{crowdsourcingnutritionestimate,
author = {Noronha, Jon and Hysen, Eric and Zhang, Haoqi and Gajos, Krzysztof Z.},
title = {Platemate: crowdsourcing nutritional analysis from food photographs},
year = {2011},
isbn = {9781450307161},
publisher = {Association for Computing Machinery},
address = {New York, NY, USA},
url = {https://doi.org/10.1145/2047196.2047198},
doi = {10.1145/2047196.2047198},
booktitle = {Proceedings of the 24th Annual ACM Symposium on User Interface Software and Technology},
pages = {1–12},
numpages = {12},
keywords = {remote food photography, nutrition, human computation, crowdsourcing, amazon mechanical turk},
location = {Santa Barbara, California, USA},
series = {UIST '11}
}

@InProceedings{foodseg1,
author = {Meyers, Austin and Johnston, Nick and Rathod, Vivek and Korattikara, Anoop and Gorban, Alex and Silberman, Nathan and Guadarrama, Sergio and Papandreou, George and Huang, Jonathan and Murphy, Kevin P.},
title = {Im2Calories: Towards an Automated Mobile Vision Food Diary},
booktitle = {Proceedings of the IEEE International Conference on Computer Vision (ICCV)},
month = {December},
year = {2015}
}

@ARTICLE{foodseg2,
  author={Pouladzadeh, Parisa and Shirmohammadi, Shervin and Al-Maghrabi, Rana},
  journal={IEEE Transactions on Instrumentation and Measurement}, 
  title={Measuring Calorie and Nutrition From Food Image}, 
  year={2014},
  volume={63},
  number={8},
  pages={1947-1956},
  keywords={Image segmentation;Volume measurement;Thumb;Accuracy;Feature extraction;Support vector machines;Image color analysis;Calorie measurement;food image processing;obesity management.;Calorie measurement;food image processing;obesity management},
  doi={10.1109/TIM.2014.2303533}}

@ARTICLE{foodseg3,
  author={Lu, Ya and Stathopoulou, Thomai and Vasiloglou, Maria F. and Christodoulidis, Stergios and Stanga, Zeno and Mougiakakou, Stavroula},
  journal={IEEE Transactions on Multimedia}, 
  title={An Artificial Intelligence-Based System to Assess Nutrient Intake for Hospitalised Patients}, 
  year={2021},
  volume={23},
  number={},
  pages={1136-1147},
  keywords={Databases;Estimation;Image segmentation;Artificial intelligence;Hospitals;Training data;Visualization;Artificial Intelligence;nutrient intake assessment;few-shot learning},
  doi={10.1109/TMM.2020.2993948}}

@ARTICLE{foodseg4,
  author={Lo, Frank P.-W. and Sun, Yingnan and Qiu, Jianing and Lo, Benny P. L.},
  journal={IEEE Transactions on Industrial Informatics}, 
  title={Point2Volume: A Vision-Based Dietary Assessment Approach Using View Synthesis}, 
  year={2020},
  volume={16},
  number={1},
  pages={577-586},
  keywords={Three-dimensional displays;Solid modeling;Volume measurement;Deep learning;Cameras;Estimation;Data models;Deep learning;dietary assessment;point cloud completion;three-dimensional (3-D) reconstruction;volume estimation},
  doi={10.1109/TII.2019.2942831}}

@article{end2endfood1,
  title={An end-to-end food image analysis system},
  author={He, Jiangpeng and Mao, Runyu and Shao, Zeman and Wright, Janine L and Kerr, Deborah A and Boushey, Carol J and Zhu, Fengqing},
  journal={arXiv preprint arXiv:2102.00645},
  year={2021}
}

@inproceedings{end2endfood2,
author = {Ege, Takumi and Yanai, Keiji},
title = {Image-Based Food Calorie Estimation Using Knowledge on Food Categories, Ingredients and Cooking Directions},
year = {2017},
isbn = {9781450354165},
publisher = {Association for Computing Machinery},
address = {New York, NY, USA},
url = {https://doi.org/10.1145/3126686.3126742},
doi = {10.1145/3126686.3126742},
booktitle = {Proceedings of the on Thematic Workshops of ACM Multimedia 2017},
pages = {367–375},
numpages = {9},
location = {Mountain View, California, USA},
series = {Thematic Workshops '17}
}

@inproceedings{end2endfood3,
author = {Lu, Ya and Allegra, Dario and Anthimopoulos, Marios and Stanco, Filippo and Farinella, Giovanni Maria and Mougiakakou, Stavroula},
title = {A multi-task learning approach for meal assessment},
year = {2018},
isbn = {9781450365376},
publisher = {Association for Computing Machinery},
address = {New York, NY, USA},
url = {https://doi.org/10.1145/3230519.3230593},
doi = {10.1145/3230519.3230593},
booktitle = {Proceedings of the Joint Workshop on Multimedia for Cooking and Eating Activities and Multimedia Assisted Dietary Management},
pages = {46–52},
numpages = {7},
location = {Stockholm, Sweden},
series = {CEA/MADiMa '18}
}

@article{foodreview,
  title={A review on vision-based analysis for automatic dietary assessment},
  author={Wang, Wei and Min, Weiqing and Li, Tianhao and Dong, Xiaoxiao and Li, Haisheng and Jiang, Shuqiang},
  journal={Trends in Food Science \& Technology},
  volume={122},
  pages={223--237},
  year={2022},
  publisher={Elsevier}
}

@article{dietaryguidance1,
  title={ChatGPT and future artificial intelligence chatbots: what may be the influence on credentialed nutrition and dietetics practitioners?},
  author={Chatelan, Angeline and Clerc, Aur{\'e}lien and Fonta, Pierre-Alexandre},
  journal={Journal of the Academy of Nutrition and Dietetics},
  volume={123},
  number={11},
  pages={1525--1531},
  year={2023}
}

@article{dietaryguidance2,
  title={ChatDiet: Empowering personalized nutrition-oriented food recommender chatbots through an LLM-augmented framework},
  author={Yang, Zhongqi and Khatibi, Elahe and Nagesh, Nitish and Abbasian, Mahyar and Azimi, Iman and Jain, Ramesh and Rahmani, Amir M},
  journal={Smart Health},
  volume={32},
  pages={100465},
  year={2024},
  publisher={Elsevier}
}

@article{llmemergence,
  title={On the opportunities and risks of foundation models},
  author={Bommasani, Rishi and Hudson, Drew A and Adeli, Ehsan and Altman, Russ and Arora, Simran and von Arx, Sydney and Bernstein, Michael S and Bohg, Jeannette and Bosselut, Antoine and Brunskill, Emma and others},
  journal={arXiv preprint arXiv:2108.07258},
  year={2021}
}

@Article{llmnutritionlimitation1,
AUTHOR = {Garcia, Manuel B.},
TITLE = {ChatGPT as a Virtual Dietitian: Exploring Its Potential as a Tool for Improving Nutrition Knowledge},
JOURNAL = {Applied System Innovation},
VOLUME = {6},
YEAR = {2023},
NUMBER = {5},
ARTICLE-NUMBER = {96},
URL = {https://www.mdpi.com/2571-5577/6/5/96},
ISSN = {2571-5577},
DOI = {10.3390/asi6050096}
}

@article{llmnutritionlimitation2,
  title={The credibility of dietary advice formulated by ChatGPT: robo-diets for people with food allergies},
  author={Niszczota, Pawe{\l} and Rybicka, Iga},
  journal={Nutrition},
  volume={112},
  pages={112076},
  year={2023},
  publisher={Elsevier}
}


@Article{llmnutritionlimitation3,
AUTHOR = {Ponzo, Valentina and Goitre, Ilaria and Favaro, Enrica and Merlo, Fabio Dario and Mancino, Maria Vittoria and Riso, Sergio and Bo, Simona},
TITLE = {Is ChatGPT an Effective Tool for Providing Dietary Advice?},
JOURNAL = {Nutrients},
VOLUME = {16},
YEAR = {2024},
NUMBER = {4},
ARTICLE-NUMBER = {469},
URL = {https://www.mdpi.com/2072-6643/16/4/469},
PubMedID = {38398794},
ISSN = {2072-6643},
DOI = {10.3390/nu16040469}
}

@inproceedings{Qlarify,
author = {Fok, Raymond and Chang, Joseph Chee and August, Tal and Zhang, Amy X. and Weld, Daniel S.},
title = {Qlarify: Recursively Expandable Abstracts for Dynamic Information Retrieval over Scientific Papers},
year = {2024},
address = {New York, NY, USA},
doi = {10.1145/3654777.3676397},
booktitle = {Proceedings of the 37th Annual ACM Symposium on User Interface Software and Technology},
articleno = {145},
numpages = {21},
keywords = {Information Retrieval, Interactive Documents, Large Language Models, Mixed-Initiative User Interfaces, Scientific Papers},
location = {Pittsburgh, PA, USA},
series = {UIST '24}
}

@inproceedings{Memoro,
author = {Zulfikar, Wazeer Deen and Chan, Samantha and Maes, Pattie},
title = {Memoro: Using Large Language Models to Realize a Concise Interface for Real-Time Memory Augmentation},
year = {2024},
address = {New York, NY, USA},
url = {https://doi.org/10.1145/3613904.3642450},
doi = {10.1145/3613904.3642450},
booktitle = {Proceedings of the 2024 CHI Conference on Human Factors in Computing Systems},
articleno = {450},
numpages = {18},
location = {Honolulu, HI, USA},
series = {CHI '24}
}

@inproceedings{Arizona_Water_Chatbot,
author = {Rajan, Briana and Carradini, Stephen and Lauer, Claire},
title = {The Arizona Water Chatbot: Helping Residents Navigate a Water Uncertain Future One Response at a Time},
year = {2024},
address = {New York, NY, USA},
doi = {10.1145/3613905.3650919},
booktitle = {Extended Abstracts of the CHI Conference on Human Factors in Computing Systems},
articleno = {313},
numpages = {10},
keywords = {Artificial intelligence, Chatbot, Indigenous tribes, Water},
location = {Honolulu, HI, USA},
series = {CHI EA '24}
}

@inproceedings{Memolet,
author = {Yen, Ryan and Zhao, Jian},
title = {Memolet: Reifying the Reuse of User-AI Conversational Memories},
year = {2024},
address = {New York, NY, USA},
doi = {10.1145/3654777.3676388},
booktitle = {Proceedings of the 37th Annual ACM Symposium on User Interface Software and Technology},
articleno = {58},
numpages = {22},
keywords = {Human-AI, Memory Reuse, Retrieval Augmented Generation},
location = {Pittsburgh, PA, USA},
series = {UIST '24}
}
@article{llmhallucination,
author = {Huang, Lei and Yu, Weijiang and Ma, Weitao and Zhong, Weihong and Feng, Zhangyin and Wang, Haotian and Chen, Qianglong and Peng, Weihua and Feng, Xiaocheng and Qin, Bing and Liu, Ting},
title = {A Survey on Hallucination in Large Language Models: Principles, Taxonomy, Challenges, and Open Questions},
year = {2024},
publisher = {Association for Computing Machinery},
address = {New York, NY, USA},
issn = {1046-8188},
url = {https://doi.org/10.1145/3703155},
doi = {10.1145/3703155},
note = {Just Accepted},
journal = {ACM Trans. Inf. Syst.},
month = nov,
}
@article{ragsurvey,
  title={Retrieval-augmented generation for large language models: A survey},
  author={Gao, Yunfan and Xiong, Yun and Gao, Xinyu and Jia, Kangxiang and Pan, Jinliu and Bi, Yuxi and Dai, Yi and Sun, Jiawei and Wang, Haofen},
  journal={arXiv preprint arXiv:2312.10997},
  year={2023}
}

@article{stylianou2021small,
  title={Small targeted dietary changes can yield substantial gains for human health and the environment},
  author={Stylianou, Katerina S and Fulgoni III, Victor L and Jolliet, Olivier},
  journal={Nature Food},
  volume={2},
  number={8},
  pages={616--627},
  year={2021},
  publisher={Nature Publishing Group UK London}
}

@inproceedings{szymanski2024integrating,
  title={Integrating Expertise in LLMs: Crafting a Customized Nutrition Assistant with Refined Template Instructions},
  author={Szymanski, Annalisa and Wimer, Brianna L and Anuyah, Oghenemaro and Eicher-Miller, Heather A and Metoyer, Ronald A},
  booktitle={Proceedings of the CHI Conference on Human Factors in Computing Systems},
  pages={1--22},
  year={2024}
}

@article{lo2024dietary,
  title={Dietary Assessment with Multimodal ChatGPT: A Systematic Analysis},
  author={Lo, Frank P-W and Qiu, Jianing and Wang, Zeyu and Chen, Junhong and Xiao, Bo and Yuan, Wu and Giannarou, Stamatia and Frost, Gary and Lo, Benny},
  journal={IEEE Journal of Biomedical and Health Informatics},
  year={2024},
  publisher={IEEE}
}

@inproceedings{jiang2023dartblur,
  title={Dartblur: Privacy preservation with detection artifact suppression},
  author={Jiang, Baowei and Bai, Bing and Lin, Haozhe and Wang, Yu and Guo, Yuchen and Fang, Lu},
  booktitle={Proceedings of the IEEE/CVF Conference on Computer Vision and Pattern Recognition},
  pages={16479--16488},
  year={2023}
}

@article{rajpal2021using,
  title={Using handpicked features in conjunction with ResNet-50 for improved detection of COVID-19 from chest X-ray images},
  author={Rajpal, Sheetal and Lakhyani, Navin and Singh, Ayush Kumar and Kohli, Rishav and Kumar, Naveen},
  journal={Chaos, Solitons \& Fractals},
  volume={145},
  pages={110749},
  year={2021},
  publisher={Elsevier}
}

@misc{ren2024grounded,
      title={Grounded SAM: Assembling Open-World Models for Diverse Visual Tasks}, 
      author={Tianhe Ren and Shilong Liu and Ailing Zeng and Jing Lin and Kunchang Li and He Cao and Jiayu Chen and Xinyu Huang and Yukang Chen and Feng Yan and Zhaoyang Zeng and Hao Zhang and Feng Li and Jie Yang and Hongyang Li and Qing Jiang and Lei Zhang},
      year={2024},
      eprint={2401.14159},
      archivePrefix={arXiv},
      primaryClass={cs.CV}
}

@misc{langchain2024,
  title = {Introduction to LangChain},
  author = {{LangChain Documentation}},
  year = {2024},
  url = {https://python.langchain.com/v0.2/docs/introduction/},
  note = {Accessed: 2024-09-06}
}

@article{douze2024faiss,
      title={The Faiss library},
      author={Matthijs Douze and Alexandr Guzhva and Chengqi Deng and Jeff Johnson and Gergely Szilvasy and Pierre-Emmanuel Mazaré and Maria Lomeli and Lucas Hosseini and Hervé Jégou},
      year={2024},
      eprint={2401.08281},
      archivePrefix={arXiv},
      primaryClass={cs.LG}
}

@article{lewis2020retrieval,
  title={Retrieval-augmented generation for knowledge-intensive nlp tasks},
  author={Lewis, Patrick and Perez, Ethan and Piktus, Aleksandra and Petroni, Fabio and Karpukhin, Vladimir and Goyal, Naman and K{\"u}ttler, Heinrich and Lewis, Mike and Yih, Wen-tau and Rockt{\"a}schel, Tim and others},
  journal={Advances in Neural Information Processing Systems},
  volume={33},
  pages={9459--9474},
  year={2020}
}
@misc{python_flask,
  author       = {{Flask Documentation}},
  title        = {Flask Web Framework},
  year         = {2024},
  url          = {https://flask.palletsprojects.com/},
  note         = {Accessed: 2024-09-06}
}

@misc{gunicorn,
  author       = {{Gunicorn Documentation}},
  title        = {Gunicorn: Python WSGI HTTP Server for UNIX},
  year         = {2024},
  url          = {https://gunicorn.org/},
  note         = {Accessed: 2024-09-06}
}

@misc{nginx,
  author       = {{NGINX Documentation}},
  title        = {NGINX Web Server},
  year         = {2024},
  url          = {https://nginx.org/},
  note         = {Accessed: 2024-09-06}
}

@misc{javascript,
  author       = {{JavaScript Documentation}},
  title        = {JavaScript Programming Language},
  year         = {2024},
  url          = {https://developer.mozilla.org/en-US/docs/Web/JavaScript},
  note         = {Accessed: 2024-09-06}
}

@misc{html5,
  author       = {{HTML5 Documentation}},
  title        = {HTML5 Specification},
  year         = {2024},
  url          = {https://developer.mozilla.org/en-US/docs/Web/Guide/HTML/HTML5},
  note         = {Accessed: 2024-09-06}
}

@misc{react,
  author       = {{React Documentation}},
  title        = {React: A JavaScript library for building user interfaces},
  year         = {2024},
  url          = {https://reactjs.org/},
  note         = {Accessed: 2024-09-06}
}

@misc{vite,
  author       = {{Vite Documentation}},
  title        = {Vite: Next Generation Frontend Tooling},
  year         = {2024},
  url          = {https://vitejs.dev/},
  note         = {Accessed: 2024-09-06}
}

@article{cheung2017amazon,
  title={Amazon Mechanical Turk in organizational psychology: An evaluation and practical recommendations},
  author={Cheung, Janelle H and Burns, Deanna K and Sinclair, Robert R and Sliter, Michael},
  journal={Journal of Business and Psychology},
  volume={32},
  pages={347--361},
  year={2017},
  publisher={Springer}
}

@misc{boohee,
  author       = {{Boohee}},
  title        = {Boohee: Healthy Weight Management App},
  year         = {2024},
  url          = {https://www.boohee.com},
  note         = {Accessed: 2024-09-06}
}

@misc{keep,
  author       = {{Keep}},
  title        = {Keep: Fitness and Health App},
  year         = {2024},
  url          = {https://www.keep.com},
  note         = {Accessed: 2024-09-06}
}

@book{ledford2011google,
  title={Google analytics},
  author={Ledford, Jerri L and Teixeira, Joe and Tyler, Mary E},
  year={2011},
  publisher={John Wiley and Sons}
}

@article{lewis2018system,
  title={The system usability scale: past, present, and future},
  author={Lewis, James R},
  journal={International Journal of Human--Computer Interaction},
  volume={34},
  number={7},
  pages={577--590},
  year={2018},
  publisher={Taylor \& Francis}
}

@article{score2018net,
  title={Net Promoter Score},
  author={Score, Net Promoter},
  journal={Work},
  volume={10},
  pages={10},
  year={2018}
}

@inproceedings{schrepp2014applying,
  title={Applying the user experience questionnaire (UEQ) in different evaluation scenarios},
  author={Schrepp, Martin and Hinderks, Andreas and Thomaschewski, J{\"o}rg},
  booktitle={Design, User Experience, and Usability. Theories, Methods, and Tools for Designing the User Experience: Third International Conference, DUXU 2014, Held as Part of HCI International 2014, Heraklion, Crete, Greece, June 22-27, 2014, Proceedings, Part I 3},
  pages={383--392},
  year={2014},
  organization={Springer}
}

@article{openai2023gpt4,
  title={GPT-4 Technical Report},
  author={{OpenAI}},
  year={2023},
  journal={OpenAI},
  howpublished={\url{https://openai.com/research/gpt-4}},
}

@book{willett2012nutritional,
  title={Nutritional epidemiology},
  author={Willett, Walter},
  year={2012},
  publisher={Oxford university press}
}
@article{kipnis2002bias,
  title={Bias in dietary-report instruments and its implications for nutritional epidemiology},
  author={Kipnis, Victor and Midthune, Douglas and Freedman, Laurence and Bingham, Sheila and Day, Nicholas E and Riboli, Elio and Ferrari, Pietro and Carroll, Raymond J},
  journal={Public health nutrition},
  volume={5},
  number={6a},
  pages={915--923},
  year={2002},
  publisher={Cambridge University Press}
}
@inproceedings{thames2021nutrition5k,
  title={Nutrition5k: Towards automatic nutritional understanding of generic food},
  author={Thames, Quin and Karpur, Arjun and Norris, Wade and Xia, Fangting and Panait, Liviu and Weyand, Tobias and Sim, Jack},
  booktitle={Proceedings of the IEEE/CVF conference on computer vision and pattern recognition},
  pages={8903--8911},
  year={2021}
}
@book{world2004vitamin,
  title={Vitamin and mineral requirements in human nutrition},
  author={World Health Organization and others},
  year={2004},
  publisher={World Health Organization}
}
@article{bangor2008empirical,
  title={An empirical evaluation of the system usability scale},
  author={Bangor, Aaron and Kortum, Philip T and Miller, James T},
  journal={Intl. Journal of Human--Computer Interaction},
  volume={24},
  number={6},
  pages={574--594},
  year={2008},
  publisher={Taylor \& Francis}
}

@article{reichheld2003one,
  title={The one number you need to grow},
  author={Reichheld, Frederick F},
  journal={Harvard business review},
  volume={81},
  number={12},
  pages={46--55},
  year={2003}
}

@misc{hongkong2015population,
  title={Report of Population Health Survey 2014/2015},
  author={{Hong Kong Special Administrative Region, Department of Health}},
  year={2015},
  howpublished={\url{https://www.chp.gov.hk/en/static/51256.html}},
  note={Accessed: 2024-09-08}
}

@article{chan2010food,
  title={Food, memories, and identities in Hong Kong},
  author={Chan, Selina Ching},
  journal={Identities: Global Studies in Culture and Power},
  volume={17},
  number={2-3},
  pages={204--227},
  year={2010},
  publisher={Taylor \& Francis}
}
@article{huang2021nutrition,
  title={Nutrition transition and related health challenges over decades in China},
  author={Huang, Lina and Wang, Zhihong and Wang, Huijun and Zhao, Liyun and Jiang, Hongru and Zhang, Bing and Ding, Gangqiang},
  journal={European journal of clinical nutrition},
  volume={75},
  number={2},
  pages={247--252},
  year={2021},
  publisher={Nature Publishing Group UK London}
}

@article{adams2020perspective,
  title={Perspective: guiding principles for the implementation of personalized nutrition approaches that benefit health and function},
  author={Adams, Sean H and Anthony, Joshua C and Carvajal, Ricardo and Chae, Lee and Khoo, Chor San H and Latulippe, Marie E and Matusheski, Nathan V and McClung, Holly L and Rozga, Mary and Schmid, Christopher H and others},
  journal={Advances in nutrition},
  volume={11},
  number={1},
  pages={25--34},
  year={2020},
  publisher={Elsevier}
}

@article{grummon2023simple,
  title={Simple dietary substitutions can reduce carbon footprints and improve dietary quality across diverse segments of the US population},
  author={Grummon, Anna H and Lee, Cristina JY and Robinson, Thomas N and Rimm, Eric B and Rose, Donald},
  journal={Nature Food},
  volume={4},
  number={11},
  pages={966--977},
  year={2023},
  publisher={Nature Publishing Group UK London}
}

@article{micha2017association,
  title={Association between dietary factors and mortality from heart disease, stroke, and type 2 diabetes in the United States},
  author={Micha, Renata and Pe{\~n}alvo, Jose L and Cudhea, Frederick and Imamura, Fumiaki and Rehm, Colin D and Mozaffarian, Dariush},
  journal={Jama},
  volume={317},
  number={9},
  pages={912--924},
  year={2017},
  publisher={American Medical Association}
}


@inproceedings{bowman2023using,
  title={Using thematic analysis in healthcare HCI at CHI: A scoping review},
  author={Bowman, Robert and Nadal, Camille and Morrissey, Kellie and Thieme, Anja and Doherty, Gavin},
  booktitle={Proceedings of the 2023 CHI Conference on Human Factors in Computing Systems},
  pages={1--18},
  year={2023}
}

@inproceedings{yang2024aqua,
  title={AQuA: Automated Question-Answering in Software Tutorial Videos with Visual Anchors},
  author={Yang, Saelyne and Vermeulen, Jo and Fitzmaurice, George and Matejka, Justin},
  booktitle={Proceedings of the CHI Conference on Human Factors in Computing Systems},
  pages={1--19},
  year={2024}
}

@inproceedings{yarmand2019can,
  title={" Can you believe [1: 21]?!" Content and Time-Based Reference Patterns in Video Comments},
  author={Yarmand, Matin and Yoon, Dongwook and Dodson, Samuel and Roll, Ido and Fels, Sidney S},
  booktitle={Proceedings of the 2019 CHI Conference on Human Factors in Computing Systems},
  pages={1--12},
  year={2019}
}

@article{faul2009statistical,
  title={Statistical power analyses using G* Power 3.1: Tests for correlation and regression analyses},
  author={Faul, Franz and Erdfelder, Edgar and Buchner, Axel and Lang, Albert-Georg},
  journal={Behavior research methods},
  volume={41},
  number={4},
  pages={1149--1160},
  year={2009},
  publisher={Springer}
}

@misc{apple2024visionpro,
  title        = {Apple Vision Pro},
  author       = {{Apple Inc.}},
  howpublished = {\url{https://www.apple.com/apple-vision-pro/}},
  year         = {2024},
  note         = {Accessed: 2024-11-19}
}


@article{waisberg2024meta,
  title={Meta smart glasses—large language models and the future for assistive glasses for individuals with vision impairments},
  author={Waisberg, Ethan and Ong, Joshua and Masalkhi, Mouayad and Zaman, Nasif and Sarker, Prithul and Lee, Andrew G and Tavakkoli, Alireza},
  journal={Eye},
  volume={38},
  number={6},
  pages={1036--1038},
  year={2024},
  publisher={Nature Publishing Group UK London}
}

@inproceedings{li2024leveraging,
  title={Leveraging large language models for nlg evaluation: Advances and challenges},
  author={Li, Zhen and Xu, Xiaohan and Shen, Tao and Xu, Can and Gu, Jia-Chen and Lai, Yuxuan and Tao, Chongyang and Ma, Shuai},
  booktitle={Proceedings of the 2024 Conference on Empirical Methods in Natural Language Processing},
  pages={16028--16045},
  year={2024}
}

@inproceedings{michael2020race,
  title={Race yourselves: A longitudinal exploration of self-competition between past, present, and future performances in a vr exergame},
  author={Michael, Alexander and Lutteroth, Christof},
  booktitle={Proceedings of the 2020 CHI Conference on Human Factors in Computing Systems},
  pages={1--17},
  year={2020}
}

@inproceedings{janzen2022reflective,
  title={Reflective Spring Cleaning: Using Personal Informatics to Support Infrequent Notification Personalization},
  author={Janzen, Izabelle F and McGrenere, Joanna},
  booktitle={Proceedings of the 2022 CHI Conference on Human Factors in Computing Systems},
  pages={1--16},
  year={2022}
}

@inproceedings{howe2022design,
  title={Design of digital workplace stress-reduction intervention systems: Effects of intervention type and timing},
  author={Howe, Esther and Suh, Jina and Bin Morshed, Mehrab and McDuff, Daniel and Rowan, Kael and Hernandez, Javier and Abdin, Marah Ihab and Ramos, Gonzalo and Tran, Tracy and Czerwinski, Mary P},
  booktitle={Proceedings of the 2022 CHI Conference on Human Factors in Computing Systems},
  pages={1--16},
  year={2022}
}

@article{weinreich2017effectiveness,
  title={Effectiveness of a four-week diet regimen, exercise and psychological intervention for weight loss},
  author={Weinreich, Tobias and Filz, Hans-Peter and Gresser, Ursula and Richartz, Barbara M},
  journal={Journal of Clinical and Diagnostic Research: JCDR},
  volume={11},
  number={3},
  pages={LC20},
  year={2017},
  publisher={JCDR Research \& Publications Private Limited}
}

@article{santas2012selective,
  title={Selective in vivo effect of chitosan on fatty acid, neutral sterol and bile acid excretion: a longitudinal study},
  author={Santas, Jonathan and Espadaler, Jordi and Mancebo, Remedios and Rafecas, Magda},
  journal={Food chemistry},
  volume={134},
  number={2},
  pages={940--947},
  year={2012},
  publisher={Elsevier}
}

@article{liu2023prompt,
  title={Prompt Injection attack against LLM-integrated Applications},
  author={Liu, Yi and Deng, Gelei and Li, Yuekang and Wang, Kailong and Wang, Zihao and Wang, Xiaofeng and Zhang, Tianwei and Liu, Yepang and Wang, Haoyu and Zheng, Yan and others},
  journal={arXiv preprint arXiv:2306.05499},
  year={2023}
}

@inproceedings{tan2024audioxtend,
  title={AudioXtend: Assisted Reality Visual Accompaniments for Audiobook Storytelling During Everyday Routine Tasks},
  author={Tan, Felicia Fang-Yi and Xu, Peisen and Ram, Ashwin and Suen, Wei Zhen and Zhao, Shengdong and Huang, Yun and Hurter, Christophe},
  booktitle={Proceedings of the CHI Conference on Human Factors in Computing Systems},
  pages={1--22},
  year={2024}
}

@inproceedings{bressa2022data,
  title={Data every day: Designing and living with personal situated visualizations},
  author={Bressa, Nathalie and Vermeulen, Jo and Willett, Wesley},
  booktitle={Proceedings of the 2022 CHI Conference on Human Factors in Computing Systems},
  pages={1--18},
  year={2022}
}

@inproceedings{ARchitect,
author = {Lin, Chuan-en and Cheng, Ta Ying and Ma, Xiaojuan},
title = {ARchitect: Building Interactive Virtual Experiences from Physical Affordances by Bringing Human-in-the-Loop},
year = {2020},
isbn = {9781450367080},
publisher = {Association for Computing Machinery},
address = {New York, NY, USA},
doi = {10.1145/3313831.3376614},
booktitle = {Proceedings of the 2020 CHI Conference on Human Factors in Computing Systems},
pages = {1–13},
numpages = {13},
keywords = {affordance, architect, asymmetric, passive haptics, virtual reality},
location = {Honolulu, HI, USA},
series = {CHI '20}
}

@inproceedings{CharacterMeet,
author = {Qin, Hua Xuan and Jin, Shan and Gao, Ze and Fan, Mingming and Hui, Pan},
title = {CharacterMeet: Supporting Creative Writers' Entire Story Character Construction Processes Through Conversation with LLM-Powered Chatbot Avatars},
year = {2024},
isbn = {9798400703300},
publisher = {Association for Computing Machinery},
address = {New York, NY, USA},
doi = {10.1145/3613904.3642105},
booktitle = {Proceedings of the 2024 CHI Conference on Human Factors in Computing Systems},
articleno = {1051},
numpages = {19},
location = {Honolulu, HI, USA},
series = {CHI '24}
}

@inproceedings{llempathy,
author = {Li, Brenna and Wang, Amy and Strachan, Patricia and S\'{e}guin, Julie Anne and Lachgar, Sami and Schroeder, Karyn C and Fleck, Mathias S and Wong, Renee and Karthikesalingam, Alan and Natarajan, Vivek and Matias, Yossi and Corrado, Greg S and Webster, Dale and Liu, Yun and Hammel, Naama and Sayres, Rory and Semturs, Christopher and Schaekermann, Mike},
title = {Conversational AI in health: Design considerations from a Wizard-of-Oz dermatology case study with users, clinicians and a medical LLM},
year = {2024},
isbn = {9798400703317},
publisher = {Association for Computing Machinery},
address = {New York, NY, USA},
doi = {10.1145/3613905.3651891},
booktitle = {Extended Abstracts of the CHI Conference on Human Factors in Computing Systems},
articleno = {88},
numpages = {10},
series = {CHI EA '24}
}

@inproceedings{saif2024evolveui,
  title={EvolveUI: User Interfaces that Evolve with User Proficiency},
  author={Saif, Ali and Zakir, Mohammad Taha and Raza, Agha Ali and Naseem, Mustafa},
  booktitle={Proceedings of the 7th ACM SIGCAS/SIGCHI Conference on Computing and Sustainable Societies},
  pages={230--237},
  year={2024}
}

@article{biel2018bites,
  title={Bites ‘n’bits: Inferring eating behavior from contextual mobile data},
  author={Biel, Joan-Isaac and Martin, Nathalie and Labbe, David and Gatica-Perez, Daniel},
  journal={Proceedings of the ACM on Interactive, Mobile, Wearable and Ubiquitous Technologies},
  volume={1},
  number={4},
  pages={1--33},
  year={2018},
  publisher={ACM New York, NY, USA}
}

@article{morshed2022food,
  title={Food, mood, context: Examining college students’ eating context and mental well-being},
  author={Morshed, Mehrab Bin and Kulkarni, Samruddhi Shreeram and Saha, Koustuv and Li, Richard and Roper, Leah G and Nachman, Lama and Lu, Hong and Mirabella, Lucia and Srivastava, Sanjeev and De Barbaro, Kaya and others},
  journal={ACM Transactions on Computing for Healthcare},
  volume={3},
  number={4},
  pages={1--26},
  year={2022},
  publisher={ACM New York, NY}
}

@article{silva2023exploring,
  title={Exploring Opportunities for Multimodality and Multiple Devices in Food Journaling},
  author={Silva, Lucas M and Ankrah, Elizabeth A and Huai, Yuqi and Epstein, Daniel A},
  journal={Proceedings of the ACM on Human-Computer Interaction},
  volume={7},
  number={MHCI},
  pages={1--27},
  year={2023},
  publisher={ACM New York, NY, USA}
}

@article{marshall2022survey,
  title={A survey on healthy food decision influences through technological innovations},
  author={Marshall, Jermaine and Jimenez-Pazmino, Priscilla and Metoyer, Ronald and Chawla, Nitesh V},
  journal={ACM Transactions on Computing for Healthcare (HEALTH)},
  volume={3},
  number={2},
  pages={1--27},
  year={2022},
  publisher={ACM New York, NY}
}

@article{ataguba2025exploring,
  title={Exploring Large Language Models for Personalized Recipe Generation and Weight-Loss Management},
  author={Ataguba, Grace and Orji, Rita},
  journal={ACM Transactions on Computing for Healthcare},
  year={2025},
  publisher={ACM New York, NY}
}

@article{tang2025video,
  title={Video-based Intake Gesture Recognition using Meal-length Context},
  author={Tang, Zeyu and Hoover, Adam},
  journal={ACM Transactions on Computing for Healthcare},
  volume={6},
  number={2},
  pages={1--24},
  year={2025},
  publisher={ACM New York, NY}
}

@article{guan2025towards,
  title={Towards Recognizing Food Types for Unseen Subjects},
  author={Guan, Jiexiong and Wang, Junjie and Niu, Wei and Peng, Zhen and Wang, Shuangquan and Liu, Zhenming and Zhou, Gang and Ren, Bin},
  journal={ACM Transactions on Computing for Healthcare},
  volume={6},
  number={1},
  pages={1--21},
  year={2025},
  publisher={ACM New York, NY}
}