@article{liao2023ai,
  title={Ai transparency in the age of llms: A human-centered research roadmap},
  author={Liao, Q Vera and Vaughan, Jennifer Wortman},
  journal={arXiv preprint arXiv:2306.01941},
  pages={5368--5393},
  year={2023},
  publisher={no}
}
@inproceedings{tang2024vizgroup,
  title={VizGroup: An AI-assisted Event-driven System for Collaborative Programming Learning Analytics},
  author={Tang, Xiaohang and Wong, Sam and Pu, Kevin and Chen, Xi and Yang, Yalong and Chen, Yan},
  booktitle={Proceedings of the 37th Annual ACM Symposium on User Interface Software and Technology},
  pages={1--22},
  year={2024}
}
@inproceedings{xiong1999peoplegarden,
  title={PeopleGarden: creating data portraits for users},
  author={Xiong, Rebecca and Donath, Judith},
  booktitle={Proceedings of the 12th annual ACM symposium on User interface software and technology},
  pages={37--44},
  year={1999}
}
@inproceedings{tausch2016comparison,
  title={A comparison of cooperative and competitive visualizations for co-located collaboration},
  author={Tausch, Sarah and Ta, Stephanie and Hussmann, Heinrich},
  booktitle={Proceedings of the 2016 CHI conference on human factors in computing systems},
  pages={5034--5039},
  year={2016}
}
@misc{fasterwhisper,
	author = {{SYSTRAN}},
	title= {Faster-Whisper},
	year= {2024},
	url= {https://github.com/SYSTRAN/faster-whisper},
	note= {Accessed: 2024-09-09}
}
@misc{gpt4o,
	author= {OpenAI},
	title= {GPT-4o},
	year= {2024},
	url= {https://openai.com/index/hello-gpt-4o/},
	note= {Accessed: 2024-09-09}
}
@inproceedings{lee2000algorithms,
	title={Algorithms for Non-negative Matrix Factorization},
	author={Lee, Daniel D. and Seung, H. Sebastian},
        booktitle = {Proceedings of the International Conference on Neural Information Processing Systems},
        pages = {535--541},
	year={2000}
}
@article{wei2022chain,
	title={Chain-of-thought Prompting Elicits Reasoning in Large Language Models},
	author={Wei, Jason and Wang, Xuezhi and Schuurmans, Dale and Bosma, Maarten and Xia, Fei and Chi, Ed and Le, Quoc V and Zhou, Denny and others},
	journal={Advances in neural information processing systems},
	volume={35},
	pages={24824--24837},
	year={2022}
}
@inproceedings{martinez2020data,
  title={From data to insights: A layered storytelling approach for multimodal learning analytics},
  author={Martinez-Maldonado, Roberto and Echeverria, Vanessa and Fernandez Nieto, Gloria and Buckingham Shum, Simon},
  booktitle={Proceedings of the 2020 chi conference on human factors in computing systems},
  pages={1--15},
  year={2020}
}
@inproceedings{fernandez2024data,
  title={Data storytelling editor: A teacher-centred tool for customising learning analytics dashboard narratives},
  author={Fernandez-Nieto, Gloria Milena and Martinez-Maldonado, Roberto and Echeverria, Vanessa and Kitto, Kirsty and Ga{\v{s}}evi{\'c}, Dragan and Buckingham Shum, Simon},
  booktitle={Proceedings of the 14th Learning Analytics and Knowledge Conference},
  pages={678--689},
  year={2024}
}
@inproceedings{chen2019designing,
  title={Designing narrative slideshows for learning analytics},
  author={Chen, Qing and Li, Zhen and Pong, Ting-Chuen and Qu, Huamin},
  booktitle={2019 IEEE pacific visualization symposium (PacificVis)},
  pages={237--246},
  year={2019},
  organization={IEEE}
}
@article{gratzl2013lineup,
  title={Lineup: Visual analysis of multi-attribute rankings},
  author={Gratzl, Samuel and Lex, Alexander and Gehlenborg, Nils and Pfister, Hanspeter and Streit, Marc},
  journal={IEEE transactions on visualization and computer graphics},
  volume={19},
  number={12},
  pages={2277--2286},
  year={2013},
  publisher={IEEE}
}
@article{marsh1997making,
  title={Making students' evaluations of teaching effectiveness effective: The critical issues of validity, bias, and utility.},
  author={Marsh, Herbert W and Roche, Lawrence A},
  journal={American psychologist},
  volume={52},
  number={11},
  pages={1187},
  year={1997},
  publisher={American Psychological Association}
}
@article{tang2024sphere,
  title={SPHERE: Scaling Personalized Feedback in Programming Classrooms with Structured Review of LLM Outputs},
  author={Tang, Xiaohang and Wong, Sam and Huynh, Marcus and He, Zicheng and Yang, Yalong and Chen, Yan},
  journal={arXiv preprint arXiv:2410.16513},
  year={2024}
}
@article{ng1999toward,
	title={Toward Routine Automatic Pathway Discovery from On-line Scientific Text Abstracts},
	author={Ng, See-Kiong and Wong, Marie},
	journal={Genome Informatics},
	volume={10},
	pages={104--112},
	year={1999},
	publisher={Japanese Society for Bioinformatics}
}
@misc{tesseract,
	author       = {Tesseract OCR},
	title        = {Tesseract OCR},
	year         = {2024},
	url          = {https://github.com/tesseract-ocr/tesseract},
	note         = {Accessed: 2024-09-09}
}
@misc{pyannoteaudio,
	author = {{pyannote}},
	title= {Pyannote-audio},
	year= {2024},
	url= {https://github.com/pyannote/pyannote-audio},
	note= {Accessed: 2024-09-09}
}
@article{chang2022muse,
	title={MUSE: Visual Analysis of Musical Semantic Sequence},
	author={Chang, Baofeng and Sun, Guodao and Li, Tong and Huang, Houchao and Liang, Ronghua},
	journal={IEEE Transactions on Visualization and Computer Graphics},
	volume={29},
	number={9},
	pages={4015--4030},
	year={2022},
	publisher={IEEE}
}
@book{munzner2014visualization,
	title={Visualization analysis and design},
	author={Munzner, Tamara},
	year={2014},
	publisher={CRC press}
}
@article{wang2021tac,
	title={Tac-Miner: Visual Tactic Mining for Multiple Table Tennis Matches},
	author={Wang, Jiachen and Wu, Jiang and Cao, Anqi and Zhou, Zheng and Zhang, Hui and Wu, Yingcai},
	journal={IEEE Transactions on Visualization and Computer Graphics},
	volume={27},
	number={6},
	pages={2770--2782},
	year={2021},
	publisher={IEEE}
}
@inproceedings{hou2024codetailor,
	title={Codetailor: Llm-powered Personalized Parsons Puzzles for Engaging Support while Learning Programming},
	author={Hou, Xinying and Wu, Zihan and Wang, Xu and Ericson, Barbara J},
	booktitle={Proceedings of the ACM Conference on Learning @ Scale},
	pages={51--62},
	year={2024}
}
@inproceedings{grover2016multimodal,
	title={Multimodal Analytics to Study Collaborative Problem Solving in Pair Programming},
	author={Grover, Shuchi and Bienkowski, Marie and Tamrakar, Amir and Siddiquie, Behjat and Salter, David and Divakaran, Ajay},
	booktitle={Proceedings of the International Conference on Learning Analytics \& Knowledge},
	pages={516--517},
	year={2016}
}
@article{mangaroska2022exploring,
	title={Exploring Students' Cognitive and Affective States during Problem Solving through Multimodal Data: Lessons Learned from a Programming Activity},
	author={Mangaroska, Katerina and Sharma, Kshitij and Ga{\v{s}}evi{\'c}, Dragan and Giannakos, Michail},
	journal={Journal of Computer Assisted Learning},
	volume={38},
	number={1},
	pages={40--59},
	year={2022},
	publisher={Wiley Online Library}
}
@inproceedings{hellas2023exploring,
	title={Exploring the Responses of Large Language Models to Beginner Programmers’ Help Requests},
	author={Hellas, Arto and Leinonen, Juho and Sarsa, Sami and Koutcheme, Charles and Kujanp{\"a}{\"a}, Lilja and Sorva, Juha},
	booktitle={Proceedings of the ACM Conference on International Computing Education},
	pages={93--105},
	year={2023}
}
@inproceedings{leinonen2023comparing,
	title={Comparing Code Explanations Created by Students and Large Language Models},
	author={Leinonen, Juho and Denny, Paul and MacNeil, Stephen and Sarsa, Sami and Bernstein, Seth and Kim, Joanne and Tran, Andrew and Hellas, Arto},
	booktitle={Proceedings of the Conference on Innovation and Technology in Computer Science Education},
	pages={124--130},
	year={2023}
}
@inproceedings{zhang2023vizprog,
	title={VizProg: Identifying Misunderstandings by Visualizing Students’ Coding Progress},
	author={Zhang, Ashley Ge and Chen, Yan and Oney, Steve},
	booktitle={Proceedings of the CHI Conference on Human Factors in Computing Systems},
	pages={1--16},
	year={2023}
}
@inproceedings{gaudencio2014can,
	title={Can Computers Compare Student Code Solutions as well as Teachers?},
	author={Gaudencio, Matheus and Dantas, Ayla and Guerrero, Dalton DS},
	booktitle={Proceedings of the ACM technical symposium on Computer science education},
	pages={21--26},
	year={2014}
}
@article{glassman2015overcode,
	title={OverCode: Visualizing Variation in Student Solutions to Programming Problems at Scale},
	author={Glassman, Elena L and Scott, Jeremy and Singh, Rishabh and Guo, Philip J and Miller, Robert C},
	journal={ACM Transactions on Computer-Human Interaction},
	volume={22},
	number={2},
	pages={1--35},
	year={2015},
	publisher={ACM New York, NY, USA}
}
@inproceedings{guo2015codeopticon,
	title={Codeopticon: Real-time, One-to-many Human Tutoring for Computer Programming},
	author={Guo, Philip J},
	booktitle={Proceedings of the Annual ACM Symposium on User Interface Software \& Technology},
	pages={599--608},
	year={2015}
}
@inproceedings{huang2013syntactic,
	title={Syntactic and Functional Variability of a Million Code Submissions in a Machine Learning Mooc},
	author={Huang, Jonathan and Piech, Chris and Nguyen, Andy and Guibas, Leonidas},
	booktitle={Proceedings of the Annual Conference on Artificial Intelligence in Education},
	volume={25},
	year={2013},
	organization={Citeseer}
}
@inproceedings{mathew2020slacc,
	title={SLACC: Simion-based Language Agnostic Code Clones},
	author={Mathew, George and Parnin, Chris and Stolee, Kathryn T},
	booktitle={Proceedings of the ACM/IEEE 42nd International Conference on Software Engineering},
	pages={210--221},
	year={2020}
}
@inproceedings{mathew2021cross,
	title={Cross-language Code Search using Static and Dynamic Analyses},
	author={Mathew, George and Stolee, Kathryn T},
	booktitle={Proceedings of the ACM Joint Meeting on European Software Engineering Conference and Symposium on the Foundations of Software Engineering},
	pages={205--217},
	year={2021}
}
@inproceedings{zhang2023runex,
	title={RunEx: Augmenting Regular-Expression Code Search with Runtime Values},
	author={Zhang, Ashley Ge and Chen, Yan and Oney, Steve},
	booktitle={Proceedings of IEEE Symposium on Visual Languages and Human-Centric Computing},
	pages={139--147},
	year={2023},
	organization={IEEE}
}
@inproceedings{breideband2023community,
	title={The Community Builder (CoBi): Helping Students to Develop Better Small Group Collaborative Learning Skills},
	author={Breideband, Thomas and Bush, Jeffrey and Chandler, Chelsea and Chang, Michael and Dickler, Rachel and Foltz, Peter and Ganesh, Ananya and Lieber, Rachel and Penuel, William R and Reitman, Jason G and others},
	booktitle={Proceedings of the Conference on Computer Supported Cooperative Work and Social Computing},
	pages={376--380},
	year={2023}
}
@article{rasul2023role,
	title={The Role of ChatGPT in Higher Education: Benefits, challenges, and Future Research Directions},
	author={Rasul, Tareq and Nair, Sumesh and Kalendra, Diane and Robin, Mulyadi and de Oliveira Santini, Fernando and Ladeira, Wagner Junior and Sun, Mingwei and Day, Ingrid and Rather, Raouf Ahmad and Heathcote, Liz},
	journal={Journal of Applied Learning and Teaching},
	volume={6},
	number={1},
	pages={41--56},
	year={2023}
}
@inproceedings{deline2021glinda,
	title={Glinda: Supporting Data Science with Live Programming, GUIs and a Domain-specific Language},
	author={DeLine, Robert A},
	booktitle={Proceedings of the CHI Conference on Human Factors in Computing Systems},
	pages={1--11},
	year={2021}
}
@inproceedings{yan2019pensieve,
	title={Pensieve: Feedback on Coding Process for Novices},
	author={Yan, Lisa and Hu, Annie and Piech, Chris},
	booktitle={Proceedings of the Acm Technical Symposium on Computer Science Education},
	pages={253--259},
	year={2019}
}
@inproceedings{park2018elicast,
	title={Elicast: Embedding Interactive Exercises in Instructional Programming Screencasts},
	author={Park, Jungkook and Park, Yeong Hoon and Kim, Jinhan and Cha, Jeongmin and Kim, Suin and Oh, Alice},
	booktitle={Proceedings of the Annual ACM Conference on Learning at Scale},
	pages={1--10},
	year={2018}
}

@inproceedings{dunder2024kattis,
	title={Kattis vs ChatGPT: Assessment and Evaluation of Programming Tasks in the Age of Artificial Intelligence},
	author={Dunder, Nora and Lundborg, Saga and Wong, Jacqueline and Viberg, Olga},
	booktitle={Proceedings of the Learning Analytics and Knowledge Conference},
	pages={821--827},
	year={2024}
}
@inproceedings{samrose2021meetingcoach,
	title={Meetingcoach: An Intelligent Dashboard for Supporting Effective \& Inclusive Meetings},
	author={Samrose, Samiha and McDuff, Daniel and Sim, Robert and Suh, Jina and Rowan, Kael and Hernandez, Javier and Rintel, Sean and Moynihan, Kevin and Czerwinski, Mary},
	booktitle={Proceedings of the CHI Conference on Human Factors in Computing Systems},
	pages={1--13},
	year={2021}
}
@inproceedings{ma2022detecting,
	title={Detecting Impasse during Collaborative Problem Solving with Multimodal Learning Analytics},
	author={Ma, Yingbo and Celepkolu, Mehmet and Boyer, Kristy Elizabeth},
	booktitle={Proceedings of International Learning Analytics and Knowledge Conference},
	pages={45--55},
	year={2022}
}
@article{bachour2010interactive,
	title={An Interactive Table for Supporting Participation Balance in Face-to-face Collaborative Learning},
	author={Bachour, Khaled and Kaplan, Frederic and Dillenbourg, Pierre},
	journal={IEEE Transactions on Learning Technologies},
	volume={3},
	number={3},
	pages={203--213},
	year={2010},
	publisher={IEEE}
}
@article{maguire2014enhancing,
	title={Enhancing Collaborative Learning using Pair Programming: Who Benefits?},
	author={Maguire, Phil and Maguire, Rebecca and Hyland, Philip and Marshall, Patrick},
	journal={AISHE-J: The All Ireland Journal of Teaching and Learning in Higher Education},
	volume={6},
	number={2},
	year={2014}
}
@article{hanks2011pair,
	title={Pair Programming in Education: A Literature Review},
	author={Hanks, Brian and Fitzgerald, Sue and McCauley, Ren{\'e}e and Murphy, Laurie and Zander, Carol},
	journal={Computer Science Education},
	volume={21},
	number={2},
	pages={135--173},
	year={2011},
	publisher={Taylor \& Francis}
}
@article{zhou2024understanding,
	title={Understanding Undergraduates’ Computational Thinking Processes: Evidence from an Integrated Analysis of Discourse in Pair Programming},
	author={Zhou, Ruijie and Li, Yangyang and He, Xiuling and Jiang, Chunlian and Fang, Jing and Li, Yue},
	journal={Education and Information Technologies},
	pages={1--33},
	year={2024},
	publisher={Springer}
}
@article{lewis2011pair,
	title={Is Pair Programming More Effective than Other Forms of Collaboration for Young Students?},
	author={Lewis, Colleen M},
	journal={Computer Science Education},
	volume={21},
	number={2},
	pages={105--134},
	year={2011},
	publisher={Taylor \& Francis}
}
@article{puntambekar2023understanding,
	title={Understanding the Effect of differences in prior knowledge on middle school students’ collaborative interactions and learning},
	author={Puntambekar, Sadhana and Gnesdilow, Dana and Yavuz, Sinan},
	journal={International Journal of Computer-Supported Collaborative Learning},
	volume={18},
	number={4},
	pages={531--573},
	year={2023},
	publisher={Springer}
}
@article{shi2018meetingvis,
	title={Meetingvis: Visual Narratives to Assist in Recalling Meeting Context and Content},
	author={Shi, Yang and Bryan, Chris and Bhamidipati, Sridatt and Zhao, Ying and Zhang, Yaoxue and Ma, Kwan-Liu},
	journal={IEEE Transactions on Visualization and Computer Graphics},
	volume={24},
	number={6},
	pages={1918--1929},
	year={2018},
	publisher={IEEE}
}
@article{sevastjanova2021visinreport,
	title={Visinreport: Complementing Visual Discourse Analytics through Personalized Insight Reports},
	author={Sevastjanova, Rita and El-Assady, Mennatallah and Bradley, Adam and Collins, Christopher and Butt, Miriam and Keim, Daniel},
	journal={IEEE Transactions on Visualization and Computer Graphics},
	volume={28},
	number={12},
	pages={4757--4769},
	year={2021},
	publisher={IEEE}
}
@article{niemantsverdriet2017recurring,
	title={Recurring Meetings: An Experiential Account of Repeating Meetings in a Large Organization},
	author={Niemantsverdriet, Karin and Erickson, Thomas},
	journal={Proceedings of the ACM on Human-Computer Interaction},
	volume={1},
	number={CSCW},
	pages={1--17},
	year={2017},
	publisher={ACM New York, NY, USA}
}
@article{ouyang2022applying,
	title={Applying Multimodal Learning Analytics to Examine the Immediate and Delayed Effects of Instructor Scaffoldings on Small Groups’ Collaborative Programming},
	author={Ouyang, Fan and Dai, Xinyu and Chen, Si},
	journal={International Journal of STEM Education},
	volume={9},
	number={1},
	pages={45},
	year={2022},
	publisher={Springer}
}
@inproceedings{zhang2024cflow,
	title={CFlow: Supporting Semantic Flow Analysis of Students' Code in Programming Problems at Scale},
	author={Zhang, Ashley Ge and Tang, Xiaohang and Oney, Steve and Chen, Yan},
	booktitle={Proceedings of the ACM Conference on Learning @ Scale},
	pages={188--199},
	year={2024}
}
@article{bostock2011d3,
	title={D$^3$ data-driven documents},
	author={Bostock, Michael and Ogievetsky, Vadim and Heer, Jeffrey},
	journal={IEEE transactions on visualization and computer graphics},
	volume={17},
	number={12},
	pages={2301--2309},
	year={2011},
	publisher={IEEE}
}
@article{schulz2023exploring,
	title={Exploring Students’ and Lecturers’ Views on Collaboration and Cooperation in Computer Science Courses-a Qualitative Analysis},
	author={Schulz, Sandra and Berndt, Sarah and Hawlitschek, Anja},
	journal={Computer Science Education},
	volume={33},
	number={3},
	pages={318--341},
	year={2023},
	publisher={Taylor \& Francis}
}

@article{hawlitschek2023empirical,
	title={Empirical Research on Pair Programming in Higher Education: a Literature Review},
	author={Hawlitschek, Anja and Berndt, Sarah and Schulz, Sandra},
	journal={Computer Science Education},
	volume={33},
	number={3},
	pages={400--428},
	year={2023},
	publisher={Taylor \& Francis}
}
@article{sun2021three,
	title={Three Contrasting Pairs’ Collaborative Programming Processes in China’s Secondary Education},
	author={Sun, Dan and Ouyang, Fan and Li, Yan and Chen, Hongyu},
	journal={Journal of Educational Computing Research},
	volume={59},
	number={4},
	pages={740--762},
	year={2021},
	publisher={SAGE Publications Sage CA: Los Angeles, CA}
}
@inproceedings{rosen2020towards,
	title={Towards Scalable Gamified Assessment in Support of Collaborative Problem-solving Competency Development in Online and Blended Learning},
	author={Rosen, Yigal and Stoeffler, Kristin and Yudelson, Michael and Simmering, Vanessa},
	booktitle={Proceedings of the ACM Conference on Learning @ Scale},
	pages={369--372},
	year={2020}
}
@inproceedings{diana2017instructor,
	title={An Instructor Dashboard for Real-time Analytics in Interactive Programming Assignments},
	author={Diana, Nicholas and Eagle, Michael and Stamper, John and Grover, Shuchi and Bienkowski, Marie and Basu, Satabdi},
	booktitle={Proceedings of the International Learning Analytics \& Knowledge Conference},
	pages={272--279},
	year={2017}
}
@inproceedings{hou2024automated,
	title={Automated Assessment of Encouragement and Warmth in Classrooms Leveraging Multimodal Emotional Features and ChatGPT},
	author={Hou, Ruikun and F{\"u}tterer, Tim and B{\"u}hler, Babette and Bozkir, Efe and Gerjets, Peter and Trautwein, Ulrich and Kasneci, Enkelejda},
	booktitle={Proceedings of International Conference on Artificial Intelligence in Education},
	pages={60--74},
	year={2024},
	organization={Springer}
}
@article{ambady1993half,
	title={Half a Minute: Predicting Teacher Evaluations from Thin Slices of Nonverbal Behavior and Physical Attractiveness.},
	author={Ambady, Nalini and Rosenthal, Robert},
	journal={Journal of personality and social psychology},
	volume={64},
	number={3},
	pages={431},
	year={1993},
	publisher={American Psychological Association}
}
@article{wu2019analysing,
	title={Analysing Computational Thinking in Collaborative Programming: A Quantitative Ethnography Approach},
	author={Wu, Bian and Hu, Yiling and Ruis, Andrew R and Wang, Minhong},
	journal={Journal of Computer Assisted Learning},
	volume={35},
	number={3},
	pages={421--434},
	year={2019},
	publisher={Wiley Online Library}
}
@inproceedings{zhao2023analysing,
	title={Analysing Verbal Communication in Embodied Team Learning Using Multimodal Data and Ordered Network Analysis},
	author={Zhao, Linxuan and Tan, Yuanru and Ga{\v{s}}evi{\'c}, Dragan and Shaffer, David Williamson and Yan, Lixiang and Alfredo, Riordan and Li, Xinyu and Martinez-Maldonado, Roberto},
	booktitle={Proceedings of International Conference on Artificial Intelligence in Education},
	pages={242--254},
	year={2023},
	organization={Springer}
}
@inproceedings{wang2024unveiling,
	title={Unveiling Synchrony of Learners’ Multimodal Data in Collaborative Maker Activities},
	author={Wang, Zuo and Ng, Jeremy Tzi Dong and Que, Ying and Hu, Xiao},
	booktitle={Proceedings of the Learning Analytics and Knowledge Conference},
	pages={922--928},
	year={2024}
}
@inproceedings{chejara2024bringing,
	title={Bringing Collaborative Analytics using Multimodal Data to Masses: Evaluation and Design Guidelines for Developing a MMLA System for Research and Teaching Practices in CSCL},
	author={Chejara, Pankaj and Kasepalu, Reet and Prieto, Luis and Rodr{\'\i}guez-Triana, Mar{\'\i}a Jes{\'u}s and Ruiz-Calleja, Adolfo},
	booktitle={Proceedings of the Learning Analytics and Knowledge Conference},
	pages={800--806},
	year={2024}
}
@article{yan2024evidence,
	title={Evidence-based Multimodal Learning Analytics for Feedback and Reflection in Collaborative Learning},
	author={Yan, Lixiang and Echeverria, Vanessa and Jin, Yueqiao and Fernandez-Nieto, Gloria and Zhao, Linxuan and Li, Xinyu and Alfredo, Riordan and Swiecki, Zachari and Ga{\v{s}}evi{\'c}, Dragan and Martinez-Maldonado, Roberto},
	journal={British Journal of Educational Technology},
	volume={55},
	number={5},
	pages={1900--1925},
	year={2024},
	publisher={Wiley Online Library}
}
@inproceedings{an2018classbeacons,
  title={ClassBeacons: Designing distributed visualization of teachers' physical proximity in the classroom},
  author={An, Pengcheng and Bakker, Saskia and Ordanovski, Sara and Taconis, Ruurd and Eggen, Berry},
  booktitle={Proceedings of the Twelfth International Conference on Tangible, Embedded, and Embodied Interaction},
  pages={357--367},
  year={2018}
}
@inproceedings{an2019classbeacons,
  title={Classbeacons: Enhancing reflection-in-action of teachers through spatially distributed ambient information},
  author={An, Pengcheng and Bakker, Saskia and Ordanovski, Sara and Taconis, Ruurd and Paffen, Chris LE and Eggen, Berry},
  booktitle={Extended Abstracts of the 2019 CHI Conference on Human Factors in Computing Systems},
  pages={1--4},
  year={2019}
}
@article{xia2020seqdynamics,
	title={SeqDynamics: Visual Analytics for Evaluating Online Problem-solving Dynamics},
	author={Xia, Meng and Xu, Min and Lin, Chuan-en and Cheng, Ta Ying and Qu, Huamin and Ma, Xiaojuan},
	journal={Computer Graphics Forum},
	volume={39},
	number={3},
	pages={511--522},
	year={2020},
	organization={Wiley Online Library}
}

@inproceedings{yang2023pair,
	title={Pair-up: Prototyping Human-AI Co-orchestration of Dynamic Transitions between Individual and Collaborative Learning in the Classroom},
	author={Yang, Kexin Bella and Echeverria, Vanessa and Lu, Zijing and Mao, Hongyu and Holstein, Kenneth and Rummel, Nikol and Aleven, Vincent},
	booktitle={Proceedings of the CHI Conference on Human Factors in Computing Systems},
	pages={1--17},
	year={2023}
}

@inproceedings{xia2019peerlens,
	title={Peerlens: Peer-inspired Interactive Learning Path Planning in Online Question Pool},
	author={Xia, Meng and Sun, Mingfei and Wei, Huan and Chen, Qing and Wang, Yong and Shi, Lei and Qu, Huamin and Ma, Xiaojuan},
	booktitle={Proceedings of the CHI conference on human factors in computing systems},
	pages={1--12},
	year={2019}
}

@inproceedings{xia2023crosstalk,
	title={CrossTalk: Intelligent Substrates for Language-Oriented Interaction in Video-Based Communication and Collaboration},
	author={Xia, Haijun and Wang, Tony and Gunturu, Aditya and Jiang, Peiling and Duan, William and Yao, Xiaoshuo},
	booktitle={Proceedings of the Annual ACM Symposium on User Interface Software and Technology},
	pages={1--16},
	year={2023}
}

@inproceedings{sato2023groupnamics,
	title={Groupnamics: Designing an Interface for Overviewing and Managing Parallel Group Discussions in an Online Classroom},
	author={Sato, Arissa J and Sramek, Zefan and Yatani, Koji},
	booktitle={Proceedings of the CHI Conference on Human Factors in Computing Systems},
	pages={1--18},
	year={2023}
}

@inproceedings{chandrasegaran2019talktraces,
	title={TalkTraces: Real-time Capture and Visualization of Verbal Content in Meetings},
	author={Chandrasegaran, Senthil and Bryan, Chris and Shidara, Hidekazu and Chuang, Tung-Yen and Ma, Kwan-Liu},
	booktitle={Proceedings of the CHI conference on human factors in computing systems},
	pages={1--14},
	year={2019}
}
@article{sun2024using,
	title={Using Multimodal Learning Analytics to Understand Effects of Block-based and Text-based Modalities on Computer Programming},
	author={Sun, Dan and Ouyang, Fan and Li, Yan and Zhu, Chengcong and Zhou, Yang},
	journal={Journal of Computer Assisted Learning},
	year={2024},
        volume={40},
        number={3},
        pages={1123--1136},
	publisher={Wiley Online Library}
}

@article{zhang2023integrated,
	title={An Integrated Approach for Knowledge Extraction and Analysis in Collaborative Knowledge Construction},
	author={Zhang, Ning and Ouyang, Fan},
	journal={International Journal of Educational Technology in Higher Education},
	volume={20},
	number={1},
	pages={45},
	year={2023},
	publisher={Springer}
}

@article{ouyang2021using,
	title={Using Three Social Network Analysis Approaches to Understand Computer-supported Collaborative Learning},
	author={Ouyang, Fan},
	journal={Journal of Educational Computing Research},
	volume={59},
	number={7},
	pages={1401--1424},
	year={2021},
	publisher={SAGE Publications Sage CA: Los Angeles, CA}
}

@article{chen2022promoting,
	title={Promoting Student Engagement in Online Collaborative Writing through a Student-Facing Social Learning Analytics Tool},
	author={Chen, Si and Ouyang, Fan and Jiao, Pengcheng},
	journal={Journal of Computer Assisted Learning},
	volume={38},
	number={1},
	pages={192--208},
	year={2022},
	publisher={Wiley Online Library}
}
@article{huang2023speechmirror,
	title={SpeechMirror: A Multimodal Visual Analytics System for Personalized Reflection of Online Public Speaking Effectiveness},
	author={Huang, Zeyuan and He, Qiang and Maher, Kevin and Deng, Xiaoming and Lai, Yu-Kun and Ma, Cuixia and Qin, Sheng-feng and Liu, Yong-Jin and Wang, Hongan},
	journal={IEEE Transactions on Visualization and Computer Graphics},
	year={2023},
        volume={30},
        number={1},
        pages={606--616},
	publisher={IEEE}
}
@article{zhou2024detecting,
	title={Detecting Non-verbal Speech and Gaze Behaviours with Multimodal Data and Computer Vision to Interpret Effective Collaborative Learning Interactions},
	author={Zhou, Qi and Suraworachet, Wannapon and Cukurova, Mutlu},
	journal={Education and Information Technologies},
	volume={29},
	number={1},
	pages={1071--1098},
	year={2024},
	publisher={Springer}
}
@article{kerman2024online,
	title={Online Peer Feedback in Higher Education: A Synthesis of the Literature},
	author={Kerman, Nafiseh Taghizadeh and Banihashem, Seyyed Kazem and Karami, Mortaza and Er, Erkan and Van Ginkel, Stan and Noroozi, Omid},
	journal={Education and Information Technologies},
	volume={29},
	number={1},
	pages={763--813},
	year={2024},
	publisher={Springer}
}
@article{burchart2024supporting,
	title={Supporting Collaborative Writing Tasks in Large-scale Distance Education},
	author={Burchart, Marc and Haake, Joerg M},
	year={2024},
        journal={IEEE Transactions on Learning Technologies},
        volume = {17},
        page = {1051--1068},
        publisher={IEEE}
}
@article{ambady1992thin,
	title={Thin Slices of Expressive Behavior as Predictors of Interpersonal Consequences: A Meta-analysis.},
	author={Ambady, Nalini and Rosenthal, Robert},
	journal={Psychological bulletin},
	volume={111},
	number={2},
	pages={256},
	year={1992},
	publisher={American Psychological Association}
}


@article{chung2021collaborative,
	title={Collaborative Programming Problem-solving in Augmented Reality: Multimodal Analysis of Effectiveness and Group Collaboration},
	author={Chung, Cheng-Yu and Awad, Nayif and Hsiao, I-Han},
	journal={Australasian Journal of Educational Technology},
	volume={37},
	number={5},
	pages={17--31},
	year={2021}
}
@article{ouyang2021exploring,
	title={Exploring the Effect of Three Scaffoldings on the Collaborative Problem-solving Processes in China’s Higher Education},
	author={Ouyang, Fan and Chen, Zixuan and Cheng, Mengting and Tang, Zifan and Su, Chien-Yuan},
	journal={International Journal of Educational Technology in Higher Education},
	volume={18},
	pages={1--22},
	year={2021},
	publisher={Springer}
}
@article{el2016contovi,
	title={ConToVi: Multi-party Conversation Exploration using Topic-space Views},
	author={El-Assady, Mennatallah and Gold, Valentin and Acevedo, Carmela and Collins, Christopher and Keim, Daniel},
	year={2016},
        journal={Computer Graphics Forum},
	volume={35},
	number={3},
	pages={431--440},
	organization={Wiley Online Library}
}
@inproceedings{fujii2018sync,
	title={Sync class: Visualization System for In-class Student Synchronization},
	author={Fujii, Katsuya and Marian, Plivelic and Clark, Dav and Okamoto, Yoshi and Rekimoto, Jun},
	booktitle={Proceedings of the Augmented Human International Conference},
	pages={1--8},
	year={2018}
}
@inproceedings{tausch2014groupgarden,
	title={Groupgarden: Supporting Brainstorming through a Metaphorical Group Mirror on Table or Wall},
	author={Tausch, Sarah and Hausen, Doris and Kosan, Ismail and Raltchev, Andrey and Hussmann, Heinrich},
	booktitle={Proceedings of the Nordic Conference on Human-Computer Interaction},
	pages={541--550},
	year={2014}
}
@inproceedings{macneil2019ineqdetect,
	title={Ineqdetect: A visual analytics system to detect conversational inequality and support reflection during active learning},
	author={MacNeil, Stephen and Kiefer, Kyle and Thompson, Brian and Takle, Dev and Latulipe, Celine},
	booktitle={Proceedings of the ACM Conference on Global Computing Education},
	pages={85--91},
	year={2019}
}
@inproceedings{kim2008meeting,
	title={Meeting mediator: enhancing group collaborationusing sociometric feedback},
	author={Kim, Taemie and Chang, Agnes and Holland, Lindsey and Pentland, Alex Sandy},
	booktitle={Proceedings of the ACM conference on Computer supported cooperative work},
	pages={457--466},
	year={2008}
}
@inproceedings{andolina2018investigating,
	title={Investigating Proactive Search Support in Conversations},
	author={Andolina, Salvatore and Orso, Valeria and Schneider, Hendrik and Klouche, Khalil and Ruotsalo, Tuukka and Gamberini, Luciano and Jacucci, Giulio},
	booktitle={Proceedings of the Designing Interactive Systems Conference},
	pages={1295--1307},
	year={2018}
}
@inproceedings{shi2017ideawall,
	title={IdeaWall: Improving Creative Collaboration Through Combinatorial Visual Stimuli},
	author={Shi, Yang and Wang, Yang and Qi, Ye and Chen, John and Xu, Xiaoyao and Ma, Kwan-Liu},
	booktitle={Proceedings of the ACM Conference on Computer Supported Cooperative Work and Social Computing},
	pages={594--603},
	year={2017}
}
@article{el2017nerex,
	title={NEREx: Named-entity Relationship Exploration in Multi-party Conversations},
	author={El-Assady, Mennatallah and Sevastjanova, Rita and Gipp, Bela and Keim, Daniel and Collins, Christopher},
        year={2017},
        journal={Computer Graphics Forum},
	volume={36},
	number={3},
	pages={213--225},
	organization={Wiley Online Library}
}
@article{chen2023meetscript,
	title={Meetscript: Designing Transcript-based Interactions to Support Active Participation in Group Video Meetings},
	author={Chen, Xinyue and Li, Shuo and Liu, Shipeng and Fowler, Robin and Wang, Xu},
	journal={Proceedings of the ACM on Human-Computer Interaction},
	volume={7},
	number={CSCW2},
	pages={1--32},
	year={2023},
	publisher={ACM New York, NY, USA}
}
@inproceedings{aseniero2020meetcues,
	title={MeetCues: Supporting online meetings experience},
	author={Aseniero, Bon Adriel and Constantinides, Marios and Joglekar, Sagar and Zhou, Ke and Quercia, Daniele},
	booktitle={Proceedings of IEEE Visualization Conference},
	pages={236--240},
	year={2020},
	organization={IEEE}
}
@inproceedings{haliburton2023walking,
	title={The Walking Talking Stick: Understanding Automated Note-Taking in Walking Meetings},
	author={Haliburton, Luke and Bart{\l}omiejczyk, Natalia and Schmidt, Albrecht and Wo{\'z}niak, Pawe{\l} W and Niess, Jasmin},
	booktitle={Proceedings of the CHI Conference on Human Factors in Computing Systems},
	pages={1--16},
	year={2023}
}
@article{zhang2022towards,
  title={Towards a better understanding of the role of visualization in online learning: A review},
  author={Zhang, Gefei and Zhu, Zihao and Zhu, Sujia and Liang, Ronghua and Sun, Guodao},
  journal={Visual Informatics},
  volume={6},
  number={4},
  pages={22--33},
  year={2022},
  publisher={Elsevier}
}
@inproceedings{son2023okay,
	title={It is Okay to be Distracted: How Real-time Transcriptions Facilitate Online Meeting with Distraction},
	author={Son, Seoyun and Choi, Junyoug and Lee, Sunjae and Song, Jean Y and Shin, Insik},
	booktitle={Proceedings of the CHI Conference on Human Factors in Computing Systems},
	pages={1--19},
	year={2023}
}
@inproceedings{iijima2021word,
	title={Word Cloud for Meeting: A Visualization System for dhh People in Online Meetings},
	author={Iijima, Ryo and Shitara, Akihisa and Sarcar, Sayan and Ochiai, Yoichi},
	booktitle={Proceedings of the International ACM SIGACCESS Conference on Computers and Accessibility},
	pages={1--4},
	year={2021}
}
@inproceedings{wang2024meeting,
	title={Meeting Bridges: Designing Information Artifacts that Bridge from Synchronous Meetings to Asynchronous Collaboration},
	author={Wang, Ruotong and Qiu, Lin and Cranshaw, Justin and Zhang, Amy X},
	journal={Proceedings of the ACM on Human-Computer Interaction},
	volume={8},
	number={CSCW1},
	pages={1--29},
	year={2024},
	publisher={ACM New York, NY, USA}
}
@inproceedings{adachi2015scoringtalk,
	title={ScoringTalk: A Tablet System Scoring and Visualizing Conversation for Balancing of Participation},
	author={Adachi, Hiroyuki and Myojin, Seiko and Shimada, Nobutaka},
	booktitle={Proceedings of SIGGRAPH ASIA Mobile Graphics and Interactive Applications},
	pages={1--5},
	year={2015}
}
@inbook{fredricks2022measurement,
	title={The Measurement of Student Engagement: Methodological Advances and Comparison of New Self-report Instruments},
	author={Fredricks, Jennifer A},
	booktitle={Handbook of research on student engagement},
	pages={597--616},
	year={2022},
	publisher={Springer}
}
@inproceedings{andolina2018investigating,
	title={Investigating Proactive Search Support in Conversations},
	booktitle={Proceedings of the 2018 Designing Interactive Systems Conference},
        author={Andolina, Salvatore and Orso, Valeria and Schneider, Hendrik and Klouche, Khalil and Ruotsalo, Tuukka and Gamberini, Luciano and Jacucci, Giulio},
	year={2018},
        pages={1295--1307}
}
@article{braun2006using,
	title={Using Thematic Analysis in Psychology},
	author={Braun, Virginia and Clarke, Victoria},
	year={2006},
        journal={Qualitative research in psychology},
	volume={3},
	number={2},
	pages={77--101},
	publisher={Taylor \& Francis}
}