@article{ambady1993half,
	title={Half a Minute: Predicting Teacher Evaluations from Thin Slices of Nonverbal Behavior and Physical Attractiveness.},
	author={Ambady, Nalini and Rosenthal, Robert},
	journal={Journal of personality and social psychology},
	volume={64},
	number={3},
	pages={431},
	year={1993},
	publisher={American Psychological Association}
}

@inproceedings{an2018classbeacons,
  title={ClassBeacons: Designing distributed visualization of teachers' physical proximity in the classroom},
  author={An, Pengcheng and Bakker, Saskia and Ordanovski, Sara and Taconis, Ruurd and Eggen, Berry},
  booktitle={Proceedings of the Twelfth International Conference on Tangible, Embedded, and Embodied Interaction},
  pages={357--367},
  year={2018}
}

@inproceedings{an2019classbeacons,
  title={Classbeacons: Enhancing reflection-in-action of teachers through spatially distributed ambient information},
  author={An, Pengcheng and Bakker, Saskia and Ordanovski, Sara and Taconis, Ruurd and Paffen, Chris LE and Eggen, Berry},
  booktitle={Extended Abstracts of the 2019 CHI Conference on Human Factors in Computing Systems},
  pages={1--4},
  year={2019}
}

@inproceedings{aseniero2020meetcues,
	title={MeetCues: Supporting online meetings experience},
	author={Aseniero, Bon Adriel and Constantinides, Marios and Joglekar, Sagar and Zhou, Ke and Quercia, Daniele},
	booktitle={Proceedings of IEEE Visualization Conference},
	pages={236--240},
	year={2020},
	organization={IEEE}
}

@article{bachour2010interactive,
	title={An Interactive Table for Supporting Participation Balance in Face-to-face Collaborative Learning},
	author={Bachour, Khaled and Kaplan, Frederic and Dillenbourg, Pierre},
	journal={IEEE Transactions on Learning Technologies},
	volume={3},
	number={3},
	pages={203--213},
	year={2010},
	publisher={IEEE}
}

@inproceedings{breideband2023community,
	title={The Community Builder (CoBi): Helping Students to Develop Better Small Group Collaborative Learning Skills},
	author={Breideband, Thomas and Bush, Jeffrey and Chandler, Chelsea and Chang, Michael and Dickler, Rachel and Foltz, Peter and Ganesh, Ananya and Lieber, Rachel and Penuel, William R and Reitman, Jason G and others},
	booktitle={Proceedings of the Conference on Computer Supported Cooperative Work and Social Computing},
	pages={376--380},
	year={2023}
}

@inproceedings{chandrasegaran2019talktraces,
	title={TalkTraces: Real-time Capture and Visualization of Verbal Content in Meetings},
	author={Chandrasegaran, Senthil and Bryan, Chris and Shidara, Hidekazu and Chuang, Tung-Yen and Ma, Kwan-Liu},
	booktitle={Proceedings of the CHI conference on human factors in computing systems},
	pages={1--14},
	year={2019}
}

@inproceedings{chejara2024bringing,
	title={Bringing Collaborative Analytics using Multimodal Data to Masses: Evaluation and Design Guidelines for Developing a MMLA System for Research and Teaching Practices in CSCL},
	author={Chejara, Pankaj and Kasepalu, Reet and Prieto, Luis and Rodr{\'\i}guez-Triana, Mar{\'\i}a Jes{\'u}s and Ruiz-Calleja, Adolfo},
	booktitle={Proceedings of the Learning Analytics and Knowledge Conference},
	pages={800--806},
	year={2024}
}

@article{chen2023meetscript,
	title={Meetscript: Designing Transcript-based Interactions to Support Active Participation in Group Video Meetings},
	author={Chen, Xinyue and Li, Shuo and Liu, Shipeng and Fowler, Robin and Wang, Xu},
	journal={Proceedings of the ACM on Human-Computer Interaction},
	volume={7},
	number={CSCW2},
	pages={1--32},
	year={2023},
	publisher={ACM New York, NY, USA}
}

@inproceedings{deline2021glinda,
	title={Glinda: Supporting Data Science with Live Programming, GUIs and a Domain-specific Language},
	author={DeLine, Robert A},
	booktitle={Proceedings of the CHI Conference on Human Factors in Computing Systems},
	pages={1--11},
	year={2021}
}

@inproceedings{diana2017instructor,
	title={An Instructor Dashboard for Real-time Analytics in Interactive Programming Assignments},
	author={Diana, Nicholas and Eagle, Michael and Stamper, John and Grover, Shuchi and Bienkowski, Marie and Basu, Satabdi},
	booktitle={Proceedings of the International Learning Analytics \& Knowledge Conference},
	pages={272--279},
	year={2017}
}

@article{el2016contovi,
	title={ConToVi: Multi-party Conversation Exploration using Topic-space Views},
	author={El-Assady, Mennatallah and Gold, Valentin and Acevedo, Carmela and Collins, Christopher and Keim, Daniel},
	year={2016},
        journal={Computer Graphics Forum},
	volume={35},
	number={3},
	pages={431--440},
	organization={Wiley Online Library}
}

@article{el2017nerex,
	title={NEREx: Named-entity Relationship Exploration in Multi-party Conversations},
	author={El-Assady, Mennatallah and Sevastjanova, Rita and Gipp, Bela and Keim, Daniel and Collins, Christopher},
        year={2017},
        journal={Computer Graphics Forum},
	volume={36},
	number={3},
	pages={213--225},
	organization={Wiley Online Library}
}

@inproceedings{fujii2018sync,
	title={Sync class: Visualization System for In-class Student Synchronization},
	author={Fujii, Katsuya and Marian, Plivelic and Clark, Dav and Okamoto, Yoshi and Rekimoto, Jun},
	booktitle={Proceedings of the Augmented Human International Conference},
	pages={1--8},
	year={2018}
}

@inproceedings{gaudencio2014can,
	title={Can Computers Compare Student Code Solutions as well as Teachers?},
	author={Gaudencio, Matheus and Dantas, Ayla and Guerrero, Dalton DS},
	booktitle={Proceedings of the ACM technical symposium on Computer science education},
	pages={21--26},
	year={2014}
}

@article{glassman2015overcode,
	title={OverCode: Visualizing Variation in Student Solutions to Programming Problems at Scale},
	author={Glassman, Elena L and Scott, Jeremy and Singh, Rishabh and Guo, Philip J and Miller, Robert C},
	journal={ACM Transactions on Computer-Human Interaction},
	volume={22},
	number={2},
	pages={1--35},
	year={2015},
	publisher={ACM New York, NY, USA}
}

@inproceedings{guo2015codeopticon,
	title={Codeopticon: Real-time, One-to-many Human Tutoring for Computer Programming},
	author={Guo, Philip J},
	booktitle={Proceedings of the Annual ACM Symposium on User Interface Software \& Technology},
	pages={599--608},
	year={2015}
}

@inproceedings{haliburton2023walking,
	title={The Walking Talking Stick: Understanding Automated Note-Taking in Walking Meetings},
	author={Haliburton, Luke and Bart{\l}omiejczyk, Natalia and Schmidt, Albrecht and Wo{\'z}niak, Pawe{\l} W and Niess, Jasmin},
	booktitle={Proceedings of the CHI Conference on Human Factors in Computing Systems},
	pages={1--16},
	year={2023}
}

@article{hanks2011pair,
	title={Pair Programming in Education: A Literature Review},
	author={Hanks, Brian and Fitzgerald, Sue and McCauley, Ren{\'e}e and Murphy, Laurie and Zander, Carol},
	journal={Computer Science Education},
	volume={21},
	number={2},
	pages={135--173},
	year={2011},
	publisher={Taylor \& Francis}
}

@inproceedings{hellas2023exploring,
	title={Exploring the Responses of Large Language Models to Beginner Programmersâ€™ Help Requests},
	author={Hellas, Arto and Leinonen, Juho and Sarsa, Sami and Koutcheme, Charles and Kujanp{\"a}{\"a}, Lilja and Sorva, Juha},
	booktitle={Proceedings of the ACM Conference on International Computing Education},
	pages={93--105},
	year={2023}
}

@inproceedings{hou2024automated,
	title={Automated Assessment of Encouragement and Warmth in Classrooms Leveraging Multimodal Emotional Features and ChatGPT},
	author={Hou, Ruikun and F{\"u}tterer, Tim and B{\"u}hler, Babette and Bozkir, Efe and Gerjets, Peter and Trautwein, Ulrich and Kasneci, Enkelejda},
	booktitle={Proceedings of International Conference on Artificial Intelligence in Education},
	pages={60--74},
	year={2024},
	organization={Springer}
}

@inproceedings{hou2024codetailor,
	title={Codetailor: Llm-powered Personalized Parsons Puzzles for Engaging Support while Learning Programming},
	author={Hou, Xinying and Wu, Zihan and Wang, Xu and Ericson, Barbara J}

@inproceedings{kim2008meeting,
	title={Meeting mediator: enhancing group collaborationusing sociometric feedback},
	author={Kim, Taemie and Chang, Agnes and Holland, Lindsey and Pentland, Alex Sandy},
	booktitle={Proceedings of the ACM conference on Computer supported cooperative work},
	pages={457--466},
	year={2008}
}

@inproceedings{leinonen2023comparing,
	title={Comparing Code Explanations Created by Students and Large Language Models},
	author={Leinonen, Juho and Denny, Paul and MacNeil, Stephen and Sarsa, Sami and Bernstein, Seth and Kim, Joanne and Tran, Andrew and Hellas, Arto},
	booktitle={Proceedings of the Conference on Innovation and Technology in Computer Science Education},
	pages={124--130},
	year={2023}
}

@article{lewis2011pair,
	title={Is Pair Programming More Effective than Other Forms of Collaboration for Young Students?},
	author={Lewis, Colleen M},
	journal={Computer Science Education},
	volume={21},
	number={2},
	pages={105--134},
	year={2011},
	publisher={Taylor \& Francis}
}

@inproceedings{ma2022detecting,
	title={Detecting Impasse during Collaborative Problem Solving with Multimodal Learning Analytics},
	author={Ma, Yingbo and Celepkolu, Mehmet and Boyer, Kristy Elizabeth},
	booktitle={Proceedings of International Learning Analytics and Knowledge Conference},
	pages={45--55},
	year={2022}
}

@inproceedings{macneil2019ineqdetect,
	title={Ineqdetect: A visual analytics system to detect conversational inequality and support reflection during active learning},
	author={MacNeil, Stephen and Kiefer, Kyle and Thompson, Brian and Takle, Dev and Latulipe, Celine},
	booktitle={Proceedings of the ACM Conference on Global Computing Education},
	pages={85--91},
	year={2019}
}

@article{maguire2014enhancing,
	title={Enhancing Collaborative Learning using Pair Programming: Who Benefits?},
	author={Maguire, Phil and Maguire, Rebecca and Hyland, Philip and Marshall, Patrick},
	journal={AISHE-J: The All Ireland Journal of Teaching and Learning in Higher Education},
	volume={6},
	number={2},
	year={2014}
}

@article{mangaroska2022exploring,
	title={Exploring Students' Cognitive and Affective States during Problem Solving through Multimodal Data: Lessons Learned from a Programming Activity},
	author={Mangaroska, Katerina and Sharma, Kshitij and Ga{\v{s}}evi{\'c}, Dragan and Giannakos, Michail},
	journal={Journal of Computer Assisted Learning},
	volume={38},
	number={1},
	pages={40--59},
	year={2022},
	publisher={Wiley Online Library}
}

@inproceedings{mathew2020slacc,
	title={SLACC: Simion-based Language Agnostic Code Clones},
	author={Mathew, George and Parnin, Chris and Stolee, Kathryn T},
	booktitle={Proceedings of the ACM/IEEE 42nd International Conference on Software Engineering},
	pages={210--221},
	year={2020}
}

@inproceedings{mathew2021cross,
	title={Cross-language Code Search using Static and Dynamic Analyses},
	author={Mathew, George and Stolee, Kathryn T},
	booktitle={Proceedings of the ACM Joint Meeting on European Software Engineering Conference and Symposium on the Foundations of Software Engineering},
	pages={205--217},
	year={2021}
}

@article{ouyang2022applying,
	title={Applying Multimodal Learning Analytics to Examine the Immediate and Delayed Effects of Instructor Scaffoldings on Small Groupsâ€™ Collaborative Programming},
	author={Ouyang, Fan and Dai, Xinyu and Chen, Si},
	journal={International Journal of STEM Education},
	volume={9},
	number={1},
	pages={45},
	year={2022},
	publisher={Springer}
}

@inproceedings{park2018elicast,
	title={Elicast: Embedding Interactive Exercises in Instructional Programming Screencasts},
	author={Park, Jungkook and Park, Yeong Hoon and Kim, Jinhan and Cha, Jeongmin and Kim, Suin and Oh, Alice},
	booktitle={Proceedings of the Annual ACM Conference on Learning at Scale},
	pages={1--10},
	year={2018}
}

@article{rasul2023role,
	title={The Role of ChatGPT in Higher Education: Benefits, challenges, and Future Research Directions},
	author={Rasul, Tareq and Nair, Sumesh and Kalendra, Diane and Robin, Mulyadi and de Oliveira Santini, Fernando and Ladeira, Wagner Junior and Sun, Mingwei and Day, Ingrid and Rather, Raouf Ahmad and Heathcote, Liz},
	journal={Journal of Applied Learning and Teaching},
	volume={6},
	number={1},
	pages={41--56},
	year={2023}
}

@inproceedings{rosen2020towards,
	title={Towards Scalable Gamified Assessment in Support of Collaborative Problem-solving Competency Development in Online and Blended Learning},
	author={Rosen, Yigal and Stoeffler, Kristin and Yudelson, Michael and Simmering, Vanessa}

@inproceedings{sato2023groupnamics,
	title={Groupnamics: Designing an Interface for Overviewing and Managing Parallel Group Discussions in an Online Classroom},
	author={Sato, Arissa J and Sramek, Zefan and Yatani, Koji},
	booktitle={Proceedings of the CHI Conference on Human Factors in Computing Systems},
	pages={1--18},
	year={2023}
}

@inproceedings{shi2017ideawall,
	title={IdeaWall: Improving Creative Collaboration Through Combinatorial Visual Stimuli},
	author={Shi, Yang and Wang, Yang and Qi, Ye and Chen, John and Xu, Xiaoyao and Ma, Kwan-Liu},
	booktitle={Proceedings of the ACM Conference on Computer Supported Cooperative Work and Social Computing},
	pages={594--603},
	year={2017}
}

@article{shi2018meetingvis,
	title={Meetingvis: Visual Narratives to Assist in Recalling Meeting Context and Content},
	author={Shi, Yang and Bryan, Chris and Bhamidipati, Sridatt and Zhao, Ying and Zhang, Yaoxue and Ma, Kwan-Liu},
	journal={IEEE Transactions on Visualization and Computer Graphics},
	volume={24},
	number={6},
	pages={1918--1929},
	year={2018},
	publisher={IEEE}
}

@inproceedings{son2023okay,
	title={It is Okay to be Distracted: How Real-time Transcriptions Facilitate Online Meeting with Distraction},
	author={Son, Seoyun and Choi, Junyoug and Lee, Sunjae and Song, Jean Y and Shin, Insik},
	booktitle={Proceedings of the CHI Conference on Human Factors in Computing Systems},
	pages={1--19},
	year={2023}
}

@inproceedings{tang2024vizgroup,
  title={VizGroup: An AI-assisted Event-driven System for Collaborative Programming Learning Analytics},
  author={Tang, Xiaohang and Wong, Sam and Pu, Kevin and Chen, Xi and Yang, Yalong and Chen, Yan},
  booktitle={Proceedings of the 37th Annual ACM Symposium on User Interface Software and Technology},
  pages={1--22},
  year={2024}
}

@inproceedings{tausch2014groupgarden,
	title={Groupgarden: Supporting Brainstorming through a Metaphorical Group Mirror on Table or Wall},
	author={Tausch, Sarah and Hausen, Doris and Kosan, Ismail and Raltchev, Andrey and Hussmann, Heinrich},
	booktitle={Proceedings of the Nordic Conference on Human-Computer Interaction},
	pages={541--550},
	year={2014}
}

@inproceedings{wang2024meeting,
	title={Meeting Bridges: Designing Information Artifacts that Bridge from Synchronous Meetings to Asynchronous Collaboration},
	author={Wang, Ruotong and Qiu, Lin and Cranshaw, Justin and Zhang, Amy X},
	journal={Proceedings of the ACM on Human-Computer Interaction},
	volume={8},
	number={CSCW1},
	pages={1--29},
	year={2024},
	publisher={ACM New York, NY, USA}
}

@inproceedings{wang2024unveiling,
	title={Unveiling Synchrony of Learnersâ€™ Multimodal Data in Collaborative Maker Activities},
	author={Wang, Zuo and Ng, Jeremy Tzi Dong and Que, Ying and Hu, Xiao},
	booktitle={Proceedings of the Learning Analytics and Knowledge Conference},
	pages={922--928},
	year={2024}
}

@article{wu2019analysing,
	title={Analysing Computational Thinking in Collaborative Programming: A Quantitative Ethnography Approach},
	author={Wu, Bian and Hu, Yiling and Ruis, Andrew R and Wang, Minhong},
	journal={Journal of Computer Assisted Learning},
	volume={35},
	number={3},
	pages={421--434},
	year={2019},
	publisher={Wiley Online Library}
}

@inproceedings{yan2019pensieve,
	title={Pensieve: Feedback on Coding Process for Novices},
	author={Yan, Lisa and Hu, Annie and Piech, Chris},
	booktitle={Proceedings of the Acm Technical Symposium on Computer Science Education},
	pages={253--259},
	year={2019}
}

@article{yan2024evidence,
	title={Evidence-based Multimodal Learning Analytics for Feedback and Reflection in Collaborative Learning},
	author={Yan, Lixiang and Echeverria, Vanessa and Jin, Yueqiao and Fernandez-Nieto, Gloria and Zhao, Linxuan and Li, Xinyu and Alfredo, Riordan and Swiecki, Zachari and Ga{\v{s}}evi{\'c}, Dragan and Martinez-Maldonado, Roberto},
	journal={British Journal of Educational Technology},
	volume={55},
	number={5},
	pages={1900--1925},
	year={2024},
	publisher={Wiley Online Library}
}

@article{zhang2022towards,
  title={Towards a better understanding of the role of visualization in online learning: A review},
  author={Zhang, Gefei and Zhu, Zihao and Zhu, Sujia and Liang, Ronghua and Sun, Guodao},
  journal={Visual Informatics},
  volume={6},
  number={4},
  pages={22--33},
  year={2022},
  publisher={Elsevier}
}

@inproceedings{zhang2023runex,
	title={RunEx: Augmenting Regular-Expression Code Search with Runtime Values},
	author={Zhang, Ashley Ge and Chen, Yan and Oney, Steve},
	booktitle={Proceedings of IEEE Symposium on Visual Languages and Human-Centric Computing},
	pages={139--147},
	year={2023},
	organization={IEEE}
}

@inproceedings{zhang2023vizprog,
	title={VizProg: Identifying Misunderstandings by Visualizing Studentsâ€™ Coding Progress},
	author={Zhang, Ashley Ge and Chen, Yan and Oney, Steve},
	booktitle={Proceedings of the CHI Conference on Human Factors in Computing Systems},
	pages={1--16},
	year={2023}
}

@inproceedings{zhang2024cflow,
	title={CFlow: Supporting Semantic Flow Analysis of Students' Code in Programming Problems at Scale},
	author={Zhang, Ashley Ge and Tang, Xiaohang and Oney, Steve and Chen, Yan}

@article{zhou2024understanding,
	title={Understanding Undergraduatesâ€™ Computational Thinking Processes: Evidence from an Integrated Analysis of Discourse in Pair Programming},
	author={Zhou, Ruijie and Li, Yangyang and He, Xiuling and Jiang, Chunlian and Fang, Jing and Li, Yue},
	journal={Education and Information Technologies},
	pages={1--33},
	year={2024},
	publisher={Springer}
}

