@article{1992A,
  title={A method for registration for 3-D shapes},
  author={ Besl, Pj  and  Mckay, Nd },
  year={1992},
}

@inproceedings{2016Fast,
  title={Fast Global Registration},
  author={ Zhou, Qian Yi  and  Park, Jaesik  and  Koltun, Vladlen },
  booktitle={European Conference on Computer Vision},
  year={2016},
}

@article{20193DRegNet,
  title={3DRegNet: A Deep Neural Network for 3D Point Registration},
  author={ Pais, G. Dias  and  Ramalingam, Srikumar  and  Govindu, Venu Madhav  and  Nascimento, Jacinto C  and  Chellappa, Rama  and  Miraldo, Pedro },
  year={2019},
}

@article{2020Deep,
  title={Deep Global Registration},
  author={ Choy, Christopher  and  Dong, Wei  and  Koltun, Vladlen },
  journal={IEEE},
  year={2020},
}

@article{2021Deep,
  title={Deep Hough Voting for Robust Global Registration},
  author={ Lee, Junha  and  Kim, Seungwook  and  Cho, Minsu  and  Park, Jaesik },
  year={2021},
}

@article{2021PointDSC,
  title={PointDSC: Robust Point Cloud Registration using Deep Spatial Consistency},
  author={ Bai, Xuyang  and  Luo, Zixin  and  Zhou, Lei  and  Chen, Hongkai  and  Li, Lei  and  Hu, Zeyu  and  Fu, Hongbo  and  Tai, Chiew Lan },
  year={2021},
}

@inproceedings{barath2019progressive,
  title={Progressive-x: Efficient, anytime, multi-model fitting algorithm},
  author={Barath, Daniel and Matas, Jiri},
  booktitle={Proceedings of the IEEE/CVF international conference on computer vision},
  pages={3780--3788},
  year={2019}
}

@article{brynte2022tightness,
  title={On the tightness of semidefinite relaxations for rotation estimation},
  author={Brynte, Lucas and Larsson, Viktor and Iglesias, Jos{\'e} Pedro and Olsson, Carl and Kahl, Fredrik},
  journal={Journal of Mathematical Imaging and Vision},
  pages={1--11},
  year={2022},
  publisher={Springer}
}

@phdthesis{bustos2016robust,
  title={Robust Rotation Search in Computer Vision},
  author={Bustos, {\'A}lvaro Joaqu{\'\i}n Parra},
  year={2016},
  school={University of Adelaide, School of Computer Science}
}

@inproceedings{chen2022detarnet,
  title={Detarnet: Decoupling translation and rotation by siamese network for point cloud registration},
  author={Chen, Zhi and Yang, Fan and Tao, Wenbing},
  booktitle={Proceedings of the AAAI Conference on Artificial Intelligence},
  volume={36},
  number={1},
  pages={401--409},
  year={2022}
}

@book{chin2022maximum,
  title={The maximum consensus problem: recent algorithmic advances},
  author={Chin, Tat-Jun and Suter, David},
  year={2022},
  publisher={Springer Nature}
}

@article{fischler1981random,
  title={Random sample consensus: a paradigm for model fitting with applications to image analysis and automated cartography},
  author={Fischler, Martin A and Bolles, Robert C},
  journal={Communications of the ACM},
  volume={24},
  number={6},
  pages={381--395},
  year={1981},
  publisher={ACM New York, NY, USA}
}

@inproceedings{kluger2020consac,
  title={Consac: Robust multi-model fitting by conditional sample consensus},
  author={Kluger, Florian and Brachmann, Eric and Ackermann, Hanno and Rother, Carsten and Yang, Michael Ying and Rosenhahn, Bodo},
  booktitle={Proceedings of the IEEE/CVF conference on computer vision and pattern recognition},
  pages={4634--4643},
  year={2020}
}

@inproceedings{magri2014t,
  title={T-linkage: A continuous relaxation of j-linkage for multi-model fitting},
  author={Magri, Luca and Fusiello, Andrea},
  booktitle={Proceedings of the IEEE conference on computer vision and pattern recognition},
  pages={3954--3961},
  year={2014}
}

@inproceedings{maken2019speeding,
  title={Speeding up iterative closest point using stochastic gradient descent},
  author={Maken, Fahira Afzal and Ramos, Fabio and Ott, Lionel},
  booktitle={2019 International Conference on Robotics and Automation (ICRA)},
  pages={6395--6401},
  year={2019},
  organization={IEEE}
}

@inproceedings{nuchter2005heuristic,
  title={Heuristic-based laser scan matching for outdoor 6D SLAM},
  author={N{\"u}chter, Andreas and Lingemann, Kai and Hertzberg, Joachim and Surmann, Hartmut},
  booktitle={Annual Conference on Artificial Intelligence},
  pages={304--319},
  year={2005},
  organization={Springer}
}

@inproceedings{peng2022arcs,
  title={Arcs: Accurate rotation and correspondence search},
  author={Peng, Liangzu and Tsakiris, Manolis C and Vidal, Ren{\'e}},
  booktitle={Proceedings of the IEEE/CVF Conference on Computer Vision and Pattern Recognition},
  pages={11153--11163},
  year={2022}
}

@inproceedings{qi2019deep,
  title={Deep hough voting for 3d object detection in point clouds},
  author={Qi, Charles R and Litany, Or and He, Kaiming and Guibas, Leonidas J},
  booktitle={proceedings of the IEEE/CVF International Conference on Computer Vision},
  pages={9277--9286},
  year={2019}
}

@misc{wright2006numerical,
  title={Numerical optimization},
  author={Wright, Stephen J},
  year={2006}
}

@inproceedings{yi2018learning,
  title={Learning to find good correspondences},
  author={Yi, Kwang Moo and Trulls, Eduard and Ono, Yuki and Lepetit, Vincent and Salzmann, Mathieu and Fua, Pascal},
  booktitle={Proceedings of the IEEE conference on computer vision and pattern recognition},
  pages={2666--2674},
  year={2018}
}

@inproceedings{zuliani2005multiransac,
  title={The multiransac algorithm and its application to detect planar homographies},
  author={Zuliani, Marco and Kenney, Charles S and Manjunath, BS},
  booktitle={IEEE International Conference on Image Processing 2005},
  volume={3},
  pages={III--153},
  year={2005},
  organization={IEEE}
}

