@misc{wilkins2017mobius,
  title={M{\"o}bius transformations and stereographic projection},
  author={Wilkins, David R},
  year={2017}
}
@phdthesis{liu2022globallyphd,
  title={Globally Optimal Solutions for Unit-Norm Constrained Computer Vision Problems},
  author={Liu, Yinlong},
  year={2022},
  school={Technische Universit{\"a}t M{\"u}nchen}
}
@article{yang2020teaser,
  title={Teaser: Fast and certifiable point cloud registration},
  author={Yang, Heng and Shi, Jingnan and Carlone, Luca},
  journal={IEEE Transactions on Robotics},
  volume={37},
  number={2},
  pages={314--333},
  year={2020},
  publisher={IEEE}
}
@inproceedings{peng2022arcs,
  title={Arcs: Accurate rotation and correspondence search},
  author={Peng, Liangzu and Tsakiris, Manolis C and Vidal, Ren{\'e}},
  booktitle={Proceedings of the IEEE/CVF Conference on Computer Vision and Pattern Recognition},
  pages={11153--11163},
  year={2022}
}
@inproceedings{farina2023quantum,
  title={Quantum multi-model fitting},
  author={Farina, Matteo and Magri, Luca and Menapace, Willi and Ricci, Elisa and Golyanik, Vladislav and Arrigoni, Federica},
  booktitle={Proceedings of the IEEE/CVF Conference on Computer Vision and Pattern Recognition},
  pages={13640--13649},
  year={2023}
}
@article{2019Deep,
  title={Deep Closest Point: Learning Representations for Point Cloud Registration},
  author={ Wang, Yue  and  Solomon, Justin M. },
  year={2019},
}
@article{2019PointNetLK,
  title={PointNetLK: Robust \& Efficient Point Cloud Registration using PointNet},
  author={ Aoki, Yasuhiro  and  Goforth, Hunter  and  Srivatsan, Rangaprasad Arun  and  Lucey, Simon },
  year={2019},
}
@article{20193DRegNet,
  title={3DRegNet: A Deep Neural Network for 3D Point Registration},
  author={ Pais, G. Dias  and  Ramalingam, Srikumar  and  Govindu, Venu Madhav  and  Nascimento, Jacinto C  and  Chellappa, Rama  and  Miraldo, Pedro },
  year={2019},
}
@article{2020Deep,
  title={Deep Global Registration},
  author={ Choy, Christopher  and  Dong, Wei  and  Koltun, Vladlen },
  journal={IEEE},
  year={2020},
}
@article{2021Deep,
  title={Deep Hough Voting for Robust Global Registration},
  author={ Lee, Junha  and  Kim, Seungwook  and  Cho, Minsu  and  Park, Jaesik },
  year={2021},
}
@article{2021PointDSC,
  title={PointDSC: Robust Point Cloud Registration using Deep Spatial Consistency},
  author={ Bai, Xuyang  and  Luo, Zixin  and  Zhou, Lei  and  Chen, Hongkai  and  Li, Lei  and  Hu, Zeyu  and  Fu, Hongbo  and  Tai, Chiew Lan },
  year={2021},
}
@inproceedings{Leordeanu2005A,
  title={A spectral technique for correspondence problems using pairwise constraints},
  author={Leordeanu and M. and Hebert and M.},
  booktitle={Computer Vision, 2005. ICCV 2005. Tenth IEEE International Conference on},
  year={2005},
}
@article{1992A,
  title={A method for registration for 3-D shapes},
  author={ Besl, Pj  and  Mckay, Nd },
  year={1992},
}
@inproceedings{2016Fast,
  title={Fast Global Registration},
  author={ Zhou, Qian Yi  and  Park, Jaesik  and  Koltun, Vladlen },
  booktitle={European Conference on Computer Vision},
  year={2016},
}
@article{2021TEASER,
  title={TEASER: Fast and Certifiable Point Cloud Registration},
  author={ Yang, Heng  and  Shi, Jingnan  and  Carlone, Luca },
  journal={IEEE},
  number={2},
  year={2021},
}
@INPROCEEDINGS{8578802,
  author={Barath, Daniel and Matas, Jiri},
  booktitle={2018 IEEE/CVF Conference on Computer Vision and Pattern Recognition}, 
  title={Graph-Cut RANSAC}, 
  year={2018},
  volume={},
  number={},
  pages={6733-6741},
  keywords={Computational modeling;Optimization;Spatial coherence;Labeling;Standards;Minimization;Data models},
  doi={10.1109/CVPR.2018.00704}}
@article{1987Random,
  title={Random Sample Consensus: A Paradigm for Model Fitting with Applications to Image Analysis and Automated Cartography - ScienceDirect},
  author={ Fischler, Martin A.  and  Bolles, Robert C. },
  journal={Readings in Computer Vision},
  pages={726-740},
  year={1987},
}
@inproceedings{avola2016practical,
  title={A practical framework for the development of augmented reality applications by using ArUco markers},
  author={Avola, Danilo and Cinque, Luigi and Foresti, Gian Luca and Mercuri, Cristina and Pannone, Daniele},
  booktitle={International Conference on Pattern Recognition Applications and Methods},
  volume={2},
  pages={645--654},
  year={2016},
  organization={SciTePress}
}
@article{10.1145/358669.358692,
author = {Fischler, Martin A. and Bolles, Robert C.},
title = {Random sample consensus: a paradigm for model fitting with applications to image analysis and automated cartography},
year = {1981},
issue_date = {June 1981},
publisher = {Association for Computing Machinery},
address = {New York, NY, USA},
volume = {24},
number = {6},
issn = {0001-0782},
url = {https://doi.org/10.1145/358669.358692},
doi = {10.1145/358669.358692},
journal = {Commun. ACM},
month = {jun},
pages = {381–395},
numpages = {15},
keywords = {scene analysis, model fitting, location determination, image matching, camera calibration, automated cartography}
}
@article{2020Compatibility,
  title={Compatibility-Guided Sampling Consensus for 3-D Point Cloud Registration},
  author={ Quan, Siwen  and  Yang, Jiaqi },
  journal={IEEE Transactions on Geoscience and Remote Sensing},
  volume={PP},
  number={99},
  pages={1-13},
  year={2020},
}
@article{liu2023absolute,
  title={Absolute pose estimation with a known direction by motion decoupling},
  author={Liu, Yinlong and Chen, Guang and Knoll, Alois},
  journal={IEEE Transactions on Circuits and Systems for Video Technology},
  year={2023},
  publisher={IEEE}
}

@INPROCEEDINGS{9878510,
  author={Chen, Zhi and Sun, Kun and Yang, Fan and Tao, Wenbing},
  booktitle={2022 IEEE/CVF Conference on Computer Vision and Pattern Recognition (CVPR)}, 
  title={SC2-PCR: A Second Order Spatial Compatibility for Efficient and Robust Point Cloud Registration}, 
  year={2022},
  volume={},
  number={},
  pages={13211-13221},
  doi={10.1109/CVPR52688.2022.01287}}
@inproceedings{parra2014fast,
  title={Fast rotation search with stereographic projections for 3D registration},
  author={Parra Bustos, Alvaro and Chin, Tat-Jun and Suter, David},
  booktitle={Proceedings of the IEEE conference on computer vision and pattern recognition},
  pages={3930--3937},
  year={2014}
}
@article{zhao2022graphreg,
  title={GraphReg: dynamical point cloud registration with geometry-aware graph signal processing},
  author={Zhao, Mingyang and Ma, Lei and Jia, Xiaohong and Yan, Dong-Ming and Huang, Tiejun},
  journal={IEEE Transactions on Image Processing},
  volume={31},
  pages={7449--7464},
  year={2022},
  publisher={IEEE}
}
@article{schmitt2013estimation,
  title={Estimation of the absolute camera pose for environment recognition of industrial robotics},
  author={Schmitt, Robert and Cai, Yu and Jatzkowski, Philipp},
  journal={Production Engineering},
  volume={7},
  pages={91--100},
  year={2013},
  publisher={Springer}
}
@article{du2021vision,
  title={Vision-based robotic grasping from object localization, object pose estimation to grasp estimation for parallel grippers: a review},
  author={Du, Guoguang and Wang, Kai and Lian, Shiguo and Zhao, Kaiyong},
  journal={Artificial Intelligence Review},
  volume={54},
  number={3},
  pages={1677--1734},
  year={2021},
  publisher={Springer}
}
@article{maron2016point,
  title={Point registration via efficient convex relaxation},
  author={Maron, Haggai and Dym, Nadav and Kezurer, Itay and Kovalsky, Shahar and Lipman, Yaron},
  journal={ACM Transactions on Graphics (TOG)},
  volume={35},
  number={4},
  pages={1--12},
  year={2016},
  publisher={ACM New York, NY, USA}
}
@article{markley2013equivalence,
  title={Equivalence of two solutions of Wahba’s problem},
  author={Markley, F Landis},
  journal={The Journal of the Astronautical Sciences},
  volume={60},
  pages={303--312},
  year={2013},
  publisher={Springer}
}
@article{chng2023rosia,
  title={ROSIA: Rotation-Search-Based Star Identification Algorithm},
  author={Chng, Chee-Kheng and Bustos, Alvaro Parra and McCarthy, Benjamin and Chin, Tat-Jun},
  journal={IEEE Transactions on Aerospace and Electronic Systems},
  year={2023},
  publisher={IEEE}
}
@article{huang2021comprehensive,
  title={A comprehensive survey on point cloud registration},
  author={Huang, Xiaoshui and Mei, Guofeng and Zhang, Jian and Abbas, Rana},
  journal={arXiv preprint arXiv:2103.02690},
  year={2021}
}
@inproceedings{kluger2020consac,
  title={Consac: Robust multi-model fitting by conditional sample consensus},
  author={Kluger, Florian and Brachmann, Eric and Ackermann, Hanno and Rother, Carsten and Yang, Michael Ying and Rosenhahn, Bodo},
  booktitle={Proceedings of the IEEE/CVF conference on computer vision and pattern recognition},
  pages={4634--4643},
  year={2020}
}
@inproceedings{parra2015guaranteed,
  title={Guaranteed outlier removal for rotation search},
  author={Parra Bustos, Alvaro and Chin, Tat-Jun},
  booktitle={Proceedings of the IEEE International Conference on Computer Vision},
  pages={2165--2173},
  year={2015}
}
@article{xing2024efficient,
  title={Efficient Single Correspondence Voting for Point Cloud Registration},
  author={Xing, Xuejun and Lu, Zhengda and Wang, Yiqun and Xiao, Jun},
  journal={IEEE Transactions on Image Processing},
  year={2024},
  publisher={IEEE}
}
@book{chin2022maximum,
  title={The maximum consensus problem: recent algorithmic advances},
  author={Chin, Tat-Jun and Suter, David},
  year={2022},
  publisher={Springer Nature}
}
@article{olsson2008branch,
  title={Branch-and-bound methods for euclidean registration problems},
  author={Olsson, Carl and Kahl, Fredrik and Oskarsson, Magnus},
  journal={IEEE Transactions on Pattern Analysis and Machine Intelligence},
  volume={31},
  number={5},
  pages={783--794},
  year={2008},
  publisher={IEEE}
}
@phdthesis{viklands2006algorithms,
  title={Algorithms for the weighted orthogonal procrustes problem and other least squares problems},
  author={Viklands, Thomas},
  year={2006},
  school={Datavetenskap}
}
@article{bjorck1990least,
  title={Least squares methods},
  author={Bj{\"o}rck, {\AA}ke},
  journal={Handbook of numerical analysis},
  volume={1},
  pages={465--652},
  year={1990},
  publisher={Elsevier}
}
@inproceedings{bazin2013globally,
  title={Globally optimal consensus set maximization through rotation search},
  author={Bazin, Jean-Charles and Seo, Yongduek and Pollefeys, Marc},
  booktitle={Computer Vision--ACCV 2012: 11th Asian Conference on Computer Vision, Daejeon, Korea, November 5-9, 2012, Revised Selected Papers, Part II 11},
  pages={539--551},
  year={2013},
  organization={Springer}
}
@phdthesis{bustos2016robust,
  title={Robust Rotation Search in Computer Vision},
  author={Bustos, {\'A}lvaro Joaqu{\'\i}n Parra},
  year={2016},
  school={University of Adelaide, School of Computer Science}
}
@article{brynte2022tightness,
  title={On the tightness of semidefinite relaxations for rotation estimation},
  author={Brynte, Lucas and Larsson, Viktor and Iglesias, Jos{\'e} Pedro and Olsson, Carl and Kahl, Fredrik},
  journal={Journal of Mathematical Imaging and Vision},
  pages={1--11},
  year={2022},
  publisher={Springer}
}
@inproceedings{maken2019speeding,
  title={Speeding up iterative closest point using stochastic gradient descent},
  author={Maken, Fahira Afzal and Ramos, Fabio and Ott, Lionel},
  booktitle={2019 International Conference on Robotics and Automation (ICRA)},
  pages={6395--6401},
  year={2019},
  organization={IEEE}
}
@inproceedings{nuchter2005heuristic,
  title={Heuristic-based laser scan matching for outdoor 6D SLAM},
  author={N{\"u}chter, Andreas and Lingemann, Kai and Hertzberg, Joachim and Surmann, Hartmut},
  booktitle={Annual Conference on Artificial Intelligence},
  pages={304--319},
  year={2005},
  organization={Springer}
}
@article{rossi2015parallel,
  title={Parallel maximum clique algorithms with applications to network analysis},
  author={Rossi, Ryan A and Gleich, David F and Gebremedhin, Assefaw H},
  journal={SIAM Journal on Scientific Computing},
  volume={37},
  number={5},
  pages={C589--C616},
  year={2015},
  publisher={SIAM}
}
 @article{yang2015go,
  title={Go-ICP: A globally optimal solution to 3D ICP point-set registration},
  author={Yang, Jiaolong and Li, Hongdong and Campbell, Dylan and Jia, Yunde},
  journal={IEEE transactions on pattern analysis and machine intelligence},
  volume={38},
  number={11},
  pages={2241--2254},
  year={2015},
  publisher={IEEE}
}
@article{wu2013comparative,
  title={A Comparative Study of SIFT and its Variants},
  author={Wu, Jian and Cui, Zhiming and Sheng, Victor S and Zhao, Pengpeng and Su, Dongliang and Gong, Shengrong},
  journal={Measurement science review},
  volume={13},
  number={3},
  pages={122--131},
  year={2013}
}
@article{bay2008speeded,
  title={Speeded-up robust features (SURF)},
  author={Bay, Herbert and Ess, Andreas and Tuytelaars, Tinne and Van Gool, Luc},
  journal={Computer vision and image understanding},
  volume={110},
  number={3},
  pages={346--359},
  year={2008},
  publisher={Elsevier}
}
@inproceedings{cheguini2012real,
  title={Real-time attitude estimation based on Gradient Descent algorithm},
  author={Cheguini, Mazeyar and Ruiz, Fredy},
  booktitle={2012 IEEE 4th Colombian Workshop on Circuits and Systems (CWCAS)},
  pages={1--6},
  year={2012},
  organization={IEEE}
}
@inproceedings{carlone2015initialization,
  title={Initialization techniques for 3D SLAM: A survey on rotation estimation and its use in pose graph optimization},
  author={Carlone, Luca and Tron, Roberto and Daniilidis, Kostas and Dellaert, Frank},
  booktitle={2015 IEEE international conference on robotics and automation (ICRA)},
  pages={4597--4604},
  year={2015},
  organization={IEEE}
}
@misc{wright2006numerical,
  title={Numerical optimization},
  author={Wright, Stephen J},
  year={2006}
}
@book{boyd2004convex,
  title={Convex optimization},
  author={Boyd, Stephen P and Vandenberghe, Lieven},
  year={2004},
  publisher={Cambridge university press}
}
@article{dorigo2006ant,
  title={Ant colony optimization},
  author={Dorigo, Marco and Birattari, Mauro and Stutzle, Thomas},
  journal={IEEE computational intelligence magazine},
  volume={1},
  number={4},
  pages={28--39},
  year={2006},
  publisher={IEEE}
}
@book{feoktistov2006differential,
  title={Differential evolution},
  author={Feoktistov, Vitaliy},
  year={2006},
  publisher={Springer}
}
@book{kruse2011computational,
  title={Computational intelligence},
  author={Kruse, Rudolf and Borgelt, Christian and Braune, Christian and Mostaghim, Sanaz and Steinbrecher, Matthias and Klawonn, Frank and Moewes, Christian},
  year={2011},
  publisher={Springer}
}
@article{zhang1994iterative,
  title={Iterative point matching for registration of free-form curves and surfaces},
  author={Zhang, Zhengyou},
  journal={International journal of computer vision},
  volume={13},
  number={2},
  pages={119--152},
  year={1994},
  publisher={Springer}
}
@inproceedings{campbell2016gogma,
  title={Gogma: Globally-optimal gaussian mixture alignment},
  author={Campbell, Dylan and Petersson, Lars},
  booktitle={Proceedings of the IEEE conference on computer vision and pattern recognition},
  pages={5685--5694},
  year={2016}
}
@article{blum2003metaheuristics,
  title={Metaheuristics in combinatorial optimization: Overview and conceptual comparison},
  author={Blum, Christian and Roli, Andrea},
  journal={ACM computing surveys (CSUR)},
  volume={35},
  number={3},
  pages={268--308},
  year={2003},
  publisher={Acm New York, NY, USA}
}
@book{horst2000introduction,
  title={Introduction to global optimization},
  author={Horst, Reiner and Pardalos, Panos M and Van Thoai, Nguyen},
  year={2000},
  publisher={Springer Science \& Business Media}
}
@book{kearfott2013rigorous,
  title={Rigorous global search: continuous problems},
  author={Kearfott, R Baker},
  volume={13},
  year={2013},
  publisher={Springer Science \& Business Media}
}
@article{breuel2003implementation,
  title={Implementation techniques for geometric branch-and-bound matching methods},
  author={Breuel, Thomas M},
  journal={Computer Vision and Image Understanding},
  volume={90},
  number={3},
  pages={258--294},
  year={2003},
  publisher={Elsevier}
}
@inproceedings{matas2005randomized,
  title={Randomized RANSAC with sequential probability ratio test},
  author={Matas, Jiri and Chum, Ondrej},
  booktitle={Tenth IEEE International Conference on Computer Vision (ICCV'05) Volume 1},
  volume={2},
  pages={1727--1732},
  year={2005},
  organization={IEEE}
}
@inproceedings{vincent2001detecting,
  title={Detecting planar homographies in an image pair},
  author={Vincent, Etienne and Lagani{\'e}re, Robert},
  booktitle={ISPA 2001. Proceedings of the 2nd International Symposium on Image and Signal Processing and Analysis. In conjunction with 23rd International Conference on Information Technology Interfaces (IEEE Cat.},
  pages={182--187},
  year={2001},
  organization={IEEE}
}
@article{torr1998geometric,
  title={Geometric motion segmentation and model selection},
  author={Torr, Philip HS},
  journal={Philosophical Transactions of the Royal Society of London. Series A: Mathematical, Physical and Engineering Sciences},
  volume={356},
  number={1740},
  pages={1321--1340},
  year={1998},
  publisher={The Royal Society}
}
@inproceedings{zuliani2005multiransac,
  title={The multiransac algorithm and its application to detect planar homographies},
  author={Zuliani, Marco and Kenney, Charles S and Manjunath, BS},
  booktitle={IEEE International Conference on Image Processing 2005},
  volume={3},
  pages={III--153},
  year={2005},
  organization={IEEE}
}
@inproceedings{magri2014t,
  title={T-linkage: A continuous relaxation of j-linkage for multi-model fitting},
  author={Magri, Luca and Fusiello, Andrea},
  booktitle={Proceedings of the IEEE conference on computer vision and pattern recognition},
  pages={3954--3961},
  year={2014}
}
@inproceedings{toldo2008robust,
  title={Robust multiple structures estimation with j-linkage},
  author={Toldo, Roberto and Fusiello, Andrea},
  booktitle={Computer Vision--ECCV 2008: 10th European Conference on Computer Vision, Marseille, France, October 12-18, 2008, Proceedings, Part I 10},
  pages={537--547},
  year={2008},
  organization={Springer}
}
@inproceedings{chin2009robust,
  title={Robust fitting of multiple structures: The statistical learning approach},
  author={Chin, Tat-Jun and Wang, Hanzi and Suter, David},
  booktitle={2009 IEEE 12th International Conference on Computer Vision},
  pages={413--420},
  year={2009},
  organization={IEEE}
}
@inproceedings{chin2010multi,
  title={Multi-structure model selection via kernel optimisation},
  author={Chin, Tat-Jun and Suter, David and Wang, Hanzi},
  booktitle={2010 IEEE computer society conference on computer vision and pattern recognition},
  pages={3586--3593},
  year={2010},
  organization={IEEE}
}
@inproceedings{magri2016multiple,
  title={Multiple model fitting as a set coverage problem},
  author={Magri, Luca and Fusiello, Andrea},
  booktitle={Proceedings of the IEEE conference on computer vision and pattern recognition},
  pages={3318--3326},
  year={2016}
}
@article{isack2012energy,
  title={Energy-based geometric multi-model fitting},
  author={Isack, Hossam and Boykov, Yuri},
  journal={International journal of computer vision},
  volume={97},
  number={2},
  pages={123--147},
  year={2012},
  publisher={Springer}
}
@inproceedings{barath2019progressive,
  title={Progressive-x: Efficient, anytime, multi-model fitting algorithm},
  author={Barath, Daniel and Matas, Jiri},
  booktitle={Proceedings of the IEEE/CVF international conference on computer vision},
  pages={3780--3788},
  year={2019}
}
@article{wang2017sigvox,
  title={SigVox--A 3D feature matching algorithm for automatic street object recognition in mobile laser scanning point clouds},
  author={Wang, Jinhu and Lindenbergh, Roderik and Menenti, Massimo},
  journal={ISPRS Journal of Photogrammetry and Remote Sensing},
  volume={128},
  pages={111--129},
  year={2017},
  publisher={Elsevier}
}
@article{guo2013rotational,
  title={Rotational projection statistics for 3D local surface description and object recognition},
  author={Guo, Yulan and Sohel, Ferdous and Bennamoun, Mohammed and Lu, Min and Wan, Jianwei},
  journal={International journal of computer vision},
  volume={105},
  pages={63--86},
  year={2013},
  publisher={Springer}
}
@article{salti2014shot,
  title={SHOT: Unique signatures of histograms for surface and texture description},
  author={Salti, Samuele and Tombari, Federico and Di Stefano, Luigi},
  journal={Computer Vision and Image Understanding},
  volume={125},
  pages={251--264},
  year={2014},
  publisher={Elsevier}
}
@article{arun1987least,
  title={Least-squares fitting of two 3-D point sets},
  author={Arun, K Somani and Huang, Thomas S and Blostein, Steven D},
  journal={IEEE Transactions on pattern analysis and machine intelligence},
  number={5},
  pages={698--700},
  year={1987},
  publisher={IEEE}
}
@article{oomori2016point,
  title={Point cloud matching using singular value decomposition},
  author={Oomori, Shinji and Nishida, Takeshi and Kurogi, Shuichi},
  journal={Artificial Life and Robotics},
  volume={21},
  pages={149--154},
  year={2016},
  publisher={Springer}
}
@article{bustos2017guaranteed,
  title={Guaranteed outlier removal for point cloud registration with correspondences},
  author={Bustos, Alvaro Parra and Chin, Tat-Jun},
  journal={IEEE transactions on pattern analysis and machine intelligence},
  volume={40},
  number={12},
  pages={2868--2882},
  year={2017},
  publisher={IEEE}
}
@inproceedings{rusu2009fast,
  title={Fast point feature histograms (FPFH) for 3D registration},
  author={Rusu, Radu Bogdan and Blodow, Nico and Beetz, Michael},
  booktitle={2009 IEEE international conference on robotics and automation},
  pages={3212--3217},
  year={2009},
  organization={IEEE}
}
@inproceedings{choy2019fully,
  title={Fully convolutional geometric features},
  author={Choy, Christopher and Park, Jaesik and Koltun, Vladlen},
  booktitle={Proceedings of the IEEE/CVF international conference on computer vision},
  pages={8958--8966},
  year={2019}
}
@inproceedings{zeng20173dmatch,
  title={3dmatch: Learning local geometric descriptors from rgb-d reconstructions},
  author={Zeng, Andy and Song, Shuran and Nie{\ss}ner, Matthias and Fisher, Matthew and Xiao, Jianxiong and Funkhouser, Thomas},
  booktitle={Proceedings of the IEEE conference on computer vision and pattern recognition},
  pages={1802--1811},
  year={2017}
}
@inproceedings{geiger2012we,
  title={Are we ready for autonomous driving? the kitti vision benchmark suite},
  author={Geiger, Andreas and Lenz, Philip and Urtasun, Raquel},
  booktitle={2012 IEEE conference on computer vision and pattern recognition},
  pages={3354--3361},
  year={2012},
  organization={IEEE}
}
@book{szeliski2022computer,
  title={Computer vision: algorithms and applications},
  author={Szeliski, Richard},
  year={2022},
  publisher={Springer Nature}
}
@inproceedings{yi2018learning,
  title={Learning to find good correspondences},
  author={Yi, Kwang Moo and Trulls, Eduard and Ono, Yuki and Lepetit, Vincent and Salzmann, Mathieu and Fua, Pascal},
  booktitle={Proceedings of the IEEE conference on computer vision and pattern recognition},
  pages={2666--2674},
  year={2018}
}
@inproceedings{chen2022detarnet,
  title={Detarnet: Decoupling translation and rotation by siamese network for point cloud registration},
  author={Chen, Zhi and Yang, Fan and Tao, Wenbing},
  booktitle={Proceedings of the AAAI Conference on Artificial Intelligence},
  volume={36},
  number={1},
  pages={401--409},
  year={2022}
}
@inproceedings{qi2019deep,
  title={Deep hough voting for 3d object detection in point clouds},
  author={Qi, Charles R and Litany, Or and He, Kaiming and Guibas, Leonidas J},
  booktitle={proceedings of the IEEE/CVF International Conference on Computer Vision},
  pages={9277--9286},
  year={2019}
}
@article{fischler1981random,
  title={Random sample consensus: a paradigm for model fitting with applications to image analysis and automated cartography},
  author={Fischler, Martin A and Bolles, Robert C},
  journal={Communications of the ACM},
  volume={24},
  number={6},
  pages={381--395},
  year={1981},
  publisher={ACM New York, NY, USA}
}

@article{bustos2016fast,
  title={Fast Rotation Search with Stereographic Projections for 3D Registration},
  author={Bustos, Alvaro Parra and Chin, Tat-Jun and Eriksson, Anders and Li, Hongdong and Suter, David},
  journal={IEEE transactions on pattern analysis and machine intelligence},
  volume={38},
  number={11},
  pages={2227--2240},
  year={2016}
}
@article{bernreiter2021phaser,
  title={PHASER: A robust and correspondence-free global pointcloud registration},
  author={Bernreiter, Lukas and Ott, Lionel and Nieto, Juan and Siegwart, Roland and Cadena, Cesar},
  journal={IEEE Robotics and Automation Letters},
  volume={6},
  number={2},
  pages={855--862},
  year={2021},
  publisher={IEEE}
}
@article{jin2024multi,
  title={Multi-model 3d registration: Finding multiple moving objects in cluttered point clouds},
  author={Jin, David and Karmalkar, Sushrut and Zhang, Harry and Carlone, Luca},
  journal={arXiv preprint arXiv:2402.10865},
  year={2024}
}
@online{Li:Math2220Notes,
  author = {Boyang Li},
  title = {Math 2220 Notes: Section 2.1},
  url = {https://pi.math.cornell.edu/~boyang/2220%20s2017/math2220_notes/notes_sec_2.1.pdf},
  year = {2017},
}
