@inproceedings{FuCVPR18-DORN,
  TITLE = {{Deep Ordinal Regression Network for Monocular Depth Estimation}},
  AUTHOR = {Fu, Huan and Gong, Mingming and Wang, Chaohui and Batmanghelich, Kayhan and Tao, Dacheng},
  BOOKTITLE = {{IEEE Conference on Computer Vision and Pattern Recognition (CVPR)}},
  YEAR = {2018}
}

@InProceedings{Marigold,
      title={Repurposing Diffusion-Based Image Generators for Monocular Depth Estimation},
      author={Bingxin Ke and Anton Obukhov and Shengyu Huang and Nando Metzger and Rodrigo Caye Daudt and Konrad Schindler},
      booktitle = {Proceedings of the IEEE/CVF Conference on Computer Vision and Pattern Recognition (CVPR)},
      year={2024}
}

@article{MiDaSv3.1,
      title={MiDaS v3.1 -- A Model Zoo for Robust Monocular Relative Depth Estimation},
      author={Reiner Birkl and Diana Wofk and Matthias M{\"u}ller},
      journal={arXiv preprint arXiv:2307.14460},
      year={2023}
}

@inproceedings{beit,
title={{BEiT}: {BERT} Pre-Training of Image Transformers},
author={Hangbo Bao and Li Dong and Songhao Piao and Furu Wei},
booktitle={International Conference on Learning Representations},
year={2022},
url={https://openreview.net/forum?id=p-BhZSz59o4}
}

@inproceedings{bhat2021adabins,
  title={Adabins: Depth estimation using adaptive bins},
  author={Bhat, Shariq Farooq and Alhashim, Ibraheem and Wonka, Peter},
  booktitle={Proceedings of the IEEE/CVF conference on computer vision and pattern recognition},
  pages={4009--4018},
  year={2021}
}

@inproceedings{bhat2022localbins,
  title={Localbins: Improving depth estimation by learning local distributions},
  author={Bhat, Shariq Farooq and Alhashim, Ibraheem and Wonka, Peter},
  booktitle={European Conference on Computer Vision},
  pages={480--496},
  year={2022},
  organization={Springer}
}

@article{bhat2023zoedepth,
  title={Zoedepth: Zero-shot transfer by combining relative and metric depth},
  author={Bhat, Shariq Farooq and Birkl, Reiner and Wofk, Diana and Wonka, Peter and M{\"u}ller, Matthias},
  journal={arXiv preprint arXiv:2302.12288},
  year={2023}
}

@inproceedings{depth_anything_v1,
  title={Depth Anything: Unleashing the Power of Large-Scale Unlabeled Data}, 
  author={Yang, Lihe and Kang, Bingyi and Huang, Zilong and Xu, Xiaogang and Feng, Jiashi and Zhao, Hengshuang},
  booktitle={CVPR},
  year={2024}
}

@article{depth_anything_v2,
  title={Depth Anything V2},
  author={Yang, Lihe and Kang, Bingyi and Huang, Zilong and Zhao, Zhen and Xu, Xiaogang and Feng, Jiashi and Zhao, Hengshuang},
  journal={arXiv:2406.09414},
  year={2024}
}

@article{dosovitskiy2020vit,
  title={An Image is Worth 16x16 Words: Transformers for Image Recognition at Scale},
  author={Dosovitskiy, Alexey and Beyer, Lucas and Kolesnikov, Alexander and Weissenborn, Dirk and Zhai, Xiaohua and Unterthiner, Thomas and  Dehghani, Mostafa and Minderer, Matthias and Heigold, Georg and Gelly, Sylvain and Uszkoreit, Jakob and Houlsby, Neil},
  journal={ICLR},
  year={2021}
}

@article{dpt,
author = {Ren\'{e} Ranftl and Alexey Bochkovskiy and Vladlen Koltun},
title = {Vision Transformers for Dense Prediction},
journal = {ICCV},
year = {2021},
}

@article{hu2024metric3dv2,
  title={Metric3D v2: A Versatile Monocular Geometric Foundation Model for Zero-shot Metric Depth and Surface Normal Estimation},
  author={Hu, Mu and Yin, Wei and Zhang, Chi and Cai, Zhipeng and Long, Xiaoxiao and Chen, Hao and Wang, Kaixuan and Yu, Gang and Shen, Chunhua and Shen, Shaojie},
  journal={arXiv preprint arXiv:2404.15506},
  year={2024}
}

@inproceedings{liu2021Swin,
  title={Swin Transformer: Hierarchical Vision Transformer using Shifted Windows},
  author={Liu, Ze and Lin, Yutong and Cao, Yue and Hu, Han and Wei, Yixuan and Zhang, Zheng and Lin, Stephen and Guo, Baining},
  booktitle={Proceedings of the IEEE/CVF International Conference on Computer Vision (ICCV)},
  year={2021}
}

@inproceedings{liu2021swinv2,
  title={Swin Transformer V2: Scaling Up Capacity and Resolution}, 
  author={Ze Liu and Han Hu and Yutong Lin and Zhuliang Yao and Zhenda Xie and Yixuan Wei and Jia Ning and Yue Cao and Zheng Zhang and Li Dong and Furu Wei and Baining Guo},
  booktitle={International Conference on Computer Vision and Pattern Recognition (CVPR)},
  year={2022}
}

@misc{oquab2023dinov2,
  title={DINOv2: Learning Robust Visual Features without Supervision},
  author={Oquab, Maxime and Darcet, Timothée and Moutakanni, Theo and Vo, Huy V. and Szafraniec, Marc and Khalidov, Vasil and Fernandez, Pierre and Haziza, Daniel and Massa, Francisco and El-Nouby, Alaaeldin and Howes, Russell and Huang, Po-Yao and Xu, Hu and Sharma, Vasu and Li, Shang-Wen and Galuba, Wojciech and Rabbat, Mike and Assran, Mido and Ballas, Nicolas and Synnaeve, Gabriel and Misra, Ishan and Jegou, Herve and Mairal, Julien and Labatut, Patrick and Joulin, Armand and Bojanowski, Piotr},
  journal={arXiv:2304.07193},
  year={2023}
}

@inproceedings{piccinelli2024unidepth,
    title     = {{U}ni{D}epth: Universal Monocular Metric Depth Estimation},
    author    = {Piccinelli, Luigi and Yang, Yung-Hsu and Sakaridis, Christos and Segu, Mattia and Li, Siyuan and Van Gool, Luc and Yu, Fisher},
    booktitle = {Proceedings of the IEEE/CVF Conference on Computer Vision and Pattern Recognition (CVPR)},
    year      = {2024}
}

@article{yin2023metric,
author = {Yin, Wei and Zhang, Chi and Chen, Hao and Cai, Zhipeng and Yu, Gang and Wang, Kaixuan and Chen, Xiaozhi and Shen, Chunhua},
address = {Ithaca},
copyright = {2023. This work is published under http://arxiv.org/licenses/nonexclusive-distrib/1.0/ (the “License”). Notwithstanding the ProQuest Terms and Conditions, you may use this content in accordance with the terms of the License.},
issn = {2331-8422},
journal = {arXiv.org},
keywords = {Ambiguity ; Cameras ; Image processing ; Image reconstruction ; Training},
language = {eng},
publisher = {Cornell University Library, arXiv.org},
title = {Metric3D: Towards Zero-shot Metric 3D Prediction from A Single Image},
year = {2023},
}

