@article{chi2024llamaguardvision,
  title={Llama Guard 3 Vision: Safeguarding Human-AI Image Understanding Conversations},
  author={Chi, Jianfeng and Karn, Ujjwal and Zhan, Hongyuan and Smith, Eric and Rando, Javier and Zhang, Yiming and Plawiak, Kate and Coudert, Zacharie Delpierre and Upasani, Kartikeya and Pasupuleti, Mahesh},
  journal={arXiv preprint arXiv:2411.10414},
  year={2024}
}

@article{gong2023figstep,
  title={Figstep: Jailbreaking large vision-language models via typographic visual prompts},
  author={Gong, Yichen and Ran, Delong and Liu, Jinyuan and Wang, Conglei and Cong, Tianshuo and Wang, Anyu and Duan, Sisi and Wang, Xiaoyun},
  journal={arXiv preprint arXiv:2311.05608},
  year={2023},
  note = {Accepted at AAAI 2025}
}

@article{guan2024deliberative,
  title={Deliberative alignment: Reasoning enables safer language models},
  author={Guan, Melody Y and Joglekar, Manas and Wallace, Eric and Jain, Saachi and Barak, Boaz and Heylar, Alec and Dias, Rachel and Vallone, Andrea and Ren, Hongyu and Wei, Jason and others},
  journal={arXiv preprint arXiv:2412.16339},
  year={2024}
}

@article{inan2023llamaguard,
  title={Llama guard: Llm-based input-output safeguard for human-ai conversations},
  author={Inan, Hakan and Upasani, Kartikeya and Chi, Jianfeng and Rungta, Rashi and Iyer, Krithika and Mao, Yuning and Tontchev, Michael and Hu, Qing and Fuller, Brian and Testuggine, Davide and others},
  journal={arXiv preprint arXiv:2312.06674},
  year={2023}
}

@inproceedings{jailbreak28k2024,
    title={JailBreakV: A Benchmark for Assessing the Robustness of MultiModal Large Language Models against Jailbreak Attacks},
    author={Weidi Luo and Siyuan Ma and Xiaogeng Liu and Xiaoyu Guo and Chaowei Xiao},
    booktitle={First Conference on Language Modeling},
    year={2024},
    url={https://openreview.net/forum?id=GC4mXVfquq}
}

@inproceedings{li2025images,
  title={Images are achillesâ€™ heel of alignment: Exploiting visual vulnerabilities for jailbreaking multimodal large language models},
  author={Li, Yifan and Guo, Hangyu and Zhou, Kun and Zhao, Wayne Xin and Wen, Ji-Rong},
  booktitle={European Conference on Computer Vision},
  pages={174--189},
  year={2025},
  organization={Springer}
}

@inproceedings{mllmguard2024,
    title={{MLLMG}uard: A Multi-dimensional Safety Evaluation Suite for Multimodal Large Language Models},
    author={Tianle Gu and Zeyang Zhou and Kexin Huang and Liang Dandan and Yixu Wang and Haiquan Zhao and Yuanqi Yao and xingge qiao and Keqing wang and Yujiu Yang and Yan Teng and Yu Qiao and Yingchun Wang},
    booktitle={The Thirty-eight Conference on Neural Information Processing Systems Datasets and Benchmarks Track},
    year={2024},
    url={https://openreview.net/forum?id=k4tuZmvSnl}
}

@inproceedings{mmsafetybench2025,
  title={Mm-safetybench: A benchmark for safety evaluation of multimodal large language models},
  author={Liu, Xin and Zhu, Yichen and Gu, Jindong and Lan, Yunshi and Yang, Chao and Qiao, Yu},
  booktitle={European Conference on Computer Vision},
  pages={386--403},
  year={2025},
  organization={Springer}
}

@article{o12024,
  title={OpenAI o1 System Card},
  author={OpenAI},
  journal={arXiv preprint arXiv:2412.16720},
  year={2024}
}

@article{qi2023visual,
  title={Visual Adversarial Examples Jailbreak Aligned Large Language Models},
  volume={38},
  url={https://ojs.aaai.org/index.php/AAAI/article/view/30150},
  DOI={10.1609/aaai.v38i19.30150},
  number={19},
  journal={Proceedings of the AAAI Conference on Artificial Intelligence},
  author={Qi, Xiangyu and Huang, Kaixuan and Panda, Ashwinee and Henderson, Peter and Wang, Mengdi and Mittal, Prateek},
  year={2024},
  month={Mar.},
  pages={21527-21536}
}

@inproceedings{rtvlm2024,
    title = "Red Teaming Visual Language Models",
    author = "Li, Mukai  and
      Li, Lei  and
      Yin, Yuwei  and
      Ahmed, Masood  and
      Liu, Zhenguang  and
      Liu, Qi",
    editor = "Ku, Lun-Wei  and
      Martins, Andre  and
      Srikumar, Vivek",
    booktitle = "Findings of the Association for Computational Linguistics: ACL 2024",
    month = aug,
    year = "2024",
    address = "Bangkok, Thailand",
    publisher = "Association for Computational Linguistics",
    url = "https://aclanthology.org/2024.findings-acl.198/",
    doi = "10.18653/v1/2024.findings-acl.198",
    pages = "3326--3342"
}

@inproceedings{shayegani2023jailbreak,
  title={Jailbreak in pieces: Compositional adversarial attacks on multi-modal language models},
  author={Shayegani, Erfan and Dong, Yue and Abu-Ghazaleh, Nael},
  booktitle={The Twelfth International Conference on Learning Representations},
  year={2023}
}

@article{siuo2024,
  title={Cross-modality safety alignment},
  author={Wang, Siyin and Ye, Xingsong and Cheng, Qinyuan and Duan, Junwen and Li, Shimin and Fu, Jinlan and Qiu, Xipeng and Huang, Xuanjing},
  journal={arXiv preprint arXiv:2406.15279},
  year={2024}
}

@misc{spavl2024,
  title={SPA-VL: A Comprehensive Safety Preference Alignment Dataset for Vision Language Model},
  author={Zhang, Yongting and Chen, Lu and Zheng, Guodong and Gao, Yifeng and Zheng, Rui and Fu, Jinlan and Yin, Zhenfei and Jin, Senjie and Qiao, Yu and Huang, Xuanjing and others},
  journal={arXiv preprint arXiv:2406.12030},
  year={2024}
}

@inproceedings{strongreject2024,
    title={A Strong{REJECT} for Empty Jailbreaks},
    author={Alexandra Souly and Qingyuan Lu and Dillon Bowen and Tu Trinh and Elvis Hsieh and Sana Pandey and Pieter Abbeel and Justin Svegliato and Scott Emmons and Olivia Watkins and Sam Toyer},
    booktitle={The Thirty-eight Conference on Neural Information Processing Systems Datasets and Benchmarks Track},
    year={2024},
    url={https://openreview.net/forum?id=KZLE5BaaOH}
}

@inproceedings{vlguard2024,
    title={Safety Fine-Tuning at (Almost) No Cost: A Baseline for Vision Large Language Models},
    author={Yongshuo Zong and Ondrej Bohdal and Tingyang Yu and Yongxin Yang and Timothy Hospedales},
    booktitle={Forty-first International Conference on Machine Learning},
    year={2024},
    url={https://openreview.net/forum?id=bWZKvF0g7G}
}

