@inproceedings{luo2022learning,
  title={Learning affordance grounding from exocentric images},
  author={Luo, Hongchen and Zhai, Wei and Zhang, Jing and Cao, Yang and Tao, Dacheng},
  booktitle={Proc. CVPR},
  pages        = {2242--2251},
  year={2022}
}

@inproceedings{myers2015affordance,
  title={Affordance detection of tool parts from geometric features},
  author={Myers, Austin and Teo, Ching L and Ferm{\"u}ller, Cornelia and Aloimonos, Yiannis},
  booktitle={Proc. ICRA},
  pages={1374--1381},
  year={2015}
}

@article{xu2021affordance,
  title={An affordance keypoint detection network for robot manipulation},
  author={Xu, Ruinian and Chu, Fu-Jen and Tang, Chao and Liu, Weiyu and Vela, Patricio A},
  journal={IEEE Robotics and Automation Letters},
  volume={6},
  number={2},
  pages={2870--2877},
  year={2021},
  publisher={IEEE}
}

@inproceedings{xu2024weakly,
  title={Weakly Supervised Multimodal Affordance Grounding for Egocentric Images},
  author={Xu, Lingjing and Gao, Yang and Song, Wenfeng and Hao, Aimin},
  booktitle={Proc. AAAI},
  volume={38},
  number={6},
  pages={6324--6332},
  year={2024}
}

@article{gibson1977theory,
  title={The theory of affordances},
  author={Gibson, James J},
  journal={Hilldale, USA},
  volume={1},
  number={2},
  pages={67--82},
  year={1977}
}

@article{li2024learning,
  title={Learning precise affordances from egocentric videos for robotic manipulation},
  author={Li, Gen and others},
  journal={arXiv preprint arXiv:2408.10123},
  year={2024}
}

@inproceedings{nguyen2024language,
  title={Language-Conditioned Affordance-Pose Detection in {3D} Point Clouds},
  author={Nguyen, Toan and others},
  booktitle={Proc. ICRA},
  pages={3071--3078},
  year={2024}
}

@article{koppula2013learning,
  title={Learning human activities and object affordances from {RGB-D} videos},
  author={Koppula, Hema Swetha and Gupta, Rudhir and Saxena, Ashutosh},
  journal={The International Journal of Robotics Research},
  volume={32},
  number={8},
  pages={951--970},
  year={2013},
  publisher={SAGE Publications Sage UK: London, England}
}

@inproceedings{manuelli2019kpam,
  title={{KPAM:} {KeyPoint} Affordances for Category-Level Robotic Manipulation},
  author={Manuelli, Lucas and Gao, Wei and Florence, Peter and Tedrake, Russ},
  booktitle={Proc. ISRR},
  pages={132--157},
  year={2019}
}

@inproceedings{qin2020keto,
  title={{KETO:} {Learning} Keypoint Representations for Tool Manipulation},
  author={Qin, Zengyi and Fang, Kuan and Zhu, Yuke and Fei-Fei, Li and Savarese, Silvio},
  booktitle={Proc. ICRA},
  pages={7278--7285},
  year={2020}
}

@article{luo2022skp,
  title={{SKP:} {Semantic} {3D} Keypoint Detection for Category-Level Robotic Manipulation},
  author={Luo, Zhongzhen and Xue, Wenjie and Chae, Julia and Fu, Guoyi},
  journal={IEEE Robotics and Automation Letters},
  volume={7},
  number={2},
  pages={5437--5444},
  year={2022},
  publisher={IEEE}
}

@inproceedings{bahl2023affordances,
  title={Affordances from human videos as a versatile representation for robotics},
  author={Bahl, Shikhar and Mendonca, Russell and Chen, Lili and Jain, Unnat and Pathak, Deepak},
  booktitle={Proc. CVPR},
  pages        = {1--13},
  year={2023}
}

@article{huang2024rekep,
  title={{ReKep:} {Spatio-temporal} Reasoning of Relational Keypoint Constraints for Robotic Manipulation},
  author={Huang, Wenlong and Wang, Chen and Li, Yunzhu and Zhang, Ruohan and Fei-Fei, Li},
  journal={arXiv preprint arXiv:2409.01652},
  year={2024}
}

@inproceedings{kirillov2023segment,
  title={Segment anything},
  author={Kirillov, Alexander and others},
  booktitle={Proc. ICCV},
  pages        = {3992--4003},
  year={2023}
}

@article{oquab2023dinov2,
  title={{DINOv2:} {Learning} Robust Visual Features without Supervision},
  author={Oquab, Maxime and others},
  journal={Transactions on Machine Learning Research},
  volume       = {2024},
  year={2024}
}

@inproceedings{zhang2018adversarial,
  title={Adversarial complementary learning for weakly supervised object localization},
  author={Zhang, Xiaolin and Wei, Yunchao and Feng, Jiashi and Yang, Yi and Huang, Thomas S},
  booktitle={Proc. CVPR},
  pages={1325--1334},
  year={2018}
}

@inproceedings{tyree20226,
  title={{6-DoF} pose estimation of household objects for robotic manipulation: {An} accessible dataset and benchmark},
  author={Tyree, Stephen and others},
  booktitle={Proc. IROS},
  pages={13081--13088},
  year={2022}
}

@inproceedings{srivastava2014combined,
  title={Combined task and motion planning through an extensible planner-independent interface layer},
  author={Srivastava, Siddharth and Fang, Eugene and Riano, Lorenzo and Chitnis, Rohan and Russell, Stuart and Abbeel, Pieter},
  booktitle={Proc. ICRA},
  pages={639--646},
  year={2014}
}

@inproceedings{wen2024foundationpose,
  title={{FoundationPose:} {Unified} {6D} Pose Estimation and Tracking of Novel Objects},
  author={Wen, Bowen and Yang, Wei and Kautz, Jan and Birchfield, Stan},
  booktitle={Proc. CVPR},
  pages={17868--17879},
  year={2024}
}

@inproceedings{rosales2012synthesis,
  title={On the synthesis of feasible and prehensile robotic grasps},
  author={Rosales, Carlos and Su{\'a}rez, Ra{\'u}l and Gabiccini, Marco and Bicchi, Antonio},
  booktitle={Proc. ICRA},
  pages={550--556},
  year={2012}
}

@article{el2015computing,
  title={On computing task-oriented grasps},
  author={El-Khoury, Sahar and De Souza, Ravin and Billard, Aude},
  journal={Robotics and Autonomous Systems},
  volume={66},
  pages={145--158},
  year={2015},
  publisher={Elsevier}
}

@article{gabellieri2020grasp,
  title={Grasp it like a pro: Grasp of unknown objects with robotic hands based on skilled human expertise},
  author={Gabellieri, Chiara and others},
  journal={IEEE Robotics and Automation Letters},
  volume={5},
  number={2},
  pages={2808--2815},
  year={2020},
  publisher={IEEE}
}

@article{kokic2020learning,
  title={Learning task-oriented grasping from human activity datasets},
  author={Kokic, Mia and Kragic, Danica and Bohg, Jeannette},
  journal={IEEE Robotics and Automation Letters},
  volume={5},
  number={2},
  pages={3352--3359},
  year={2020},
  publisher={IEEE}
}

@inproceedings{brahmbhatt2019contactdb,
  title={{ContactDB:} {Analyzing} and Predicting Grasp Contact via Thermal Imaging},
  author={Brahmbhatt, Samarth and Ham, Cusuh and Kemp, Charles C and Hays, James},
  booktitle={Proc. CVPR},
  pages={8709--8719},
  year={2019}
}

@article{zhu2023toward,
  title={Toward human-like grasp: Functional grasp by dexterous robotic hand via object-hand semantic representation},
  author={Zhu, Tianqiang and Wu, Rina and Hang, Jinglue and Lin, Xiangbo and Sun, Yi},
  journal={IEEE Transactions on Pattern Analysis and Machine Intelligence},
  volume={45},
  number={10},
  pages={12521--12534},
  year={2023},
  publisher={IEEE}
}

@article{yang2024task,
  title={Task-oriented tool manipulation with robotic dexterous hands: A knowledge graph approach from fingers to functionality},
  author={Yang, Fan and others},
  journal={IEEE Transactions on Cybernetics},
  year={2025},
  volume={55},
  number={1},
  pages={395--408},
  publisher={IEEE}
}

@inproceedings{belagiannis2017recurrent,
  title={Recurrent human pose estimation},
  author={Belagiannis, Vasileios and Zisserman, Andrew},
  booktitle={Proc. FG},
  pages={468--475},
  year={2017}
}

@article{chan2017robust,
  title={Robust adaptive fusion tracking based on complex cells and keypoints},
  author={Chan, Sixian and Zhou, Xiaolong and Chen, Shengyong},
  journal={IEEE Access},
  volume={5},
  pages={20985--21001},
  year={2017},
  publisher={IEEE}
}

@inproceedings{mayo20093d,
  title={3D face recognition using multiview keypoint matching},
  author={Mayo, Michael and Zhang, Edmond},
  booktitle={Proc. AVSS},
  pages={290--295},
  year={2009}
}

@article{berretti20113d,
  title={{3D} facial expression recognition using SIFT descriptors of automatically detected keypoints},
  author={Berretti, Stefano and Ben Amor, Boulbaba and Daoudi, Mohamed and Del Bimbo, Alberto},
  journal={The Visual Computer},
  volume={27},
  pages={1021--1036},
  year={2011},
  publisher={Springer}
}

@inproceedings{hang2024dexfuncgrasp,
  title={{DexFuncGrasp:} {A} Robotic Dexterous Functional Grasp Dataset Constructed from a Cost-Effective Real-Simulation Annotation System},
  author={Hang, Jinglue and others},
  booktitle={Proc. AAAI},
  volume={38},
  number={9},
  pages={10306--10313},
  year={2024}
}

@inproceedings{nguyen2017object,
  title={Object-based affordances detection with convolutional neural networks and dense conditional random fields},
  author={Nguyen, Anh and Kanoulas, Dimitrios and Caldwell, Darwin G and Tsagarakis, Nikos G},
  booktitle={Proc. IROS},
  pages={5908--5915},
  year={2017}
}

@inproceedings{yang2023grounding,
  title={Grounding {3D} Object Affordance from {2D} Interactions in Images},
  author={Yang, Yuhang and Zhai, Wei and Luo, Hongchen and Cao, Yang and Luo, Jiebo and Zha, Zheng-Jun},
  booktitle={Proc. ICCV},
  pages        = {10871--10881},
  year={2023}
}

@inproceedings{li2023locate,
  title={{LOCATE:} {Localize} and Transfer Object Parts for Weakly Supervised Affordance Grounding},
  author={Li, Gen and Jampani, Varun and Sun, Deqing and Sevilla-Lara, Laura},
  booktitle={Proc. CVPR},
  pages={10922--10931},
  year={2023}
}

@inproceedings{ju2024robo,
  title={{Robo-ABC:} {Affordance} Generalization Beyond Categories via Semantic Correspondence for Robot Manipulation},
  author={Ju, Yuanchen and Hu, Kaizhe and Zhang, Guowei and Zhang, Gu and Jiang, Mingrun and Xu, Huazhe},
  booktitle={Proc. ECCV},
  volume       = {15099},
  pages        = {222--239},
  year={2024}
}

@inproceedings{sawatzky2017weakly,
  title={Weakly supervised affordance detection},
  author={Sawatzky, Johann and Srikantha, Abhilash and Gall, Juergen},
  booktitle={Proc. CVPR},
  pages        = {5197--5206},
  year={2017}
}

@inproceedings{sawatzky2017adaptive,
  title={Adaptive binarization for weakly supervised affordance segmentation},
  author={Sawatzky, Johann and Gall, Jurgen},
  booktitle={Proc. ICCVW},
  pages        = {1383--1391},
  year={2017}
}

@inproceedings{nagarajan2019grounded,
  title={Grounded human-object interaction hotspots from video},
  author={Nagarajan, Tushar and Feichtenhofer, Christoph and Grauman, Kristen},
  booktitle={Proc. ICCV},
  pages        = {8687--8696},
  year={2019}
}

@article{yang2024learning,
  title={Learning granularity-aware affordances from human-object interaction for tool-based functional grasping in dexterous robotics},
  author={Yang, Fan and others},
  journal={arXiv preprint arXiv:2407.00614},
  year={2024}
}

@inproceedings{makoviychuk2021isaac,
  title={Isaac Gym: High Performance {GPU} Based Physics Simulation For Robot Learning},
  author={Makoviychuk, Viktor and others},
  booktitle={Proc. NeurIPS},
  year={2021}
}

@article{DBLP:journals/corr/abs-2112-05814,
  author       = {Shir Amir and
                  Yossi Gandelsman and
                  Shai Bagon and
                  Tali Dekel},
  title        = {Deep {ViT} Features as Dense Visual Descriptors},
  journal={arXiv preprint arXiv:2112.05814},
  year={2021}
}