@inproceedings{agarwal2019marketplace,
  title={A marketplace for data: An algorithmic solution},
  author={Agarwal, Anish and Dahleh, Munther and Sarkar, Tuhin},
  booktitle={Proceedings of the 2019 ACM Conference on Economics and Computation},
  pages={701--726},
  year={2019}
}

@inproceedings{ahmadi2021strategic,
  title={The strategic perceptron},
  author={Ahmadi, Saba and Beyhaghi, Hedyeh and Blum, Avrim and Naggita, Keziah},
  booktitle={Proceedings of the 22nd ACM Conference on Economics and Computation},
  pages={6--25},
  year={2021}
}

@inproceedings{ahmadi2023fundamental,
  title={Fundamental bounds on online strategic classification},
  author={Ahmadi, Saba and Blum, Avrim and Yang, Kunhe},
  booktitle={Proceedings of the 24th ACM Conference on Economics and Computation},
  pages={22--58},
  year={2023}
}

@inproceedings{barsotti2022transparency,
  title={Transparency, detection and imitation in strategic classification},
  author={Barsotti, Flavia and Kocer, Ruya Gokhan and Santos, Fernando P},
  booktitle={31st International Joint Conference on Artificial Intelligence, IJCAI 2022},
  pages={67--73},
  year={2022},
  organization={International Joint Conferences on Artificial Intelligence (IJCAI)}
}

@inproceedings{bechavod2022information,
  title={Information discrepancy in strategic learning},
  author={Bechavod, Yahav and Podimata, Chara and Wu, Steven and Ziani, Juba},
  booktitle={International Conference on Machine Learning},
  pages={1691--1715},
  year={2022},
  organization={PMLR}
}

@article{ben2017best,
  title={Best response regression},
  author={Ben-Porat, Omer and Tennenholtz, Moshe},
  journal={Advances in Neural Information Processing Systems},
  volume={30},
  year={2017}
}

@inproceedings{ben2019regression,
  title={Regression equilibrium},
  author={Ben-Porat, Omer and Tennenholtz, Moshe},
  booktitle={Proceedings of the 2019 ACM Conference on Economics and Computation},
  pages={173--191},
  year={2019}
}

@article{bjorkegren2020manipulation,
  title={Manipulation-proof machine learning},
  author={Bj{\"o}rkegren, Daniel and Blumenstock, Joshua E and Knight, Samsun},
  journal={arXiv preprint arXiv:2004.03865},
  year={2020}
}

@article{bruckner2012static,
	title={Static prediction games for adversarial learning problems},
	author={Br{\"u}ckner, Michael and Kanzow, Christian and Scheffer, Tobias},
	journal={The Journal of Machine Learning Research},
	volume={13},
	number={1},
	pages={2617--2654},
	year={2012},
	publisher={JMLR. org}
}

@inproceedings{chen2019towards,
  title={Towards model-based pricing for machine learning in a data marketplace},
  author={Chen, Lingjiao and Koutris, Paraschos and Kumar, Arun},
  booktitle={Proceedings of the 2019 international conference on management of data},
  pages={1535--1552},
  year={2019}
}

@inproceedings{chen2022selling,
  title={Selling data to a machine learner: Pricing via costly signaling},
  author={Chen, Junjie and Li, Minming and Xu, Haifeng},
  booktitle={International Conference on Machine Learning},
  pages={3336--3359},
  year={2022},
  organization={PMLR}
}

@article{chen2024strategic,
  title={Strategic Classification With Externalities},
  author={Chen, Yiling and Hossain, Safwan and Micha, Evi and Procaccia, Ariel},
  journal={arXiv preprint arXiv:2410.08032},
  year={2024}
}

@article{cohen2024learnability,
  title={Learnability Gaps of Strategic Classification},
  author={Cohen, Lee and Mansour, Yishay and Moran, Shay and Shao, Han},
  journal={arXiv preprint arXiv:2402.19303},
  year={2024}
}

@inproceedings{dong2018strategic,
  title={Strategic classification from revealed preferences},
  author={Dong, Jinshuo and Roth, Aaron and Schutzman, Zachary and Waggoner, Bo and Wu, Zhiwei Steven},
  booktitle={Proceedings of the 2018 ACM Conference on Economics and Computation},
  pages={55--70},
  year={2018}
}

@inproceedings{eilat2023performative,
  title={Performative recommendation: diversifying content via strategic incentives},
  author={Eilat, Itay and Rosenfeld, Nir},
  booktitle={International Conference on Machine Learning},
  pages={9082--9103},
  year={2023},
  organization={PMLR}
}

@inproceedings{eilat2023strategic,
  title={Strategic Classification with Graph Neural Networks},
  author={Eilat, Itay and Finkelshtein, Ben and Baskin, Chaim and Rosenfeld, Nir},
  booktitle    = {The Eleventh International Conference on Learning Representations,
                  {ICLR} 2023, Kigali, Rwanda, May 1-5, 2023},
  publisher    = {OpenReview.net},
  year         = {2023}
}

@inproceedings{epasto2018incentive,
  title={Incentive-aware learning for large markets},
  author={Epasto, Alessandro and Mahdian, Mohammad and Mirrokni, Vahab and Zuo, Song},
  booktitle={Proceedings of the 2018 World Wide Web Conference},
  pages={1369--1378},
  year={2018}
}

@inproceedings{ghalme2021strategic,
  title={Strategic classification in the dark},
  author={Ghalme, Ganesh and Nair, Vineet and Eilat, Itay and Talgam-Cohen, Inbal and Rosenfeld, Nir},
  booktitle={International Conference on Machine Learning},
  pages={3672--3681},
  year={2021},
  organization={PMLR}
}

@inproceedings{ghorbani2019data,
  title={Data shapley: Equitable valuation of data for machine learning},
  author={Ghorbani, Amirata and Zou, James},
  booktitle={International conference on machine learning},
  pages={2242--2251},
  year={2019},
  organization={PMLR}
}

@inproceedings{guo2022learning,
  title={Learning competitive equilibria in exchange economies with bandit feedback},
  author={Guo, Wenshuo and Kandasamy, Kirthevasan and Gonzalez, Joseph and Jordan, Michael and Stoica, Ion},
  booktitle={International Conference on Artificial Intelligence and Statistics},
  pages={6200--6224},
  year={2022},
  organization={PMLR}
}

@inproceedings{hardt2016strategic,
  title={Strategic classification},
  author={Hardt, Moritz and Megiddo, Nimrod and Papadimitriou, Christos and Wootters, Mary},
  booktitle={Proceedings of the 2016 ACM conference on innovations in theoretical computer science},
  pages={111--122},
  year={2016}
}

@article{hardt2022performative,
  title={Performative power},
  author={Hardt, Moritz and Jagadeesan, Meena and Mendler-D{\"u}nner, Celestine},
  journal={Advances in Neural Information Processing Systems},
  volume={35},
  pages={22969--22981},
  year={2022}
}

@inproceedings{hron2023modeling,
  title={Modeling content creator incentives on algorithm-curated platforms},
  author={Jiri Hron and Karl Krauth and Michael Jordan and Niki Kilbertus and Sarah Dean},
  booktitle={The Eleventh International Conference on Learning Representations },
  year={2023}
}

@article{huang2023train,
  title={Train'n trade: foundations of parameter markets},
  author={Huang, Tzu-Heng and Vishwakarma, Harit and Sala, Frederic},
  journal={Advances in Neural Information Processing Systems},
  volume={36},
  pages={28478--28490},
  year={2023}
}

@inproceedings{jagadeesan2023competition,
  title={Competition, alignment, and equilibria in digital marketplaces},
  author={Jagadeesan, Meena and Jordan, Michael I and Haghtalab, Nika},
  booktitle={Proceedings of the AAAI Conference on Artificial Intelligence},
  volume={37},
  number={5},
  pages={5689--5696},
  year={2023}
}

@article{jagadeesan2024improved,
  title={Improved bayes risk can yield reduced social welfare under competition},
  author={Jagadeesan, Meena and Jordan, Michael and Steinhardt, Jacob and Haghtalab, Nika},
  journal={Advances in Neural Information Processing Systems},
  volume={36},
  year={2024}
}

@inproceedings{lechner2023strategic,
  title={Strategic Classification with Unknown User Manipulations},
  author={Lechner, Tosca and Urner, Ruth and Ben-David, Shai},
    booktitle={International Conference on Machine Learning},
  year={2023},
  organization={PMLR}
}

@inproceedings{levanon2021strategic,
  title={Strategic classification made practical},
  author={Levanon, Sagi and Rosenfeld, Nir},
  booktitle={International Conference on Machine Learning},
  pages={6243--6253},
  year={2021},
  organization={PMLR}
}

@inproceedings{liu2022strategic,
  title={Strategic ranking},
  author={Liu, Lydia T and Garg, Nikhil and Borgs, Christian},
  booktitle={International Conference on Artificial Intelligence and Statistics},
  pages={2489--2518},
  year={2022},
  organization={PMLR}
}

@inproceedings{nahum2024decongestion,
  title={Decongestion by Representation: Learning to Improve Economic Welfare in Marketplaces},
  author={Omer Nahum and Gali Noti and David C. Parkes and Nir Rosenfeld},
  booktitle={The Twelfth International Conference on Learning Representations},
  year={2024}

}

@inproceedings{rosenfeld2024oneshot,
title={One-Shot Strategic Classification Under Unknown Costs},
author={Elan Rosenfeld and Nir Rosenfeld},
booktitle={Forty-first International Conference on Machine Learning},
year={2024}
}

@article{shao2024strategic,
  title={Strategic classification under unknown personalized manipulation},
  author={Shao, Han and Blum, Avrim and Montasser, Omar},
  journal={Advances in Neural Information Processing Systems},
  volume={36},
  year={2024}
}

@inproceedings{shekhtman2024strategic,
  title={Strategic Usage in a Multi-Learner Setting},
  author={Shekhtman, Eliot and Dean, Sarah},
  booktitle={International Conference on Artificial Intelligence and Statistics},
  pages={2665--2673},
  year={2024},
  organization={PMLR}
}

@inproceedings{sundaram2021pac,
  title={{PAC}-learning for strategic classification},
  author={Sundaram, Ravi and Vullikanti, Anil and Xu, Haifeng and Yao, Fan},
  booktitle={International Conference on Machine Learning},
  pages={9978--9988},
  year={2021},
  organization={PMLR}
}

@article{xu2016methodology,
  title={Methodology From an Equilibria Viewpoints},
  author={Xu, Jiuping and Li, Zongmin and Tao, Zhimiao and Xu, Jiuping and Li, Zongmin and Tao, Zhimiao},
  journal={Random-Like Bi-level Decision Making},
  pages={365--386},
  year={2016},
  publisher={Springer}
}

@inproceedings{zhang2021incentive,
  title={Incentive-aware {PAC} learning},
  author={Zhang, Hanrui and Conitzer, Vincent},
  booktitle={Proceedings of the AAAI Conference on Artificial Intelligence},
  volume={35},
  number={6},
  pages={5797--5804},
  year={2021}
}

