@article{balasubramani2024ddss,
  title={DDSS: Driver decision support system based on the driver behaviour prediction to avoid accidents in intelligent transport system},
  author={Balasubramani, S and Aravindhar, John and Renjith, PN and Ramesh, K},
  journal={International Journal of Cognitive Computing in Engineering},
  volume={5},
  pages={1--13},
  year={2024},
  publisher={Elsevier}
}

@article{fang2024behavioral,
  author={Fang, Jianwu and Wang, Fan and Xue, Jianru and Chua, Tat-Seng},
  journal={IEEE Transactions on Intelligent Transportation Systems}, 
  title={Behavioral Intention Prediction in Driving Scenes: A Survey}, 
  year={2024},
  volume={25},
  number={8},
  pages={8334-8355},
  doi={10.1109/TITS.2024.3374342}}

@article{alkaabi2023identification,
  title={Identification of hotspot areas for traffic accidents and analyzing drivers’ behaviors and road accidents},
  author={Alkaabi, Khaula},
  journal={Transportation research interdisciplinary perspectives},
  volume={22},
  pages={100929},
  year={2023},
  publisher={Elsevier}
}

@article{fang2023vision,
  title={Vision-based traffic accident detection and anticipation: A survey},
  author={Fang, Jianwu and Qiao, Jiahuan and Xue, Jianru and Li, Zhengguo},
  journal={IEEE Transactions on Circuits and Systems for Video Technology},
  year={2023},
  publisher={IEEE}
}

@article{hertz2023aberrant,
  title={Aberrant reward learning, but not negative reinforcement learning, is related to depressive symptoms: an attentional perspective},
  author={Hertz-Palmor, Nimrod and Rozenblit, Danielle and Lavi, Shani and Zeltser, Jonathan and Kviatek, Yonatan and Lazarov, Amit},
  journal={Psychological Medicine},
  pages={1--14},
  year={2023}
}

@article{itti2001computational,
  title={Computational modelling of visual attention},
  author={Itti, Laurent and Koch, Christof},
  journal={Nature reviews neuroscience},
  volume={2},
  number={3},
  pages={194--203},
  year={2001},
  publisher={Nature Publishing Group UK London}
}

@article{evans2011visual,
  title={Visual attention},
  author={Evans, Karla K and Horowitz, Todd S and Howe, Piers and Pedersini, Roccardo and Reijnen, Ester and Pinto, Yair and Kuzmova, Yoana and Wolfe, Jeremy M},
  journal={Wiley Interdisciplinary Reviews: Cognitive Science},
  volume={2},
  number={5},
  pages={503--514},
  year={2011},
  publisher={Wiley Online Library}
}

@inproceedings{xia2019predicting,
  title={Predicting driver attention in critical situations},
  author={Xia, Ye and Zhang, Danqing and Kim, Jinkyu and Nakayama, Ken and Zipser, Karl and Whitney, David},
  booktitle={Computer Vision--ACCV 2018: 14th Asian Conference on Computer Vision, Perth, Australia, December 2--6, 2018, Revised Selected Papers, Part V 14},
  pages={658--674},
  year={2019},
  organization={Springer}
}

@inproceedings{alletto2016dr,
  title={Dr (eye) ve: a dataset for attention-based tasks with applications to autonomous and assisted driving},
  author={Alletto, Stefano and Palazzi, Andrea and Solera, Francesco and Calderara, Simone and Cucchiara, Rita},
  booktitle={Proceedings of the ieee conference on computer vision and pattern recognition workshops},
  pages={54--60},
  year={2016}
}

@inproceedings{baee2021medirl,
  title={Medirl: Predicting the visual attention of drivers via maximum entropy deep inverse reinforcement learning},
  author={Baee, Sonia and Pakdamanian, Erfan and Kim, Inki and Feng, Lu and Ordonez, Vicente and Barnes, Laura},
  booktitle={Proceedings of the IEEE/CVF international conference on computer vision},
  pages={13178--13188},
  year={2021}
}

@inproceedings{shen2022cocatt,
  title={CoCAtt: A cognitive-conditioned driver attention dataset},
  author={Shen, Yuan and Wijayaratne, Niviru and Sriram, Pranav and Hasan, Aamir and Du, Peter and Driggs-Campbell, Katherine},
  booktitle={2022 IEEE 25th International Conference on Intelligent Transportation Systems (ITSC)},
  pages={32--39},
  year={2022},
  organization={IEEE}
}

@article{fang2022dada,
  title={DADA: Driver Attention Prediction in Driving Accident Scenarios},
  author={Fang, Jianwu and Yan, Dingxin and Qiao, Jiahuan and Xue, Jianru and Yu, Hongkai},
  journal={IEEE Transactions on Intelligent Transportation Systems},
  year={2022},
  volume={23},
  number={6},
  pages={4959-4971}
}

@inproceedings{chen2023fblnet,
  title={FBLNet: FeedBack Loop Network for Driver Attention Prediction},
  author={Chen, Yilong and Nan, Zhixiong and Xiang, Tao},
  booktitle={Proceedings of the IEEE/CVF International Conference on Computer Vision},
  pages={13371--13380},
  year={2023}
}

@inproceedings{tawari2014attention,
  title={Attention estimation by simultaneous analysis of viewer and view},
  author={Tawari, Ashish and M{\o}gelmose, Andreas and Martin, Sujitha and Moeslund, Thomas B and Trivedi, Mohan M},
  booktitle={17th International IEEE Conference on Intelligent Transportation Systems (ITSC)},
  pages={1381--1387},
  year={2014},
  organization={IEEE}
}

@article{deng2017learning,
  title={Learning to boost bottom-up fixation prediction in driving environments via random forest},
  author={Deng, Tao and Yan, Hongmei and Li, Yong-Jie},
  journal={IEEE Transactions on Intelligent Transportation Systems},
  volume={19},
  number={9},
  pages={3059--3067},
  year={2018},
  publisher={IEEE}
}

@article{fang2019dada,
  title={Dada: A large-scale benchmark and model for driver attention prediction in accidental scenarios},
  author={Fang, Jianwu and Yan, Dingxin and Qiao, Jiahuan and Xue, Jianru},
  journal={arXiv preprint arXiv:1912.12148},
  volume={3},
  year={2019}
}

@article{deng2019drivers,
  title={How do drivers allocate their potential attention? Driving fixation prediction via convolutional neural networks},
  author={Deng, Tao and Yan, Hongmei and Qin, Long and Ngo, Thuyen and Manjunath, BS},
  journal={IEEE Transactions on Intelligent Transportation Systems},
  volume={21},
  number={5},
  pages={2146--2154},
  year={2019},
  publisher={IEEE}
}

@article{tian2022driving,
  title={Driving as well as on a sunny day? predicting driver's fixation in rainy weather conditions via a dual-branch visual model},
  author={Tian, Han and Deng, Tao and Yan, Hongmei},
  journal={IEEE/CAA Journal of Automatica Sinica},
  volume={9},
  number={7},
  pages={1335--1338},
  year={2022},
  publisher={IEEE}
}

@article{deng2023driving,
  author={Deng, Tao and Jiang, Lianfang and Shi, Yi and Wu, Jiang and Wu, Zhangbi and Yan, Shun and Zhang, Xianshi and Yan, Hongmei},
  journal={IEEE Transactions on Intelligent Transportation Systems}, 
  title={Driving Visual Saliency Prediction of Dynamic Night Scenes via a Spatio-Temporal Dual-Encoder Network}, 
  year={2024},
  volume={25},
  number={3},
  pages={2413-2423},
  doi={10.1109/TITS.2023.3323468}}

@article{qin2022id,
  title={ID-YOLO: Real-time salient object detection based on the driver’s fixation region},
  author={Qin, Long and Shi, Yi and He, Yahui and Zhang, Junrui and Zhang, Xianshi and Li, Yongjie and Deng, Tao and Yan, Hongmei},
  journal={IEEE Transactions on Intelligent Transportation Systems},
  volume={23},
  number={9},
  pages={15898--15908},
  year={2022},
  publisher={IEEE}
}

@article{shi2023fixated,
  author={Shi, Yi and Zhao, Shixuan and Wu, Jiang and Wu, Zhangbi and Yan, Hongmei},
  journal={IEEE Transactions on Circuits and Systems for Video Technology}, 
  title={Fixated Object Detection Based on Saliency Prior in Traffic Scenes}, 
  year={2024},
  volume={34},
  number={3},
  pages={1413-1426},
  doi={10.1109/TCSVT.2023.3295058}}

@inproceedings{du2023causes,
  title={What Causes a Driver's Attention Shift? A Driver's Attention-Guided Driving Event Recognition Model},
  author={Du, Pengcheng and Deng, Tao and Yan, Fei},
  booktitle={2023 International Joint Conference on Neural Networks (IJCNN)},
  pages={1--8},
  year={2023},
  organization={IEEE}
}

@article{wu2024ultralight,
  title={Ultralight vm-unet: Parallel vision mamba significantly reduces parameters for skin lesion segmentation},
  author={Wu, Renkai and Liu, Yinghao and Liang, Pengchen and Chang, Qing},
  journal={arXiv preprint arXiv:2403.20035},
  year={2024}
}

@inproceedings{cornia2016deep,
  title={A deep multi-level network for saliency prediction},
  author={Cornia, Marcella and Baraldi, Lorenzo and Serra, Giuseppe and Cucchiara, Rita},
  booktitle={2016 23rd International Conference on Pattern Recognition (ICPR)},
  pages={3488--3493},
  year={2016},
  organization={IEEE}
}

@inproceedings{min2019tased,
  title={Tased-net: Temporally-aggregating spatial encoder-decoder network for video saliency detection},
  author={Min, Kyle and Corso, Jason J},
  booktitle={Proceedings of the IEEE/CVF International Conference on Computer Vision},
  pages={2394--2403},
  year={2019}
}

@article{kotseruba2024scout+,
  title={SCOUT+: Towards Practical Task-Driven Drivers' Gaze Prediction},
  author={Kotseruba, Iuliia and Tsotsos, John K},
  journal={arXiv preprint arXiv:2404.08756},
  year={2024}
}

@inproceedings{judd2009learning,
  title={Learning to predict where humans look},
  author={Judd, Tilke and Ehinger, Krista and Durand, Fr{\'e}do and Torralba, Antonio},
  booktitle={2009 IEEE 12th international conference on computer vision},
  pages={2106--2113},
  year={2009},
  organization={IEEE}
}

@article{borji2012quantitative,
  title={Quantitative analysis of human-model agreement in visual saliency modeling: A comparative study},
  author={Borji, Ali and Sihite, Dicky N and Itti, Laurent},
  journal={IEEE Transactions on Image Processing},
  volume={22},
  number={1},
  pages={55--69},
  year={2012},
  publisher={IEEE}
}

@article{peters2005components,
  title={Components of bottom-up gaze allocation in natural images},
  author={Peters, Robert J and Iyer, Asha and Itti, Laurent and Koch, Christof},
  journal={Vision research},
  volume={45},
  number={18},
  pages={2397--2416},
  year={2005},
  publisher={Elsevier}
}

@article{le2007predicting,
  title={Predicting visual fixations on video based on low-level visual features},
  author={Le Meur, Olivier and Le Callet, Patrick and Barba, Dominique},
  journal={Vision research},
  volume={47},
  number={19},
  pages={2483--2498},
  year={2007},
  publisher={Elsevier}
}

@inproceedings{riche2013saliency,
  title={Saliency and human fixations: State-of-the-art and study of comparison metrics},
  author={Riche, Nicolas and Duvinage, Matthieu and Mancas, Matei and Gosselin, Bernard and Dutoit, Thierry},
  booktitle={Proceedings of the IEEE international conference on computer vision},
  pages={1153--1160},
  year={2013}
}

@misc{radford2021learningtransferablevisualmodels,
      title={Learning Transferable Visual Models From Natural Language Supervision}, 
      author={Alec Radford and Jong Wook Kim and Chris Hallacy and Aditya Ramesh and Gabriel Goh and Sandhini Agarwal and Girish Sastry and Amanda Askell and Pamela Mishkin and Jack Clark and Gretchen Krueger and Ilya Sutskever},
      year={2021},
      eprint={2103.00020},
      archivePrefix={arXiv},
      primaryClass={cs.CV},
      url={https://arxiv.org/abs/2103.00020}, 
}

@article{rasouli2018joint,
  title={Joint attention in driver-pedestrian interaction: from theory to practice},
  author={Rasouli, Amir and Tsotsos, John K},
  journal={arXiv preprint arXiv:1802.02522},
  year={2018}
}

@INPROCEEDINGS{9428151,
  author={Deng, Tao and Yan, Fei and Yan, Hongmei},
  booktitle={2021 IEEE International Conference on Multimedia and Expo (ICME)}, 
  title={Driving Video Fixation Prediction Model Via Spatio-Temporal Networks and Attention Gates}, 
  year={2021},
  volume={},
  number={},
  pages={1-6},
  keywords={Deep learning;Conferences;Predictive models;Logic gates;Streaming media;Information filters;Feature extraction;Driving fixation prediction;spatio-temporal networks;attention gates;dynamic driving scenes},
  doi={10.1109/ICME51207.2021.9428151}}

@inproceedings{fu2019dual,
  title={Dual attention network for scene segmentation},
  author={Fu, Jun and Liu, Jing and Tian, Haijie and Li, Yong and Bao, Yongjun and Fang, Zhiwei and Lu, Hanqing},
  booktitle={Proceedings of the IEEE/CVF conference on computer vision and pattern recognition},
  pages={3146--3154},
  year={2019}
}

@article{fang2021dada,
  title={DADA: Driver attention prediction in driving accident scenarios},
  author={Fang, Jianwu and Yan, Dingxin and Qiao, Jiahuan and Xue, Jianru and Yu, Hongkai},
  journal={IEEE transactions on intelligent transportation systems},
  volume={23},
  number={6},
  pages={4959--4971},
  year={2021},
  publisher={IEEE}
}

@INPROCEEDINGS{9945234,
  author={Brishtel, Iuliia and Krauß, Stephan and Schmidt, Thomas and Rambach, Jason Raphael and Vozniak, Igor and Stricker, Didier},
  booktitle={2022 IEEE International Conference on Systems, Man, and Cybernetics (SMC)}, 
  title={Classification of Manual Versus Autonomous Driving based on Machine Learning of Eye Movement Patterns}, 
  year={2022},
  volume={},
  number={},
  pages={700-705},
  keywords={Navigation;Machine learning;Manuals;Gaze tracking;Autopilot;Automobiles;Task analysis;Human Factors;Assistive Technology;Machine Learning},
  doi={10.1109/SMC53654.2022.9945234}}

@inproceedings{vozniak2023context,
  title={Context-empowered visual attention prediction in pedestrian scenarios},
  author={Vozniak, Igor and M{\"u}ller, Philipp and Hell, Lorena and Lipp, Nils and Abouelazm, Ahmed and M{\"u}ller, Christian},
  booktitle={Proceedings of the IEEE/CVF Winter Conference on Applications of Computer Vision},
  pages={950--960},
  year={2023}
}

@article{gu2023mamba,
  title={Mamba: Linear-time sequence modeling with selective state spaces},
  author={Gu, Albert and Dao, Tri},
  journal={arXiv preprint arXiv:2312.00752},
  year={2023}
}