@INPROCEEDINGS{9945234,
  author={Brishtel, Iuliia and Krauß, Stephan and Schmidt, Thomas and Rambach, Jason Raphael and Vozniak, Igor and Stricker, Didier},
  booktitle={2022 IEEE International Conference on Systems, Man, and Cybernetics (SMC)}, 
  title={Classification of Manual Versus Autonomous Driving based on Machine Learning of Eye Movement Patterns}, 
  year={2022},
  volume={},
  number={},
  pages={700-705},
  keywords={Navigation;Machine learning;Manuals;Gaze tracking;Autopilot;Automobiles;Task analysis;Human Factors;Assistive Technology;Machine Learning},
  doi={10.1109/SMC53654.2022.9945234}}

@inproceedings{alletto2016dr,
  title={Dr (eye) ve: a dataset for attention-based tasks with applications to autonomous and assisted driving},
  author={Alletto, Stefano and Palazzi, Andrea and Solera, Francesco and Calderara, Simone and Cucchiara, Rita},
  booktitle={Proceedings of the ieee conference on computer vision and pattern recognition workshops},
  pages={54--60},
  year={2016}
}

@article{deng2017learning,
  title={Learning to boost bottom-up fixation prediction in driving environments via random forest},
  author={Deng, Tao and Yan, Hongmei and Li, Yong-Jie},
  journal={IEEE Transactions on Intelligent Transportation Systems},
  volume={19},
  number={9},
  pages={3059--3067},
  year={2018},
  publisher={IEEE}
}

@article{deng2019drivers,
  title={How do drivers allocate their potential attention? Driving fixation prediction via convolutional neural networks},
  author={Deng, Tao and Yan, Hongmei and Qin, Long and Ngo, Thuyen and Manjunath, BS},
  journal={IEEE Transactions on Intelligent Transportation Systems},
  volume={21},
  number={5},
  pages={2146--2154},
  year={2019},
  publisher={IEEE}
}

@article{deng2023driving,
  author={Deng, Tao and Jiang, Lianfang and Shi, Yi and Wu, Jiang and Wu, Zhangbi and Yan, Shun and Zhang, Xianshi and Yan, Hongmei},
  journal={IEEE Transactions on Intelligent Transportation Systems}, 
  title={Driving Visual Saliency Prediction of Dynamic Night Scenes via a Spatio-Temporal Dual-Encoder Network}, 
  year={2024},
  volume={25},
  number={3},
  pages={2413-2423},
  doi={10.1109/TITS.2023.3323468}}

@inproceedings{du2023causes,
  title={What Causes a Driver's Attention Shift? A Driver's Attention-Guided Driving Event Recognition Model},
  author={Du, Pengcheng and Deng, Tao and Yan, Fei},
  booktitle={2023 International Joint Conference on Neural Networks (IJCNN)},
  pages={1--8},
  year={2023},
  organization={IEEE}
}

@article{fang2019dada,
  title={Dada: A large-scale benchmark and model for driver attention prediction in accidental scenarios},
  author={Fang, Jianwu and Yan, Dingxin and Qiao, Jiahuan and Xue, Jianru},
  journal={arXiv preprint arXiv:1912.12148},
  volume={3},
  year={2019}
}

@article{qin2022id,
  title={ID-YOLO: Real-time salient object detection based on the driver’s fixation region},
  author={Qin, Long and Shi, Yi and He, Yahui and Zhang, Junrui and Zhang, Xianshi and Li, Yongjie and Deng, Tao and Yan, Hongmei},
  journal={IEEE Transactions on Intelligent Transportation Systems},
  volume={23},
  number={9},
  pages={15898--15908},
  year={2022},
  publisher={IEEE}
}

@misc{radford2021learningtransferablevisualmodels,
      title={Learning Transferable Visual Models From Natural Language Supervision}, 
      author={Alec Radford and Jong Wook Kim and Chris Hallacy and Aditya Ramesh and Gabriel Goh and Sandhini Agarwal and Girish Sastry and Amanda Askell and Pamela Mishkin and Jack Clark and Gretchen Krueger and Ilya Sutskever},
      year={2021},
      eprint={2103.00020},
      archivePrefix={arXiv},
      primaryClass={cs.CV},
      url={https://arxiv.org/abs/2103.00020}, 
}

@article{shi2023fixated,
  author={Shi, Yi and Zhao, Shixuan and Wu, Jiang and Wu, Zhangbi and Yan, Hongmei},
  journal={IEEE Transactions on Circuits and Systems for Video Technology}, 
  title={Fixated Object Detection Based on Saliency Prior in Traffic Scenes}, 
  year={2024},
  volume={34},
  number={3},
  pages={1413-1426},
  doi={10.1109/TCSVT.2023.3295058}}

@inproceedings{tawari2014attention,
  title={Attention estimation by simultaneous analysis of viewer and view},
  author={Tawari, Ashish and M{\o}gelmose, Andreas and Martin, Sujitha and Moeslund, Thomas B and Trivedi, Mohan M},
  booktitle={17th International IEEE Conference on Intelligent Transportation Systems (ITSC)},
  pages={1381--1387},
  year={2014},
  organization={IEEE}
}

@article{tian2022driving,
  title={Driving as well as on a sunny day? predicting driver's fixation in rainy weather conditions via a dual-branch visual model},
  author={Tian, Han and Deng, Tao and Yan, Hongmei},
  journal={IEEE/CAA Journal of Automatica Sinica},
  volume={9},
  number={7},
  pages={1335--1338},
  year={2022},
  publisher={IEEE}
}

@inproceedings{vozniak2023context,
  title={Context-empowered visual attention prediction in pedestrian scenarios},
  author={Vozniak, Igor and M{\"u}ller, Philipp and Hell, Lorena and Lipp, Nils and Abouelazm, Ahmed and M{\"u}ller, Christian},
  booktitle={Proceedings of the IEEE/CVF Winter Conference on Applications of Computer Vision},
  pages={950--960},
  year={2023}
}

@inproceedings{xia2019predicting,
  title={Predicting driver attention in critical situations},
  author={Xia, Ye and Zhang, Danqing and Kim, Jinkyu and Nakayama, Ken and Zipser, Karl and Whitney, David},
  booktitle={Computer Vision--ACCV 2018: 14th Asian Conference on Computer Vision, Perth, Australia, December 2--6, 2018, Revised Selected Papers, Part V 14},
  pages={658--674},
  year={2019},
  organization={Springer}
}

