@inproceedings{KimPYCYS15,
  author       = {Yong{-}Deok Kim and
                  Eunhyeok Park and
                  Sungjoo Yoo and
                  Taelim Choi and
                  Lu Yang and
                  Dongjun Shin},
  title        = {Compression of Deep Convolutional Neural Networks for Fast and Low
                  Power Mobile Applications},
  booktitle    = ICLR,
  year         = {2016},
}

@inproceedings{NIPS2014_2afe4567,
 author = {Denton, Emily L and Zaremba, Wojciech and Bruna, Joan and LeCun, Yann and Fergus, Rob},
 booktitle = {NeurIPS},
 title = {Exploiting Linear Structure Within Convolutional Networks for Efficient Evaluation},
 year = {2014}
}

@article{davari2023model,
  title     = {Model Breadcrumbs: Scaling Multi-Task Model Merging with Sparse Masks},
  author    = {Mohammad-Javad Davari and Eugene Belilovsky},
  journal   = ECCV,
  year      = 2024,
}

@article{hu2021lora,
  title     = {LoRA: Low-Rank Adaptation of Large Language Models},
  author    = {J. E. Hu and Yelong Shen and Phillip Wallis and Zeyuan Allen-Zhu and Yuanzhi Li and Shean Wang and Weizhu Chen},
  journal   = ICLR,
  year      = {2021},
  bibSource = {Semantic Scholar https://www.semanticscholar.org/paper/a8ca46b171467ceb2d7652fbfb67fe701ad86092}
}

@inproceedings{ilharco2023task,
  author       = {Gabriel Ilharco and
                  Marco T{\'{u}}lio Ribeiro and
                  Mitchell Wortsman and
                  Ludwig Schmidt and
                  Hannaneh Hajishirzi and
                  Ali Farhadi},
  title        = {Editing models with task arithmetic},
  booktitle    = ICLR,
  year         = {2023}
}

@article{milora,
  author       = {Hanqing Wang and
                  Zeguan Xiao and
                  Yixia Li and
                  Shuo Wang and
                  Guanhua Chen and
                  Yun Chen},
  title        = {MiLoRA: Harnessing Minor Singular Components for Parameter-Efficient
                  {LLM} Finetuning},
  journal      = {CoRR},
  volume       = {abs/2406.09044},
  year         = {2024},
  eprinttype    = {arXiv},
}

@inproceedings{radford2021learning,
    Author = {Alec Radford and Jong Wook Kim and Chris Hallacy and Aditya Ramesh and Gabriel Goh and Sandhini Agarwal and Girish Sastry and Amanda Askell and Pamela Mishkin and Jack Clark and Gretchen Krueger and Ilya Sutskever},
    Title = {Learning Transferable Visual Models From Natural Language Supervision},
    Year = {2021},
    booktitle={ICML},
}

@article{stoica2024knots,
  title   = {Model merging with SVD to tie the Knots},
  author  = {George Stoica and Pratik Ramesh and Boglarka Ecsedi and Leshem Choshen and Judy Hoffman},
  year    = {2024},
  journal = {arXiv preprint arXiv: 2410.19735}
}

@article{svft,
  author       = {Vijay Lingam and
                  Atula Tejaswi and
                  Aditya Vavre and
                  Aneesh Shetty and
                  Gautham Krishna Gudur and
                  Joydeep Ghosh and
                  Alex Dimakis and
                  Eunsol Choi and
                  Aleksandar Bojchevski and
                  Sujay Sanghavi},
  title        = {{SVFT:} Parameter-Efficient Fine-Tuning with Singular Vectors},
  journal      = {CoRR},
  volume       = {abs/2405.19597},
  year         = {2024},
  eprinttype    = {arXiv},
}

@article{tsv,
      title={Task Singular Vectors: Reducing Task Interference in Model Merging}, 
      author={Antonio Andrea Gargiulo and Donato Crisostomi and Maria Sofia Bucarelli and Simone Scardapane and Fabrizio Silvestri and Emanuele Rodol√†},
      year={2024},
      journal={arXiv preprint arXiv: 2412.00081},
}

@inproceedings{wang2024localizing,
  author    = {Ke Wang and Nikolaos Dimitriadis and Guillermo Ortiz{-}Jim{\'{e}}nez and Fran{\c{c}}ois Fleuret and Pascal Frossard},
  title     = {Localizing Task Information for Improved Model Merging and Compression},
  booktitle = {ICML},
  year      = {2024},
}

