@article{AhmedCSCUW2019,
  author= {Awais Ahmed and
    She Kun and
    Raheel Ahmed Memon and
    Junaid Ahmed and
    Getnet Tefera},
  title = {Convolutional Sparse Coding Using Wavelets for Single Image Super-Resolution},
  journal      = {{IEEE} Access},
  year  = {2019},
}

@inproceedings{AlexeyViT2021,
  author= {Alexey Dosovitskiy and
    Lucas Beyer and
    Alexander Kolesnikov and
    Dirk Weissenborn and
    Xiaohua Zhai and
    Thomas Unterthiner and
    Mostafa Dehghani and
    Matthias Minderer and
    Georg Heigold and
    Sylvain Gelly and
    Jakob Uszkoreit and
    Neil Houlsby},
  title = {An Image is Worth 16x16 Words: Transformers for Image Recognition
    at Scale},
  booktitle    = {International Conference on Learning Representations (ICLR)},
  year  = {2021}
}

@ARTICLE{CINrPPG2023,
  author={Li, Qi and Guo, Dan and Qian, Wei and Tian, Xilan and Sun, Xiao and Zhao, Haifeng and Wang, Meng},
  journal={IEEE Transactions on Circuits and Systems for Video Technology}, 
  title={Channel-Wise Interactive Learning for Remote Heart Rate Estimation From Facial Video}, 
  year={2024},
  volume={34},
  number={6},
  pages={4542-4555},
}

@ARTICLE{CaoSTPhys2024,
  author={Cao, Mingyue and Cheng, Xu and Liu, Xingyu and Jiang, Yan and Yu, Hao and Shi, Jingang},
  journal={IEEE Journal of Biomedical and Health Informatics}, 
  title={ST-Phys: Unsupervised Spatio-Temporal Contrastive Remote Physiological Measurement}, 
  year={2024},
  volume={28},
  pages={4613-4624},
}

@inproceedings{ChenDeepPhys2018,
  author= {Weixuan Chen and
    Daniel McDuff},
  title = {DeepPhys: Video-Based Physiological Measurement Using Convolutional
    Attention Networks},
  booktitle    = {European Conference on Computer Vision (ECCV)},
  year  = {2018}
}

@inproceedings{ChenGSS2023,
  title={Generative semantic segmentation},
  author={Chen, Jiaqi and Lu, Jiachen and Zhu, Xiatian and Zhang, Li},
  booktitle={Proceedings of the IEEE/CVF Conference on Computer Vision and Pattern Recognition (CVPR)},
  year={2023}
}

@inproceedings{DaiDeformCNN2017,
  author= {Jifeng Dai and
    Haozhi Qi and
    Yuwen Xiong and
    Yi Li and
    Guodong Zhang and
    Han Hu and
    Yichen Wei},
  title = {Deformable Convolutional Networks},
  booktitle    = {{IEEE} International Conference on Computer Vision (ICCV)},
  year  = {2017},
}

@article{DeCHROM2013,
  title={Robust pulse rate from chrominance-based rPPG},
  author={De Haan, Gerard and Jeanne, Vincent},
  journal={IEEE Transactions on Biomedical Engineering},
  volume={60},
  number={10},
  pages={2878--2886},
  year={2013},
}

@article{DeI2014,
  title={Improved motion robustness of remote-PPG by using the blood volume pulse signature},
  author={De Haan, Gerard and Van Leest, Arno},
  journal={Physiological measurement},
  volume={35},
  number={9},
  pages={1913},
  year={2014},
}

@ARTICLE{Dual-TL2024,
  author={Qian, Wei and Guo, Dan and Li, Kun and Zhang, Xiaowei and Tian, Xilan and Yang, Xun and Wang, Meng},
  journal={IEEE Transactions on Computational Social Systems}, 
  title={Dual-Path TokenLearner for Remote Photoplethysmography-Based Physiological Measurement With Facial Videos}, 
  year={2024},
  volume={11},
  number={3},
  pages={4465-4477},
}

@article{EladIDVSROLD2006,
  author= {Michael Elad and
    Michal Aharon},
  title = {Image Denoising Via Sparse and Redundant Representations Over Learned
    Dictionaries},
  journal      = {{IEEE} Trans. Image Process. (TIP)},
  volume= {15},
  number= {12},
  pages = {3736--3745},
  year  = {2006}
}

@inproceedings{EsserVQGAN2021,
  author= {Patrick Esser and
    Robin Rombach and
    Bj{\"{o}}rn Ommer},
  title = {Taming Transformers for High-Resolution Image Synthesis},
  booktitle    = {{IEEE} Conference on Computer Vision and Pattern Recognition (CVPR)},
  year  = {2021},
}

@inproceedings{GengPCT2023,
  title={Human Pose as Compositional Tokens},
  author={Geng, Zigang and Wang, Chunyu and Wei, Yixuan and Liu, Ze and Li, Houqiang and Hu, Han},
  booktitle={Proceedings of the IEEE/CVF Conference on Computer Vision and Pattern Recognition (CVPR)},
  year={2023}
}

@article{GuoTCSVT24,
author = {Guo, Dan and Li, Kun and Hu, Bin and Zhang, Yan and Wang, Meng},
title = {Benchmarking Micro-Action Recognition: Dataset, Methods, and Applications},
year = {2024},
publisher = {IEEE Press},
volume = {34},
number = {7},
journal = {IEEE Trans. Cir. and Sys. for Video Technol.},
pages = {6238â€“6252},
}

@inproceedings{HeMAE2022,
  author= {Kaiming He and
    Xinlei Chen and
    Saining Xie and
    Yanghao Li and
    Piotr Doll{\'{a}}r and
    Ross B. Girshick},
  title = {Masked Autoencoders Are Scalable Vision Learners},
  booktitle    = {{IEEE/CVF} Conference on Computer Vision and Pattern Recognition (CVPR)},
  year  = {2022}
}

@article{HuangUniColor2022,
  author= {Zhitong Huang and
    Nanxuan Zhao and
    Jing Liao},
  title = {UniColor: {A} Unified Framework for Multi-Modal Colorization with
    Transformer},
  journal      = {{ACM} Trans. Graph. (ToG)},
  volume= {41},
  number= {6},
  pages = {205:1--205:16},
  year  = {2022},
}

@inproceedings{JoPSISRULT2021,
  author= {Younghyun Jo and
    Seon Joo Kim},
  title = {Practical Single-Image Super-Resolution Using Look-Up Table},
  booktitle    = {{IEEE} Conference on Computer Vision and Pattern Recognition (CVPR)},
  year  = {2021},
}

@inproceedings{LewandowskaPCA2011,
  author= {Magdalena Lewandowska and
    Jacek Ruminski and
    Tomasz Kocejko and
    Jedrzej Nowak},
  title = {Measuring Pulse Rate with a Webcam - a Non-contact Method for Evaluating
    Cardiac Activity},
  booktitle    = {Federated Conference on Computer Science and Information Systems},
  year  = {2011}
}

@article{Li3DMM2017,
  author= {Tianye Li and
    Timo Bolkart and
    Michael J. Black and
    Hao Li and
    Javier Romero},
  title = {Learning a model of facial shape and expression from 4D scans},
  journal      = {{ACM} Trans. Graph.},
  volume= {36},
  number= {6},
  pages = {194:1--194:17},
  year  = {2017}
}

@inproceedings{LiMotionRobust2023,
  author= {Jianwei Li and
    Zitong Yu and
    Jingang Shi},
  title = {Learning Motion-Robust Remote Photoplethysmography through Arbitrary
    Resolution Videos},
  booktitle    = {Conference on Artificial Intelligence, {AAAI}},
  year  = {2023},
}

@inproceedings{LiuSwin2021,
  author= {Ze Liu and
    Yutong Lin and
    Yue Cao and
    Han Hu and
    Yixuan Wei and
    Zheng Zhang and
    Stephen Lin and
    Baining Guo},
  title = {Swin Transformer: Hierarchical Vision Transformer using Shifted Windows},
  booktitle    = {{IEEE/CVF} International Conference on Computer Vision (ICCV)},
  year  = {2021}
}

@article{LiurPPGMAE2023,
  author= {Xin Liu and
    Yuting Zhang and
    Zitong Yu and
    Hao Lu and
    Huanjing Yue and
    Jingyu Yang},
  title = {rPPG-MAE: Self-supervised Pre-training with Masked Autoencoders for
    Remote Physiological Measurement},
  journal      = {CoRR},
  volume= {abs/2306.02301},
  year  = {2023}
}

@inproceedings{LuDualGAN2021,
  author= {Hao Lu and
    Hu Han and
    S. Kevin Zhou},
  title = {Dual-GAN: Joint {BVP} and Noise Modeling for Remote Physiological
    Measurement},
  booktitle    = {{IEEE} Conference on Computer Vision and Pattern Recognition (CVPR)},
  year  = {2021},
}

@article{McDuffANMPM2011,
  author= {Ming{-}Zher Poh and
    Daniel J. McDuff and
    Rosalind W. Picard},
  title = {Advancements in Noncontact, Multiparameter Physiological Measurements
    Using a Webcam},
  journal      = {{IEEE} Trans. Biomed. Eng.},
  volume= {58},
  number= {1},
  pages = {7--11},
  year  = {2011}
}

@article{McDuffRPPGSURVEY2023,
  author= {Daniel McDuff},
  title = {Camera Measurement of Physiological Vital Signs},
  journal      = {{ACM} Comput. Surv.},
  volume= {55},
  pages = {176:1--176:40},
  year  = {2023},
}

@INPROCEEDINGS{MotionMatters2024,
  author={Paruchuri, Akshay and Liu, Xin and Pan, Yulu and Patel, Shwetak and McDuff, Daniel and Sengupta, Soumyadip},
  booktitle={2024 IEEE/CVF Winter Conference on Applications of Computer Vision (WACV)}, 
  title={Motion Matters: Neural Motion Transfer for Better Camera Physiological Measurement}, 
  year={2024},
  volume={},
  number={},
  pages={5921-5930},
}

@inproceedings{NgL2L2022,
  author= {Evonne Ng and
    Hanbyul Joo and
    Liwen Hu and
    Hao Li and
    Trevor Darrell and
    Angjoo Kanazawa and
    Shiry Ginosar},
  title = {Learning to Listen: Modeling Non-Deterministic Dyadic Facial Motion},
  booktitle    = {{IEEE/CVF} Conference on Computer Vision and Pattern Recognition (CVPR)},
  year  = {2022},
}

@inproceedings{NiuCVD2020,
  author= {Xuesong Niu and
    Zitong Yu and
    Hu Han and
    Xiaobai Li and
    Shiguang Shan and
    Guoying Zhao},
  title = {Video-Based Remote Physiological Measurement via Cross-Verified Feature
    Disentangling},
  booktitle    = {European Conference on Computer Vision (ECCV)},
  year  = {2020},
}

@article{NiuRhythm2020,
  author= {Xuesong Niu and
    Shiguang Shan and
    Hu Han and
    Xilin Chen},
  title = {RhythmNet: End-to-End Heart Rate Estimation From Face via Spatial-Temporal
    Representation},
  journal      = {{IEEE} Trans. Image Process.},
  volume= {29},
  pages = {2409--2423},
  year  = {2020},
}

@inproceedings{NiuVIPL2018,
  author= {Xuesong Niu and
    Hu Han and
    Shiguang Shan and
    Xilin Chen},
  title = {{VIPL-HR:} {A} Multi-modal Database for Pulse Estimation from Less-Constrained
    Face Video},
  booktitle    = {Asian Conference on Computer Vision (ACCV)},
  year  = {2018},
}

@inproceedings{OordVQVAE2017,
  author= {Aaron van den Oord and
    Oriol Vinyals and
    Koray Kavukcuoglu},
  title = {Neural Discrete Representation Learning},
  booktitle    = {Annual Conference on Neural Information Processing Systems (NeurIPS)},
  year  = {2017},
}

@article{PohICA2010,
  title={Non-contact, automated cardiac pulse measurements using video imaging and blind source separation.},
  author={Poh, Ming-Zher and McDuff, Daniel J and Picard, Rosalind W},
  journal={Optics express},
  volume={18},
  number={10},
  pages={10762--10774},
  year={2010},
}

@inproceedings{RazaviVQVAE22019,
  author= {Ali Razavi and
    A{\"{a}}ron van den Oord and
    Oriol Vinyals},
  title = {Generating Diverse High-Fidelity Images with {VQ-VAE-2}},
  booktitle    = {Annual Conference on Neural Information Processing Systems (NeurIPS)},
  year  = {2019},
}

@article{SongPulseGAN2021,
  author= {Rencheng Song and
    Huan Chen and
    Juan Cheng and
    Chang Li and
    Yu Liu and
    Xun Chen},
  title = {PulseGAN: Learning to Generate Realistic Pulse Waveforms in Remote
    Photoplethysmography},
  journal={IEEE Journal of Biomedical and Health Informatics}, 
  volume= {25},
  number= {5},
  pages = {1373--1384},
  year  = {2021},
}

@inproceedings{TimofteANRFESR2013,
  author= {Radu Timofte and
    Vincent De Smet and
    Luc Van Gool},
  title = {Anchored Neighborhood Regression for Fast Example-Based Super-Resolution},
  booktitle    = {{IEEE} International Conference on Computer Vision (ICCV)},
  year  = {2013},
}

@article{VerkruysseGreen2008,
  title={Remote plethysmographic imaging using ambient light.},
  author={Verkruysse, Wim and Svaasand, Lars O and Nelson, J Stuart},
  journal={Optics express},
  volume={16},
  number={26},
  pages={21434--21445},
  year={2008},
}

@article{WangPOS2017,
  author= {Wenjin Wang and
    Albertus C. den Brinker and
    Sander Stuijk and
    Gerard de Haan},
  title = {Algorithmic Principles of Remote {PPG}},
  journal      = {{IEEE} Trans. Biomed. Eng.},
  volume= {64},
  number= {7},
  pages = {1479--1491},
  year  = {2017},
}

@article{WeiConDiff2024,
  author={Wang, Jiyao and Wei, Ximeng and Lu, Hao and Chen, Yingcong and He, Dengbo},
  journal={IEEE Journal of Biomedical and Health Informatics}, 
  title={ConDiff-rPPG: Robust Remote Physiological Measurement to Heterogeneous Occlusions}, 
  year={2024},
  volume={},
  pages={1-13}
}

@inproceedings{XingCodetalker2023,
  title={Codetalker: Speech-driven 3d facial animation with discrete motion prior},
  author={Xing, Jinbo and Xia, Menghan and Zhang, Yuechen and Cun, Xiaodong and Wang, Jue and Wong, Tien-Tsin},
  booktitle={Proceedings of the IEEE/CVF Conference on Computer Vision and Pattern Recognition (CVPR)},
  year={2023}
}

@article{YangISRVSR2010,
  author= {Jianchao Yang and
    John Wright and
    Thomas S. Huang and
    Yi Ma},
  title = {Image Super-Resolution Via Sparse Representation},
  journal      = {{IEEE} Trans. Image Process. (TIP)},
  volume= {19},
  number= {11},
  pages = {2861--2873},
  year  = {2010},
}

@article{YuAuto2020,
  author= {Zitong Yu and
    Xiaobai Li and
    Xuesong Niu and
    Jingang Shi and
    Guoying Zhao},
  title = {AutoHR: {A} Strong End-to-End Baseline for Remote Heart Rate Measurement
    With Neural Searching},
  journal      = {{IEEE} Signal Process. Lett.},
  volume= {27},
  pages = {1245--1249},
  year  = {2020},
}

@inproceedings{YuPhysFormer2022,
  author= {Zitong Yu and
    Yuming Shen and
    Jingang Shi and
    Hengshuang Zhao and
    Philip H. S. Torr and
    Guoying Zhao},
  title = {PhysFormer: Facial Video-based Physiological Measurement with Temporal
    Difference Transformer},
  booktitle    = {{IEEE/CVF} Conference on Computer Vision and Pattern Recognition (CVPR)},
  year  = {2022}
}

@inproceedings{YuPhysNet2019,
  author= {Zitong Yu and
    Xiaobai Li and
    Guoying Zhao},
  title = {Remote Photoplethysmograph Signal Measurement from Facial Videos Using
    Spatio-Temporal Networks},
  booktitle    = {British Machine Vision Conference (BMVC)},
  year  = {2019},
}

@article{YuPhysformer++2023,
  author= {Zitong Yu and
    Yuming Shen and
    Jingang Shi and
    Hengshuang Zhao and
    Yawen Cui and
    Jiehua Zhang and
    Philip H. S. Torr and
    Guoying Zhao},
  title = {PhysFormer++: Facial Video-Based Physiological Measurement with SlowFast
    Temporal Difference Transformer},
  journal      = {Int. J. Comput. Vis.},
  volume= {131},
  number= {6},
  pages = {1307--1330},
  year  = {2023},
}

@article{ZhangAPOS2024,
  author= {Qing Zhang and
    Xingsen Lin and
    Yuxin Zhang and
    Xiaomei Liu and
    Fuhong Cai},
  title = {Adaptive plane orthogonal to skin-tone vector for non-contact pulse
    rate monitoring in motion scenarios},
  journal      = {Multim. Tools Appl.},
  volume= {83},
  number= {39},
  pages = {86741--86755},
  year  = {2024},
}

@inproceedings{ZhouCodeFormer2022,
  author= {Shangchen Zhou and
    Kelvin C. K. Chan and
    Chongyi Li and
    Chen Change Loy},
  title = {Towards Robust Blind Face Restoration with Codebook Lookup Transformer},
  booktitle    = {Annual Conference on Neural Information Processing System (NeurIPS)},
  year  = {2022}
}

@inproceedings{liu2020Deeprppg,
  title={A general remote photoplethysmography estimator with spatiotemporal convolutional network},
  author={Liu, Si-Qi and Yuen, Pong C},
  booktitle={2020 15th IEEE International Conference on Automatic Face and Gesture Recognition (FG 2020)},
  pages={481--488},
  year={2020},
  organization={IEEE}
}

@article{shao2023tranphys,
  title={TranPhys: Spatiotemporal Masked Transformer Steered Remote Photoplethysmography Estimation},
  author={Shao, Hang and Luo, Lei and Qian, Jianjun and Chen, Shuo and Hu, Chuanfei and Yang, Jian},
  journal={IEEE Transactions on Circuits and Systems for Video Technology},
  year={2023},
  publisher={IEEE}
}

