@inproceedings{YuPhysFormer2022,
  author= {Zitong Yu and
    Yuming Shen and
    Jingang Shi and
    Hengshuang Zhao and
    Philip H. S. Torr and
    Guoying Zhao},
  title = {PhysFormer: Facial Video-based Physiological Measurement with Temporal
    Difference Transformer},
  booktitle    = {{IEEE/CVF} Conference on Computer Vision and Pattern Recognition (CVPR)},
  year  = {2022}
}

@inproceedings{ChenDeepPhys2018,
  author= {Weixuan Chen and
    Daniel McDuff},
  title = {DeepPhys: Video-Based Physiological Measurement Using Convolutional
    Attention Networks},
  booktitle    = {European Conference on Computer Vision (ECCV)},
  year  = {2018}
}

@inproceedings{OordVQVAE2017,
  author= {Aaron van den Oord and
    Oriol Vinyals and
    Koray Kavukcuoglu},
  title = {Neural Discrete Representation Learning},
  booktitle    = {Annual Conference on Neural Information Processing Systems (NeurIPS)},
  year  = {2017},
}

@inproceedings{EsserVQGAN2021,
  author= {Patrick Esser and
    Robin Rombach and
    Bj{\"{o}}rn Ommer},
  title = {Taming Transformers for High-Resolution Image Synthesis},
  booktitle    = {{IEEE} Conference on Computer Vision and Pattern Recognition (CVPR)},
  year  = {2021},
}

@inproceedings{ZhouCodeFormer2022,
  author= {Shangchen Zhou and
    Kelvin C. K. Chan and
    Chongyi Li and
    Chen Change Loy},
  title = {Towards Robust Blind Face Restoration with Codebook Lookup Transformer},
  booktitle    = {Annual Conference on Neural Information Processing System (NeurIPS)},
  year  = {2022}
}

@inproceedings{KarrasStyleGAN2019,
  author= {Tero Karras and
    Samuli Laine and
    Timo Aila},
  title = {A Style-Based Generator Architecture for Generative Adversarial Networks},
  booktitle    = {{IEEE} Conference on Computer Vision and Pattern Recognition (CVPR)},
  year  = {2019},
}

@inproceedings{YuPhysNet2019,
  author= {Zitong Yu and
    Xiaobai Li and
    Guoying Zhao},
  title = {Remote Photoplethysmograph Signal Measurement from Facial Videos Using
    Spatio-Temporal Networks},
  booktitle    = {British Machine Vision Conference (BMVC)},
  year  = {2019},
}

@article{AhmedCSCUW2019,
  author= {Awais Ahmed and
    She Kun and
    Raheel Ahmed Memon and
    Junaid Ahmed and
    Getnet Tefera},
  title = {Convolutional Sparse Coding Using Wavelets for Single Image Super-Resolution},
  journal      = {{IEEE} Access},
  year  = {2019},
}

@inproceedings{TimofteANRFESR2013,
  author= {Radu Timofte and
    Vincent De Smet and
    Luc Van Gool},
  title = {Anchored Neighborhood Regression for Fast Example-Based Super-Resolution},
  booktitle    = {{IEEE} International Conference on Computer Vision (ICCV)},
  year  = {2013},
}

@article{YangISRVSR2010,
  author= {Jianchao Yang and
    John Wright and
    Thomas S. Huang and
    Yi Ma},
  title = {Image Super-Resolution Via Sparse Representation},
  journal      = {{IEEE} Trans. Image Process. (TIP)},
  volume= {19},
  number= {11},
  pages = {2861--2873},
  year  = {2010},
}

@article{EladIDVSROLD2006,
  author= {Michael Elad and
    Michal Aharon},
  title = {Image Denoising Via Sparse and Redundant Representations Over Learned
    Dictionaries},
  journal      = {{IEEE} Trans. Image Process. (TIP)},
  volume= {15},
  number= {12},
  pages = {3736--3745},
  year  = {2006}
}

@inproceedings{RazaviVQVAE22019,
  author= {Ali Razavi and
    A{\"{a}}ron van den Oord and
    Oriol Vinyals},
  title = {Generating Diverse High-Fidelity Images with {VQ-VAE-2}},
  booktitle    = {Annual Conference on Neural Information Processing Systems (NeurIPS)},
  year  = {2019},
}

@article{HuangUniColor2022,
  author= {Zhitong Huang and
    Nanxuan Zhao and
    Jing Liao},
  title = {UniColor: {A} Unified Framework for Multi-Modal Colorization with
    Transformer},
  journal      = {{ACM} Trans. Graph. (ToG)},
  volume= {41},
  number= {6},
  pages = {205:1--205:16},
  year  = {2022},
}

@inproceedings{NgL2L2022,
  author= {Evonne Ng and
    Hanbyul Joo and
    Liwen Hu and
    Hao Li and
    Trevor Darrell and
    Angjoo Kanazawa and
    Shiry Ginosar},
  title = {Learning to Listen: Modeling Non-Deterministic Dyadic Facial Motion},
  booktitle    = {{IEEE/CVF} Conference on Computer Vision and Pattern Recognition (CVPR)},
  year  = {2022},
}

@inproceedings{ChenGSS2023,
  title={Generative semantic segmentation},
  author={Chen, Jiaqi and Lu, Jiachen and Zhu, Xiatian and Zhang, Li},
  booktitle={Proceedings of the IEEE/CVF Conference on Computer Vision and Pattern Recognition (CVPR)},
  year={2023}
}

@inproceedings{GengPCT2023,
  title={Human Pose as Compositional Tokens},
  author={Geng, Zigang and Wang, Chunyu and Wei, Yixuan and Liu, Ze and Li, Houqiang and Hu, Han},
  booktitle={Proceedings of the IEEE/CVF Conference on Computer Vision and Pattern Recognition (CVPR)},
  year={2023}
}

@inproceedings{XingCodetalker2023,
  title={Codetalker: Speech-driven 3d facial animation with discrete motion prior},
  author={Xing, Jinbo and Xia, Menghan and Zhang, Yuechen and Cun, Xiaodong and Wang, Jue and Wong, Tien-Tsin},
  booktitle={Proceedings of the IEEE/CVF Conference on Computer Vision and Pattern Recognition (CVPR)},
  year={2023}
}

@inproceedings{JoPSISRULT2021,
  author= {Younghyun Jo and
    Seon Joo Kim},
  title = {Practical Single-Image Super-Resolution Using Look-Up Table},
  booktitle    = {{IEEE} Conference on Computer Vision and Pattern Recognition (CVPR)},
  year  = {2021},
}

@article{VerkruysseGreen2008,
  title={Remote plethysmographic imaging using ambient light.},
  author={Verkruysse, Wim and Svaasand, Lars O and Nelson, J Stuart},
  journal={Optics express},
  volume={16},
  number={26},
  pages={21434--21445},
  year={2008},
}

@article{DeCHROM2013,
  title={Robust pulse rate from chrominance-based rPPG},
  author={De Haan, Gerard and Jeanne, Vincent},
  journal={IEEE Transactions on Biomedical Engineering},
  volume={60},
  number={10},
  pages={2878--2886},
  year={2013},
}

@article{DeI2014,
  title={Improved motion robustness of remote-PPG by using the blood volume pulse signature},
  author={De Haan, Gerard and Van Leest, Arno},
  journal={Physiological measurement},
  volume={35},
  number={9},
  pages={1913},
  year={2014},
}

@inproceedings{NiuCVD2020,
  author= {Xuesong Niu and
    Zitong Yu and
    Hu Han and
    Xiaobai Li and
    Shiguang Shan and
    Guoying Zhao},
  title = {Video-Based Remote Physiological Measurement via Cross-Verified Feature
    Disentangling},
  booktitle    = {European Conference on Computer Vision (ECCV)},
  year  = {2020},
}

@inproceedings{LuDualGAN2021,
  author= {Hao Lu and
    Hu Han and
    S. Kevin Zhou},
  title = {Dual-GAN: Joint {BVP} and Noise Modeling for Remote Physiological
    Measurement},
  booktitle    = {{IEEE} Conference on Computer Vision and Pattern Recognition (CVPR)},
  year  = {2021},
}

@article{SongPulseGAN2021,
  author= {Rencheng Song and
    Huan Chen and
    Juan Cheng and
    Chang Li and
    Yu Liu and
    Xun Chen},
  title = {PulseGAN: Learning to Generate Realistic Pulse Waveforms in Remote
    Photoplethysmography},
  journal={IEEE Journal of Biomedical and Health Informatics}, 
  volume= {25},
  number= {5},
  pages = {1373--1384},
  year  = {2021},
}


@inproceedings{NiuVIPL2018,
  author= {Xuesong Niu and
    Hu Han and
    Shiguang Shan and
    Xilin Chen},
  title = {{VIPL-HR:} {A} Multi-modal Database for Pulse Estimation from Less-Constrained
    Face Video},
  booktitle    = {Asian Conference on Computer Vision (ACCV)},
  year  = {2018},
}

@article{BobbiaUBFC2019,
  author= {Serge Bobbia and
    Richard Macwan and
    Yannick Benezeth and
    Alamin Mansouri and
    Julien Dubois},
  title = {Unsupervised skin tissue segmentation for remote photoplethysmography},
  journal      = {Pattern Recognit. Lett.},
  volume= {124},
  pages = {82--90},
  year  = {2019},
}


@inproceedings{StrickerPURE2014,
  author= {Ronny Stricker and
    Steffen M{\"{u}}ller and
    Horst{-}Michael Gross},
  title = {Non-contact video-based pulse rate measurement on a mobile service robot},
  booktitle    = {{IEEE} International Symposium on Robot and Human Interactive
    Communication (RO-MAN)},
  year  = {2014},
}


@article{HeuschCOHFACE2017,
  author= {Guillaume Heusch and
    Andr{\'{e}} Anjos and
    S{\'{e}}bastien Marcel},
  title = {A Reproducible Study on Remote Heart Rate Measurement},
  journal      = {arXiv preprint arXiv:1709.00962},
  year  = {2017},
}


@inproceedings{McDuffCOHFACEFactor2017,
  author= {Daniel J. McDuff and
    Ethan B. Blackford and
    Justin R. Estepp},
  title = {The Impact of Video Compression on Remote Cardiac Pulse Measurement
    Using Imaging Photoplethysmography},
  booktitle    = {12th {IEEE} International Conference on Automatic Face {\&} Gesture
    Recognition (FG) },
  year  = {2017},
}

@inproceedings{LeeMeta2020,
  author= {Eugene Lee and
    Evan Chen and
    Chen{-}Yi Lee},
  title = {Meta-rPPG: Remote Heart Rate Estimation Using a Transductive Meta-learner},
  booktitle    = {European Conference on Computer Vision (ECCV)},
  year  = {2020},
}

@inproceedings{YuR2019,
  author= {Zitong Yu and
    Wei Peng and
    Xiaobai Li and
    Xiaopeng Hong and
    Guoying Zhao},
  title = {Remote Heart Rate Measurement From Highly Compressed Facial Videos:
    An End-to-End Deep Learning Solution With Video Enhancement},
  booktitle    = {{IEEE/CVF} International Conference on Computer Vision (ICCV)},
  year  = {2019},
}

@article{NiuRhythm2020,
  author= {Xuesong Niu and
    Shiguang Shan and
    Hu Han and
    Xilin Chen},
  title = {RhythmNet: End-to-End Heart Rate Estimation From Face via Spatial-Temporal
    Representation},
  journal      = {{IEEE} Trans. Image Process.},
  volume= {29},
  pages = {2409--2423},
  year  = {2020},
}


@article{YueVideo2023,
  title={Facial Video-based Remote Physiological Measurement via Self-supervised Learning},
  author={Yue, Zijie and Shi, Miaojing and Ding, Shuai},
  journal={IEEE Transactions on Pattern Analysis and Machine Intelligence},
  year={2023},
  publisher={IEEE}
}

@article{WeiC2022,
  author= {Yixuan Wei and
    Han Hu and
    Zhenda Xie and
    Zheng Zhang and
    Yue Cao and
    Jianmin Bao and
    Dong Chen and
    Baining Guo},
  title = {Contrastive Learning Rivals Masked Image Modeling in Fine-tuning via
    Feature Distillation},
  journal      = {arXiv preprint arXiv:2205.14141},
  year  = {2022},
}

@inproceedings{XuE2021,
  author= {Mengde Xu and
    Zheng Zhang and
    Han Hu and
    Jianfeng Wang and
    Lijuan Wang and
    Fangyun Wei and
    Xiang Bai and
    Zicheng Liu},
  title = {End-to-End Semi-Supervised Object Detection with Soft Teacher},
  booktitle    = {International Conference on Computer Vision (ICCV)},
  year  = {2021},
}

@inproceedings{BulatFAN2017,
  author= {Adrian Bulat and
    Georgios Tzimiropoulos},
  title = {How Far are We from Solving the 2D {\&} 3D Face Alignment Problem?
    (and a Dataset of 230, 000 3D Facial Landmarks)},
  booktitle    = {{IEEE} International Conference on Computer Vision (ICCV)},
  year  = {2017}
}

@article{WangPOS2017,
  author= {Wenjin Wang and
    Albertus C. den Brinker and
    Sander Stuijk and
    Gerard de Haan},
  title = {Algorithmic Principles of Remote {PPG}},
  journal      = {{IEEE} Trans. Biomed. Eng.},
  volume= {64},
  number= {7},
  pages = {1479--1491},
  year  = {2017},
}

@inproceedings{CarreiraI3D2017,
  author= {Jo{\~{a}}o Carreira and
    Andrew Zisserman},
  title = {Quo Vadis, Action Recognition? {A} New Model and the Kinetics Dataset},
  booktitle    = {{IEEE} Conference on Computer Vision and Pattern Recognition (CVPR)},
  year  = {2017},
}

@article{YuAuto2020,
  author= {Zitong Yu and
    Xiaobai Li and
    Xuesong Niu and
    Jingang Shi and
    Guoying Zhao},
  title = {AutoHR: {A} Strong End-to-End Baseline for Remote Heart Rate Measurement
    With Neural Searching},
  journal      = {{IEEE} Signal Process. Lett.},
  volume= {27},
  pages = {1245--1249},
  year  = {2020},
}

@inproceedings{DasBVP2021,
  author= {Abhijit Das and
    Hao Lu and
    Hu Han and
    Antitza Dantcheva and
    Shiguang Shan and
    Xilin Chen},
  title = {BVPNet: Video-to-BVP Signal Prediction for Remote Heart Rate Estimation},
  booktitle    = {{IEEE} International Conference on Automatic Face and Gesture
    Recognition (FG)},
  year  = {2021},
}

@inproceedings{SpetlikHRCNN2018,
  author= {Radim Spetl{\'{\i}}k and
    Vojtech Franc and
    Jan Cech and
    Jiri Matas},
  title = {Visual Heart Rate Estimation with Convolutional Neural Network},
  booktitle    = {British Machine Vision Conference (BMVC)},
  year  = {2018},
}

@article{BirlaAnd2022,
  author= {Lokendra Birla and
    Puneet Gupta},
  title = {AND-rPPG: {A} novel denoising-rPPG network for improving remote heart
    rate estimation},
  journal      = {Comput. Biol. Medicine},
  volume= {141},
  pages = {105146},
  year  = {2022},
}

@inproceedings{GideonHeart2021,
  author= {John Gideon and
    Simon Stent},
  title = {The Way to my Heart is through Contrastive Learning: Remote Photoplethysmography
    from Unlabelled Video},
  booktitle    = {{IEEE/CVF} International Conference on Computer Vision (ICCV)},
  year  = {2021},
}

@inproceedings{ChungDomain2022,
  author= {Wei{-}Hao Chung and
    Cheng{-}Ju Hsieh and
    Sheng{-}Hung Liu and
    Chiou{-}Ting Hsu},
  title = {Domain Generalized {RPPG} Network: Disentangled Feature Learning with
    Domain Permutation and Domain Augmentation},
  booktitle    = {Asian Conference on Computer
    Vision (ACCV)},
  year  = {2022},
}

@inproceedings{KingmaADAM2015,
  author= {Diederik P. Kingma and
    Jimmy Ba},
  title = {Adam: {A} Method for Stochastic Optimization},
  booktitle    = {International Conference on Learning Representations (ICLR)},
  year  = {2015},
}

@article{PohICA2010,
  title={Non-contact, automated cardiac pulse measurements using video imaging and blind source separation.},
  author={Poh, Ming-Zher and McDuff, Daniel J and Picard, Rosalind W},
  journal={Optics express},
  volume={18},
  number={10},
  pages={10762--10774},
  year={2010},
}

@inproceedings{TsouMulti2020,
  author= {Yun{-}Yun Tsou and
    Yi{-}An Lee and
    Chiou{-}Ting Hsu},
  title = {Multi-task Learning for Simultaneous Video Generation and Remote Photoplethysmography
    Estimation},
  booktitle    = {Asian Conference on Computer
    Vision (ACCV)},
  year  = {2020},
}

@inproceedings{DaiDeformCNN2017,
  author= {Jifeng Dai and
    Haozhi Qi and
    Yuwen Xiong and
    Yi Li and
    Guodong Zhang and
    Han Hu and
    Yichen Wei},
  title = {Deformable Convolutional Networks},
  booktitle    = {{IEEE} International Conference on Computer Vision (ICCV)},
  year  = {2017},
}

@inproceedings{HeSGD2019,
  author= {Fengxiang He and
    Tongliang Liu and
    Dacheng Tao},
  title = {Control Batch Size and Learning Rate to Generalize Well: Theoretical
    and Empirical Evidence},
  booktitle    = {Annual Conference on Neural Information Processing Systems (NeurIPS)},
  year  = {2019},
}

@inproceedings{TulyakovSAMC2016,
  author= {Sergey Tulyakov and
    Xavier Alameda{-}Pineda and
    Elisa Ricci and
    Lijun Yin and
    Jeffrey F. Cohn and
    Nicu Sebe},
  title = {Self-Adaptive Matrix Completion for Heart Rate Estimation from Face
    Videos under Realistic Conditions},
  booktitle    = { {IEEE} Conference on Computer Vision and Pattern Recognition,
    {CVPR}},
  year  = {2016},
}

@article{LuNASHR2021,
  author= {Hao Lu and
    Hu Han},
  title = {{NAS-HR:} Neural architecture search for heart rate estimation from
    face videos},
  journal      = {Virtual Real. Intell. Hardw.},
  volume= {3},
  number= {1},
  pages = {33--42},
  year  = {2021},
}

@inproceedings{DuDualBridge2023,
  author= {Jingda Du and
    Siqi Liu and
    Bochao Zhang and
    Pong C. Yuen},
  title = {Dual-bridging with Adversarial Noise Generation for Domain Adaptive
    rPPG Estimation},
  booktitle    = {{IEEE/CVF} Conference on Computer Vision and Pattern Recognition,
    {CVPR}},
  year  = {2023},
  
}

@inproceedings{LuNEST2023,
  author= {Hao Lu and
    Zitong Yu and
    Xuesong Niu and
    Yingcong Chen},
  title = {Neuron Structure Modeling for Generalizable Remote Physiological Measurement},
  booktitle    = {{IEEE/CVF} Conference on Computer Vision and Pattern Recognition,
    {CVPR}},
  year  = {2023},
}

@article{LiuEfficientPhys2021,
  author= {Xin Liu and
    Brian L. Hill and
    Ziheng Jiang and
    Shwetak N. Patel and
    Daniel McDuff},
  title = {EfficientPhys: Enabling Simple, Fast and Accurate Camera-Based Vitals
    Measurement},
  journal      = {CoRR},
  volume= {abs/2110.04447},
  year  = {2021},
}

@article{shao2023tranphys,
  title={TranPhys: Spatiotemporal Masked Transformer Steered Remote Photoplethysmography Estimation},
  author={Shao, Hang and Luo, Lei and Qian, Jianjun and Chen, Shuo and Hu, Chuanfei and Yang, Jian},
  journal={IEEE Transactions on Circuits and Systems for Video Technology},
  year={2023},
  publisher={IEEE}
}

@inproceedings{SunContrastPhys2022,
  author= {Zhaodong Sun and
    Xiaobai Li},
  title = {Contrast-Phys: Unsupervised Video-Based Remote Physiological Measurement
    via Spatiotemporal Contrast},
  booktitle    = {European Conference on Computer Vision (ECCV)},
  year  = {2022},
}

@article{zhao2022jamsnet,
  title={JAMSNet: a remote pulse extraction network based on joint attention and multi-scale fusion},
  author={Zhao, Changchen and Wang, Hongsheng and Chen, Huiling and Shi, Weiwei and Feng, Yuanjing},
  journal={IEEE Transactions on Circuits and Systems for Video Technology},
  year={2022},
  publisher={IEEE}
}

@inproceedings{liu2020Deeprppg,
  title={A general remote photoplethysmography estimator with spatiotemporal convolutional network},
  author={Liu, Si-Qi and Yuen, Pong C},
  booktitle={2020 15th IEEE International Conference on Automatic Face and Gesture Recognition (FG 2020)},
  pages={481--488},
  year={2020},
  organization={IEEE}
}

@article{hu2021eta,
  title={ETA-rPPGNet: Effective time-domain attention network for remote heart rate measurement},
  author={Hu, Min and Qian, Fei and Guo, Dong and Wang, Xiaohua and He, Lei and Ren, Fuji},
  journal={IEEE Transactions on Instrumentation and Measurement},
  volume={70},
  pages={1--12},
  year={2021},
  publisher={IEEE}
}

@inproceedings{LiMotionRobust2023,
  author= {Jianwei Li and
    Zitong Yu and
    Jingang Shi},
  title = {Learning Motion-Robust Remote Photoplethysmography through Arbitrary
    Resolution Videos},
  booktitle    = {Conference on Artificial Intelligence, {AAAI}},
  year  = {2023},
}

@article{srivastava2017veegan,
  title={Veegan: Reducing mode collapse in gans using implicit variational learning},
  author={Srivastava, Akash and Valkov, Lazar and Russell, Chris and Gutmann, Michael U and Sutton, Charles},
  journal={Advances in neural information processing systems},
  volume={30},
  year={2017}
}

@article{tolstikhin2021mlp,
  title={Mlp-mixer: An all-mlp architecture for vision},
  author={Tolstikhin, Ilya O and Houlsby, Neil and Kolesnikov, Alexander and Beyer, Lucas and Zhai, Xiaohua and Unterthiner, Thomas and Yung, Jessica and Steiner, Andreas and Keysers, Daniel and Uszkoreit, Jakob and others},
  journal={Advances in neural information processing systems},
  volume={34},
  pages={24261--24272},
  year={2021}
}

@article{bojanowski2017GLO,
  title={Optimizing the latent space of generative networks},
  author={Bojanowski, Piotr and Joulin, Armand and Lopez-Paz, David and Szlam, Arthur},
  journal={arXiv preprint arXiv:1707.05776},
  year={2017}
}

@inproceedings{NiuSTAttn2019,
  author= {Xuesong Niu and
    Xingyuan Zhao and
    Hu Han and
    Abhijit Das and
    Antitza Dantcheva and
    Shiguang Shan and
    Xilin Chen},
  title = {Robust Remote Heart Rate Estimation from Face Utilizing Spatial-temporal
    Attention},
  booktitle    = {{IEEE} International Conference on Automatic Face {\&} Gesture
    Recognition, {FG}},
  year  = {2019},
}

@inproceedings{LiuTSCAN2020,
  author= {Xin Liu and
    Josh Fromm and
    Shwetak N. Patel and
    Daniel McDuff},
  title = {Multi-Task Temporal Shift Attention Networks for On-Device Contactless
    Vitals Measurement},
  booktitle    = {Annual Conference on Neural Information Processing Systems (NeurIPS)},
  year  = {2020},
}

@article{YuPhysformer++2023,
  author= {Zitong Yu and
    Yuming Shen and
    Jingang Shi and
    Hengshuang Zhao and
    Yawen Cui and
    Jiehua Zhang and
    Philip H. S. Torr and
    Guoying Zhao},
  title = {PhysFormer++: Facial Video-Based Physiological Measurement with SlowFast
    Temporal Difference Transformer},
  journal      = {Int. J. Comput. Vis.},
  volume= {131},
  number= {6},
  pages = {1307--1330},
  year  = {2023},
}

@article{Li3DMM2017,
  author= {Tianye Li and
    Timo Bolkart and
    Michael J. Black and
    Hao Li and
    Javier Romero},
  title = {Learning a model of facial shape and expression from 4D scans},
  journal      = {{ACM} Trans. Graph.},
  volume= {36},
  number= {6},
  pages = {194:1--194:17},
  year  = {2017}
}

@article{McDuffANMPM2011,
  author= {Ming{-}Zher Poh and
    Daniel J. McDuff and
    Rosalind W. Picard},
  title = {Advancements in Noncontact, Multiparameter Physiological Measurements
    Using a Webcam},
  journal      = {{IEEE} Trans. Biomed. Eng.},
  volume= {58},
  number= {1},
  pages = {7--11},
  year  = {2011}
}

@inproceedings{LewandowskaPCA2011,
  author= {Magdalena Lewandowska and
    Jacek Ruminski and
    Tomasz Kocejko and
    Jedrzej Nowak},
  title = {Measuring Pulse Rate with a Webcam - a Non-contact Method for Evaluating
    Cardiac Activity},
  booktitle    = {Federated Conference on Computer Science and Information Systems},
  year  = {2011}
}

@article{LiurPPGMAE2023,
  author= {Xin Liu and
    Yuting Zhang and
    Zitong Yu and
    Hao Lu and
    Huanjing Yue and
    Jingyu Yang},
  title = {rPPG-MAE: Self-supervised Pre-training with Masked Autoencoders for
    Remote Physiological Measurement},
  journal      = {CoRR},
  volume= {abs/2306.02301},
  year  = {2023}
}

@inproceedings{AlexeyViT2021,
  author= {Alexey Dosovitskiy and
    Lucas Beyer and
    Alexander Kolesnikov and
    Dirk Weissenborn and
    Xiaohua Zhai and
    Thomas Unterthiner and
    Mostafa Dehghani and
    Matthias Minderer and
    Georg Heigold and
    Sylvain Gelly and
    Jakob Uszkoreit and
    Neil Houlsby},
  title = {An Image is Worth 16x16 Words: Transformers for Image Recognition
    at Scale},
  booktitle    = {International Conference on Learning Representations (ICLR)},
  year  = {2021}
}

@inproceedings{LiuSwin2021,
  author= {Ze Liu and
    Yutong Lin and
    Yue Cao and
    Han Hu and
    Yixuan Wei and
    Zheng Zhang and
    Stephen Lin and
    Baining Guo},
  title = {Swin Transformer: Hierarchical Vision Transformer using Shifted Windows},
  booktitle    = {{IEEE/CVF} International Conference on Computer Vision (ICCV)},
  year  = {2021}
}

@inproceedings{HeMAE2022,
  author= {Kaiming He and
    Xinlei Chen and
    Saining Xie and
    Yanghao Li and
    Piotr Doll{\'{a}}r and
    Ross B. Girshick},
  title = {Masked Autoencoders Are Scalable Vision Learners},
  booktitle    = {{IEEE/CVF} Conference on Computer Vision and Pattern Recognition (CVPR)},
  year  = {2022}
}

@article{McDuffRPPGSURVEY2023,
  author= {Daniel McDuff},
  title = {Camera Measurement of Physiological Vital Signs},
  journal      = {{ACM} Comput. Surv.},
  volume= {55},
  pages = {176:1--176:40},
  year  = {2023},
}

@article{WeiConDiff2024,
  author={Wang, Jiyao and Wei, Ximeng and Lu, Hao and Chen, Yingcong and He, Dengbo},
  journal={IEEE Journal of Biomedical and Health Informatics}, 
  title={ConDiff-rPPG: Robust Remote Physiological Measurement to Heterogeneous Occlusions}, 
  year={2024},
  volume={},
  pages={1-13}
}

@ARTICLE{CaoSTPhys2024,
  author={Cao, Mingyue and Cheng, Xu and Liu, Xingyu and Jiang, Yan and Yu, Hao and Shi, Jingang},
  journal={IEEE Journal of Biomedical and Health Informatics}, 
  title={ST-Phys: Unsupervised Spatio-Temporal Contrastive Remote Physiological Measurement}, 
  year={2024},
  volume={28},
  pages={4613-4624},
}

@ARTICLE{AlvarezFace2PPG2023,
  author={Casado, Constantino Alvarez and López, Miguel Bordallo},
  journal={IEEE Journal of Biomedical and Health Informatics}, 
  title={Face2PPG: An Unsupervised Pipeline for Blood Volume Pulse Extraction From Faces}, 
  year={2023},
  volume={27},
  pages={5530-5541},
}

@ARTICLE{HuangAD2021,
  author={Huang, Po-Wei and Wu, Bing-Jhang and Wu, Bing-Fei},
  journal={IEEE Journal of Biomedical and Health Informatics}, 
  title={A Heart Rate Monitoring Framework for Real-World Drivers Using Remote Photoplethysmography}, 
  year={2021},
  volume={25},
  pages={1397-1408},
 }

@ARTICLE{WangHSDG2024,
  author={Wang, Jiyao and Lu, Hao and Wang, Ange and Chen, Yingcong and He, Dengbo},
  journal={IEEE Journal of Biomedical and Health Informatics}, 
  title={Hierarchical Style-Aware Domain Generalization for Remote Physiological Measurement}, 
  year={2024},
  volume={28},
  pages={1635-1643},
}


@article{LianPalm2023,
  author= {Chao Lian and
    Yiming Yang and
    Xiaodong Yu and
    Hui Sun and
    Yuliang Zhao and
    Guanglie Zhang and
    Wen Jung Li},
  title = {Robust and Remote Photoplethysmography Based on Smartphone Imaging
    of the Human Palm},
  journal      = {{IEEE} Trans. Instrum. Meas.},
  volume= {72},
  pages = {1--11},
  year  = {2023},
}


@article{GongQSPS2024,
  author= {Zheng Gong and
    Xuezhi Yang and
    Rencheng Song and
    Xuesong Han and
    Chong Ren and
    Hailin Shi and
    Jianwei Niu and
    Wei Li},
  title = {Heart Rate Estimation in Driver Monitoring System Using Quality-Guided
    Spectrum Peak Screening},
  journal      = {{IEEE} Trans. Instrum. Meas.},
  volume= {73},
  pages = {1--14},
  year  = {2024},
}

@article{ZhangAPOS2024,
  author= {Qing Zhang and
    Xingsen Lin and
    Yuxin Zhang and
    Xiaomei Liu and
    Fuhong Cai},
  title = {Adaptive plane orthogonal to skin-tone vector for non-contact pulse
    rate monitoring in motion scenarios},
  journal      = {Multim. Tools Appl.},
  volume= {83},
  number= {39},
  pages = {86741--86755},
  year  = {2024},
}


@ARTICLE{CINrPPG2023,
  author={Li, Qi and Guo, Dan and Qian, Wei and Tian, Xilan and Sun, Xiao and Zhao, Haifeng and Wang, Meng},
  journal={IEEE Transactions on Circuits and Systems for Video Technology}, 
  title={Channel-Wise Interactive Learning for Remote Heart Rate Estimation From Facial Video}, 
  year={2024},
  volume={34},
  number={6},
  pages={4542-4555},
}


@INPROCEEDINGS{MotionMatters2024,
  author={Paruchuri, Akshay and Liu, Xin and Pan, Yulu and Patel, Shwetak and McDuff, Daniel and Sengupta, Soumyadip},
  booktitle={2024 IEEE/CVF Winter Conference on Applications of Computer Vision (WACV)}, 
  title={Motion Matters: Neural Motion Transfer for Better Camera Physiological Measurement}, 
  year={2024},
  volume={},
  number={},
  pages={5921-5930},
}


@ARTICLE{Dual-TL2024,
  author={Qian, Wei and Guo, Dan and Li, Kun and Zhang, Xiaowei and Tian, Xilan and Yang, Xun and Wang, Meng},
  journal={IEEE Transactions on Computational Social Systems}, 
  title={Dual-Path TokenLearner for Remote Photoplethysmography-Based Physiological Measurement With Facial Videos}, 
  year={2024},
  volume={11},
  number={3},
  pages={4465-4477},
}


@article{ContrastPhys+Sun2024,
  author= {Zhaodong Sun and
    Xiaobai Li},
  title = {Contrast-Phys+: Unsupervised and Weakly-Supervised Video-Based Remote
    Physiological Measurement via Spatiotemporal Contrast},
  journal      = {{IEEE} Trans. Pattern Anal. Mach. Intell.},
  volume= {46},
  number= {8},
  pages = {5835--5851},
  year  = {2024},
}

@inproceedings{HiBaLu2024,
  author= {Yin Wang and
    Hao Lu and
    Ying{-}Cong Chen and
    Li Kuang and
    Mengchu Zhou and
    Shuiguang Deng},
  title = {rPPG-HiBa: Hierarchical Balanced Framework for Remote Physiological
    Measurement},
  booktitle    = {Proceedings of the 32nd {ACM} International Conference on Multimedia},
  pages = {2982--2991},
  publisher    = {{ACM}},
  year  = {2024},
}

@inproceedings{RSrPPGZhao2024,
  author= {Marko Radisa Savic and
    Guoying Zhao},
  title = {RS-rPPG: Robust Self-Supervised Learning for rPPG},
  booktitle    = {18th {IEEE} International Conference on Automatic Face and Gesture
    Recognition},
  pages = {1--10},
  publisher    = {{IEEE}},
  year  = {2024},
}

@inproceedings{DOHASun2023,
  author= {Weiyu Sun and
    Xinyu Zhang and
    Hao Lu and
    Ying Chen and
    Yun Ge and
    Xiaolin Huang and
    Jie Yuan and
    Yingcong Chen},
  title = {Resolve Domain Conflicts for Generalizable Remote Physiological Measurement},
  booktitle    = {Proceedings of the 31st {ACM} International Conference on Multimedia},
  pages = {8214--8224},
  publisher    = {{ACM}},
  year  = {2023},
}


@inproceedings{SiNCSpeth2023,
  author= {Jeremy Speth and
    Nathan Vance and
    Patrick J. Flynn and
    Adam Czajka},
  title = {Non-Contrastive Unsupervised Learning of Physiological Signals from
    Video},
  booktitle    = {{IEEE/CVF} Conference on Computer Vision and Pattern Recognition,
    {CVPR}},
  pages = {14464--14474},
  publisher    = {{IEEE}},
  year  = {2023},
}

@inproceedings{ClusterPhysnWei2024,
author = {Qia, nWei and Li, Kun and Guo, Dan and Hu, Bin and Wang, Meng},
title = {Cluster-Phys: Facial Clues Clustering Towards Efficient Remote Physiological Measurement},
year = {2024},
publisher = {Association for Computing Machinery},
booktitle = {Proceedings of the 32nd ACM International Conference on Multimedia},
pages = {330–339},
}

@article{GuoTCSVT24,
author = {Guo, Dan and Li, Kun and Hu, Bin and Zhang, Yan and Wang, Meng},
title = {Benchmarking Micro-Action Recognition: Dataset, Methods, and Applications},
year = {2024},
publisher = {IEEE Press},
volume = {34},
number = {7},
journal = {IEEE Trans. Cir. and Sys. for Video Technol.},
pages = {6238–6252},
}