@article{goldblum2022dataset,
  title={Dataset security for machine learning: Data poisoning, backdoor attacks, and defenses},
  author={Goldblum, Micah and Tsipras, Dimitris and Xie, Chulin and Chen, Xinyun and Schwarzschild, Avi and Song, Dawn and M{\k{a}}dry, Aleksander and Li, Bo and Goldstein, Tom},
  journal={IEEE Transactions on Pattern Analysis and Machine Intelligence},
  volume={45},
  number={2},
  pages={1563--1580},
  year={2022},
  publisher={IEEE}
}

@article{wang2018data,
  title={Data poisoning attacks against online learning},
  author={Wang, Yizhen and Chaudhuri, Kamalika},
  journal={arXiv preprint arXiv:1808.08994},
  year={2018}
}

@article{wang2019investigation,
  title={An investigation of data poisoning defenses for online learning},
  author={Wang, Yizhen and Jha, Somesh and Chaudhuri, Kamalika},
  journal={arXiv preprint arXiv:1905.12121},
  year={2019}
}

@inproceedings{wang2023direct,
  title={Direct parameterization of lipschitz-bounded deep networks},
  author={Wang, Ruigang and Manchester, Ian},
  booktitle={International Conference on Machine Learning},
  pages={36093--36110},
  year={2023},
  organization={PMLR}
}

@misc{wang2024monotone,
      title={Monotone, Bi-Lipschitz, and Polyak-Lojasiewicz Networks}, 
      author={Ruigang Wang and Krishnamurthy Dvijotham and Ian R. Manchester},
      year={2024},
      eprint={2402.01344},
      archivePrefix={arXiv},
      primaryClass={cs.LG}
}

