@article{mitsos2009mccormick,
  title={McCormick-based relaxations of algorithms},
  author={Mitsos, Alexander and Chachuat, Benoit and Barton, Paul I},
  journal={SIAM Journal on Optimization},
  volume={20},
  number={2},
  pages={573--601},
  year={2009},
  publisher={SIAM}
}
@inproceedings{alfarano2023discovering,
  title={Discovering Lyapunov functions with transformers},
  author={Alfarano, Alberto and Charton, Fran{\c{c}}ois and Hayat, Amaury and des Ponts Paristech, CERMICS-Ecole},
  booktitle={The 3rd Workshop on Mathematical Reasoning and AI at NeurIPS},
  volume={23},
  year={2023}
}
@misc{wang2023helpsteer,
      title={HelpSteer: Multi-attribute Helpfulness Dataset for SteerLM}, 
      author={Zhilin Wang and Yi Dong and Jiaqi Zeng and Virginia Adams and Makesh Narsimhan Sreedhar and Daniel Egert and Olivier Delalleau and Jane Polak Scowcroft and Neel Kant and Aidan Swope and Oleksii Kuchaiev},
      year={2023},
      eprint={2311.09528},
      archivePrefix={arXiv},
      primaryClass={cs.CL}
}
@inproceedings{hochreiter2001learning,
  title={Learning to learn using gradient descent},
  author={Hochreiter, Sepp and Younger, A Steven and Conwell, Peter R},
  booktitle={Artificial Neural Networksâ€”ICANN 2001: International Conference Vienna, Austria, August 21--25, 2001 Proceedings 11},
  pages={87--94},
  year={2001},
  organization={Springer}
}
@article{andrychowicz2016learning,
  title={Learning to learn by gradient descent by gradient descent},
  author={Andrychowicz, Marcin and Denil, Misha and Gomez, Sergio and Hoffman, Matthew W and Pfau, David and Schaul, Tom and Shillingford, Brendan and De Freitas, Nando},
  journal={Advances in neural information processing systems},
  volume={29},
  year={2016}
}
@misc{dong2023steerlm,
      title={SteerLM: Attribute Conditioned SFT as an (User-Steerable) Alternative to RLHF}, 
      author={Yi Dong and Zhilin Wang and Makesh Narsimhan Sreedhar and Xianchao Wu and Oleksii Kuchaiev},
      year={2023},
      eprint={2310.05344},
      archivePrefix={arXiv},
      primaryClass={cs.CL}
}
@article{deng2012mnist,
  title={The mnist database of handwritten digit images for machine learning research},
  author={Deng, Li},
  journal={IEEE Signal Processing Magazine},
  volume={29},
  number={6},
  pages={141--142},
  year={2012},
  publisher={IEEE}
}
@inproceedings{tramer2016stealing,
  title={Stealing machine learning models via prediction $\{$APIs$\}$},
  author={Tram{\`e}r, Florian and Zhang, Fan and Juels, Ari and Reiter, Michael K and Ristenpart, Thomas},
  booktitle={25th USENIX security symposium (USENIX Security 16)},
  pages={601--618},
  year={2016}
}
@article{krizhevsky2009learning,
  title={Learning multiple layers of features from tiny images},
  author={Krizhevsky, Alex and Hinton, Geoffrey and others},
  year={2009},
  publisher={Toronto, ON, Canada}
}
@article{xiao2017fashion,
  title={Fashion-mnist: a novel image dataset for benchmarking machine learning algorithms},
  author={Xiao, Han and Rasul, Kashif and Vollgraf, Roland},
  journal={arXiv preprint arXiv:1708.07747},
  year={2017}
}
@book{boyd2004convex,
  title={Convex optimization},
  author={Boyd, Stephen and Vandenberghe, Lieven},
  year={2004},
  publisher={Cambridge university press}
}
@article{nash1987linear,
  title={Linear programming in infinite-dimensional spaces: theory and applications},
  author={Nash, Peter and Anderson, Edward J},
  journal={(No Title)},
  year={1987}
}
@article{clark2003infinite,
  title={An infinite-dimensional LP duality theorem},
  author={Clark, Stephen A},
  journal={Mathematics of Operations Research},
  volume={28},
  number={2},
  pages={233--245},
  year={2003},
  publisher={INFORMS}
}
@article{sosnin2024certified,
  title={Certified Robustness to Data Poisoning in Gradient-Based Training},
  author={Sosnin, Philip and M{\"u}ller, Mark N and Baader, Maximilian and Tsay, Calvin and Wicker, Matthew},
  journal={arXiv preprint arXiv:2406.05670},
  year={2024}
}
@inproceedings{rosenfeld2020certified,
  title={Certified robustness to label-flipping attacks via randomized smoothing},
  author={Rosenfeld, Elan and Winston, Ezra and Ravikumar, Pradeep and Kolter, Zico},
  booktitle={International Conference on Machine Learning},
  pages={8230--8241},
  year={2020},
  organization={PMLR}
}
@article{xie2022uncovering,
  title={Uncovering the connection between differential privacy and certified robustness of federated learning against poisoning attacks},
  author={Xie, Chulin and Long, Yunhui and Chen, Pin-Yu and Li, Bo},
  journal={arXiv preprint arXiv:2209.04030},
  year={2022}
}
@inproceedings{zhu2019transferable,
  title={Transferable clean-label poisoning attacks on deep neural nets},
  author={Zhu, Chen and Huang, W Ronny and Li, Hengduo and Taylor, Gavin and Studer, Christoph and Goldstein, Tom},
  booktitle={International conference on machine learning},
  pages={7614--7623},
  year={2019},
  organization={PMLR}
}
@inproceedings{han2022physical,
  title={Physical backdoor attacks to lane detection systems in autonomous driving},
  author={Han, Xingshuo and Xu, Guowen and Zhou, Yuan and Yang, Xuehuan and Li, Jiwei and Zhang, Tianwei},
  booktitle={Proceedings of the 30th ACM International Conference on Multimedia},
  pages={2957--2968},
  year={2022}
}
@article{gu2017badnets,
  title={Badnets: Identifying vulnerabilities in the machine learning model supply chain},
  author={Gu, Tianyu and Dolan-Gavitt, Brendan and Garg, Siddharth},
  journal={arXiv preprint arXiv:1708.06733},
  year={2017}
}
@article{chen2017targeted,
  title={Targeted backdoor attacks on deep learning systems using data poisoning},
  author={Chen, Xinyun and Liu, Chang and Li, Bo and Lu, Kimberly and Song, Dawn},
  journal={arXiv preprint arXiv:1712.05526},
  year={2017}
}
@article{tian2022comprehensive,
  title={A comprehensive survey on poisoning attacks and countermeasures in machine learning},
  author={Tian, Zhiyi and Cui, Lei and Liang, Jie and Yu, Shui},
  journal={ACM Computing Surveys},
  volume={55},
  number={8},
  pages={1--35},
  year={2022},
  publisher={ACM New York, NY}
}
@inproceedings{newsome2006paragraph,
  title={Paragraph: Thwarting signature learning by training maliciously},
  author={Newsome, James and Karp, Brad and Song, Dawn},
  booktitle={Recent Advances in Intrusion Detection: 9th International Symposium, RAID 2006 Hamburg, Germany, September 20-22, 2006 Proceedings 9},
  pages={81--105},
  year={2006},
  organization={Springer}
}
@inproceedings{biggio2018wild,
  title={Wild patterns: Ten years after the rise of adversarial machine learning},
  author={Biggio, Battista and Roli, Fabio},
  booktitle={Proceedings of the 2018 ACM SIGSAC Conference on Computer and Communications Security},
  pages={2154--2156},
  year={2018}
}
@article{raghunathan2018certified,
  title={Certified defenses against adversarial examples},
  author={Raghunathan, Aditi and Steinhardt, Jacob and Liang, Percy},
  journal={arXiv preprint arXiv:1801.09344},
  year={2018}
}
@article{diamond2016cvxpy,
  author  = {Steven Diamond and Stephen Boyd},
  title   = {{CVXPY}: {A} {P}ython-embedded modeling language for convex optimization},
  journal = {Journal of Machine Learning Research},
  year    = {2016},
  volume  = {17},
  number  = {83},
  pages   = {1--5},
}
@book{adams1995hitchhiker,
  title={The Hitchhiker's Guide to the Galaxy},
  author={Adams, D.},
  isbn={9781417642595},
  url={http://books.google.com/books?id=W-xMPgAACAAJ},
  year={1995},
  publisher={San Val}
}

@article{wang2019investigation,
  title={An investigation of data poisoning defenses for online learning},
  author={Wang, Yizhen and Jha, Somesh and Chaudhuri, Kamalika},
  journal={arXiv preprint arXiv:1905.12121},
  year={2019}
}

@article{wang2018data,
  title={Data poisoning attacks against online learning},
  author={Wang, Yizhen and Chaudhuri, Kamalika},
  journal={arXiv preprint arXiv:1808.08994},
  year={2018}
}

@inproceedings{zhang2020online,
  title={Online data poisoning attacks},
  author={Zhang, Xuezhou and Zhu, Xiaojin and Lessard, Laurent},
  booktitle={Learning for Dynamics and Control},
  pages={201--210},
  year={2020},
  organization={PMLR}
}

@article{zhang2022bagflip,
  title={Bagflip: A certified defense against data poisoning},
  author={Zhang, Yuhao and Albarghouthi, Aws and D'Antoni, Loris},
  journal={Advances in Neural Information Processing Systems},
  volume={35},
  pages={31474--31483},
  year={2022}
}

@article{steinhardt2017certified,
  title={Certified defenses for data poisoning attacks},
  author={Steinhardt, Jacob and Koh, Pang Wei W and Liang, Percy S},
  journal={Advances in neural information processing systems},
  volume={30},
  year={2017}
}

@article{wang2024temporal,
  title={Temporal Robustness against Data Poisoning},
  author={Wang, Wenxiao and Feizi, Soheil},
  journal={Advances in Neural Information Processing Systems},
  volume={36},
  year={2024}
}

@article{ouyang2022training,
  title={Training language models to follow instructions with human feedback},
  author={Ouyang, Long and Wu, Jeffrey and Jiang, Xu and Almeida, Diogo and Wainwright, Carroll and Mishkin, Pamela and Zhang, Chong and Agarwal, Sandhini and Slama, Katarina and Ray, Alex and others},
  journal={Advances in neural information processing systems},
  volume={35},
  pages={27730--27744},
  year={2022}
}

@article{christiano2017deep,
  title={Deep reinforcement learning from human preferences},
  author={Christiano, Paul F and Leike, Jan and Brown, Tom and Martic, Miljan and Legg, Shane and Amodei, Dario},
  journal={Advances in neural information processing systems},
  volume={30},
  year={2017}
}

@article{biggio2012poisoning,
  title={Poisoning attacks against support vector machines},
  author={Biggio, Battista and Nelson, Blaine and Laskov, Pavel},
  journal={arXiv preprint arXiv:1206.6389},
  year={2012}
}

@misc{wang2024monotone,
      title={Monotone, Bi-Lipschitz, and Polyak-Lojasiewicz Networks}, 
      author={Ruigang Wang and Krishnamurthy Dvijotham and Ian R. Manchester},
      year={2024},
      eprint={2402.01344},
      archivePrefix={arXiv},
      primaryClass={cs.LG}
}

@inproceedings{wang2023direct,
  title={Direct parameterization of lipschitz-bounded deep networks},
  author={Wang, Ruigang and Manchester, Ian},
  booktitle={International Conference on Machine Learning},
  pages={36093--36110},
  year={2023},
  organization={PMLR}
}

@article{goldblum2022dataset,
  title={Dataset security for machine learning: Data poisoning, backdoor attacks, and defenses},
  author={Goldblum, Micah and Tsipras, Dimitris and Xie, Chulin and Chen, Xinyun and Schwarzschild, Avi and Song, Dawn and M{\k{a}}dry, Aleksander and Li, Bo and Goldstein, Tom},
  journal={IEEE Transactions on Pattern Analysis and Machine Intelligence},
  volume={45},
  number={2},
  pages={1563--1580},
  year={2022},
  publisher={IEEE}
}

@article{el1998robust,
  title={Robust solutions to uncertain semidefinite programs},
  author={El Ghaoui, Laurent and Oustry, Francois and Lebret, Herv{\'e}},
  journal={SIAM Journal on Optimization},
  volume={9},
  number={1},
  pages={33--52},
  year={1998},
  publisher={SIAM}
}


@inproceedings{malek2014linear,
  title={Linear programming for large-scale Markov decision problems},
  author={Malek, Alan and Abbasi-Yadkori, Yasin and Bartlett, Peter},
  booktitle={International conference on machine learning},
  pages={496--504},
  year={2014},
  organization={PMLR}
}

@book{puterman2014markov,
  title={Markov decision processes: discrete stochastic dynamic programming},
  author={Puterman, Martin L},
  year={2014},
  publisher={John Wiley \& Sons}
}

@inproceedings{bassily2014private,
  title={Private empirical risk minimization: Efficient algorithms and tight error bounds},
  author={Bassily, Raef and Smith, Adam and Thakurta, Abhradeep},
  booktitle={2014 IEEE 55th annual symposium on foundations of computer science},
  pages={464--473},
  year={2014},
  organization={IEEE}
}

@book{diakonikolas2023algorithmic,
  title={Algorithmic high-dimensional robust statistics},
  author={Diakonikolas, Ilias and Kane, Daniel M},
  year={2023},
  publisher={Cambridge university press}
}


% IQC references

@article{megretski1997system,
  title={System analysis via integral quadratic constraints},
  author={Megretski, Alexandre and Rantzer, Anders},
  journal={IEEE transactions on automatic control},
  volume={42},
  number={6},
  pages={819--830},
  year={1997},
  publisher={IEEE}
}

@article{veenman2016robust,
  title={Robust stability and performance analysis based on integral quadratic constraints},
  author={Veenman, Joost and Scherer, Carsten W and K{\"o}ro{\u{g}}lu, Hakan},
  journal={European Journal of Control},
  volume={31},
  pages={1--32},
  year={2016},
  publisher={Elsevier}
}

@article{lessard2016analysis,
  title={Analysis and design of optimization algorithms via integral quadratic constraints},
  author={Lessard, Laurent and Recht, Benjamin and Packard, Andrew},
  journal={SIAM Journal on Optimization},
  volume={26},
  number={1},
  pages={57--95},
  year={2016},
  publisher={SIAM}
}

@article{michalowsky2021robust,
  title={Robust and structure exploiting optimisation algorithms: an integral quadratic constraint approach},
  author={Michalowsky, Simon and Scherer, Carsten and Ebenbauer, Christian},
  journal={International Journal of Control},
  volume={94},
  number={11},
  pages={2956--2979},
  year={2021},
  publisher={Taylor \& Francis}
}

@incollection{paganini2000linear,
  title={Linear matrix inequality methods for robust H2 analysis: A survey with comparisons},
  author={Paganini, Fernando and Feron, Eric},
  booktitle={Advances in linear matrix inequality methods in control},
  pages={129--151},
  year={2000},
  publisher={SIAM}
}

@misc{vanscoy2023tutorial,
      title={A Tutorial on a Lyapunov-Based Approach to the Analysis of Iterative Optimization Algorithms}, 
      author={Van Scoy, Bryan and Laurent Lessard},
      year={2023},
      eprint={2309.11377},
      archivePrefix={arXiv},
      primaryClass={math.OC}
}

@inproceedings{alift_cdc,
  author = {Van Scoy, Bryan and Laurent Lessard},
  booktitle = {IEEE Conference on Decision and Control},
  title = {{Absolute stability via lifting and interpolation}},
  year = 2022,
  month = dec,
  pages = {6217-6223},
  doi = {10.1109/CDC51059.2022.9993272},
  keywords = {conference, algopt},
}

@misc{vanscoy2021speedrobustness,
      title={The Speed-Robustness Trade-Off for First-Order Methods with Additive Gradient Noise}, 
      author={Van Scoy, Bryan and Laurent Lessard},
      year={2021},
      eprint={2109.05059},
      archivePrefix={arXiv},
      primaryClass={math.OC}
}

@article{zames1968stability,
  title={Stability conditions for systems with monotone and slope-restricted nonlinearities},
  author={Zames, George and Falb, PL},
  journal={SIAM Journal on Control},
  volume={6},
  number={1},
  pages={89--108},
  year={1968},
  publisher={SIAM}
}

@inproceedings{heath2005zames,
  title={Zames-Falb multipliers for quadratic programming},
  author={Heath, William Paul and Wills, Adrian G},
  booktitle={Proceedings of the 44th IEEE Conference on Decision and Control},
  pages={963--968},
  year={2005},
  organization={IEEE}
}