@String(PAMI  = {IEEE TPAMI})
@String(IJCV  = {IJCV})
@String(CVPR  = {CVPR})
@String(ICCV  = {ICCV})
@String(ECCV  = {ECCV})
@String(NIPS  = {NeurIPS})
@String(ICPR  = {ICPR})
@String(ICLR  = {ICLR})
@String(WACV  =	{WACV})
@String(BMVC  =	{BMVC})
@String(TOG   = {ACM TOG})
@String(TIP   = {IEEE TIP})
@String(TVCG  = {IEEE TVCG})
@String(TCSVT = {IEEE TCSVT})
@String(TMM   =	{IEEE TMM})
@String(ACMMM = {ACM MM})
@String(ICME  =	{ICME})
@String(ICML = {ICML})
@String(ICASSP=	{ICASSP})
@String(ICIP  = {ICIP})
@String(ACCV  = {ACCV})
@String(ICLR  = {ICLR})
@String(IJCAI = {IJCAI})
@String(PR = {PR})
@String(AAAI = {AAAI})
@String(CVPRW= {CVPRW})
@String(CSVT = {IEEE TCSVT})
@String(AISTATS = {AISTATS})

%begin added by QQ

%%%%%%%% PCDAs %%%%%%%%%%%%%
@article{qin2019pointdan,
  title={Pointdan: A multi-scale 3d domain adaption network for point cloud representation},
  author={Qin, Can and You, Haoxuan and Wang, Lichen and Kuo, C-C Jay and Fu, Yun},
  journal=NIPS,
  volume={32},
  year={2019}
}

@inproceedings{achituve2021self,
  title={Self-supervised learning for domain adaptation on point clouds},
  author={Achituve, Idan and Maron, Haggai and Chechik, Gal},
  booktitle=WACV,
  pages={123--133},
  year={2021}
}

@article{wang2021cross,
  title={Cross-dataset point cloud recognition using deep-shallow domain adaptation network},
  author={Wang, Feiyu and Li, Wen and Xu, Dong},
  journal=TIP,
  volume={30},
  pages={7364--7377},
  year={2021},
  publisher={IEEE}
}

@inproceedings{zou2021geometry,
  title={Geometry-aware self-training for unsupervised domain adaptation on object point clouds},
  author={Zou, Longkun and Tang, Hui and Chen, Ke and Jia, Kui},
  booktitle=CVPR,
  pages={6403--6412},
  year={2021}
}

@inproceedings{fan2022self,
  title={Self-supervised global-local structure modeling for point cloud domain adaptation with reliable voted pseudo labels},
  author={Fan, Hehe and Chang, Xiaojun and Zhang, Wanyue and Cheng, Yi and Sun, Ying and Kankanhalli, Mohan},
  booktitle=CVPR,
  pages={6377--6386},
  year={2022}
}

@inproceedings{shen2022domain,
  title={Domain adaptation on point clouds via geometry-aware implicits},
  author={Shen, Yuefan and Yang, Yanchao and Yan, Mi and Wang, He and Zheng, Youyi and Guibas, Leonidas J},
  booktitle=CVPR,
  pages={7223--7232},
  year={2022}
}

@article{shi2022dfan,
  title={Dfan: Dual-branch feature alignment network for domain adaptation on point clouds},
  author={Shi, Liangwei and Yuan, Zhimin and Cheng, Ming and Chen, Yiping and Wang, Cheng},
  journal={IEEE TGRS},
  volume={60},
  pages={1--12},
  year={2022},
  publisher={IEEE}
}

@inproceedings{liang2022point,
  title={Point Cloud Domain Adaptation via Masked Local 3D Structure Prediction},
  author={Liang, Hanxue and Fan, Hehe and Fan, Zhiwen and Wang, Yi and Chen, Tianlong and Cheng, Yu and Wang, Zhangyang},
  booktitle=ECCV,
  pages={156--172},
  year={2022},
  organization={Springer}
}

@inproceedings{cardace2023self,
  title={Self-Distillation for Unsupervised 3D Domain Adaptation},
  author={Cardace, Adriano and Spezialetti, Riccardo and Ramirez, Pierluigi Zama and Salti, Samuele and Di Stefano, Luigi},
  booktitle=WACV,
  pages={4166--4177},
  year={2023}
}

@article{ren2022uni3da,
  title={Uni3DA: Universal 3D Domain Adaptation for Object Recognition},
  author={Ren, Yu and Cong, Yang and Dong, Jiahua and Sun, Gan},
  journal=TCSVT,
  year={2022},
  publisher={IEEE}
}

@article{wei2022learning,
  title={Learning Generalizable Part-based Feature Representation for 3D Point Clouds},
  author={Wei, Xin and Gu, Xiang and Sun, Jian},
  journal=NIPS,
  volume={35},
  year={2022}
}

@inproceedings{huang2021metasets,
  title={Metasets: Meta-learning on point sets for generalizable representations},
  author={Huang, Chao and Cao, Zhangjie and Wang, Yunbo and Wang, Jianmin and Long, Mingsheng},
  booktitle=CVPR,
  pages={8863--8872},
  year={2021}
}

@inproceedings{park2023pcadapter,
  title={PC-Adapter: Topology-Aware Adapter for Efficient Domain Adaption on Point Clouds with Rectified Pseudo-label},
  author={Park, Joonhyung and Seo, Hyunjin and Yang Eunho},
  booktitle=ICCV,
  pages={11530-11540},
  year={2023}
}

PC-Adapter: Topology-Aware Adapter for Efficient Domain Adaption on Point Clouds with Rectified Pseudo-label

%%%%%%% DGCNN %%%%%%%%
@article{wang2019dynamic,
  title={Dynamic graph cnn for learning on point clouds},
  author={Wang, Yue and Sun, Yongbin and Liu, Ziwei and Sarma, Sanjay E and Bronstein, Michael M and Solomon, Justin M},
  journal=TOG,
  volume={38},
  number={5},
  pages={1--12},
  year={2019},
  publisher={ACM New York, NY, USA}
}
%%%%%%% PointNet %%%%%%%%

@inproceedings{qi2017pointnet,
  title={Pointnet: Deep learning on point sets for 3d classification and segmentation},
  author={Qi, Charles R and Su, Hao and Mo, Kaichun and Guibas, Leonidas J},
  booktitle=CVPR,
  pages={652--660},
  year={2017}
}

@article{qi2017pointnet++,
  title={Pointnet++: Deep hierarchical feature learning on point sets in a metric space},
  author={Qi, Charles Ruizhongtai and Yi, Li and Su, Hao and Guibas, Leonidas J},
  journal=NIPS,
  volume={30},
  year={2017}
}

%%%%%%%% MOCO %%%%%%%%%%%%
@inproceedings{he2020momentum,
  title={Momentum contrast for unsupervised visual representation learning},
  author={He, Kaiming and Fan, Haoqi and Wu, Yuxin and Xie, Saining and Girshick, Ross},
  booktitle=CVPR,
  pages={9729--9738},
  year={2020}
}

%%%%%%%%%% rotational invariant %%%%%%%%%%%%
@inproceedings{chen2019clusternet, 
title={Clusternet: Deep hierarchical cluster network with rigorously rotation-invariant representation for point cloud analysis}, 
author={Chen, Chao and Li, Guanbin and Xu, Ruijia and Chen, Tianshui and Wang, Meng and Lin, Liang}, 
booktitle=CVPR,
pages={4994--5002}, 
year={2019} 
} %rigorously rotation-invariant,

@inproceedings{deng2018ppf,
  title={Ppf-foldnet: Unsupervised learning of rotation invariant 3d local descriptors},
  author={Deng, Haowen and Birdal, Tolga and Ilic, Slobodan},
  booktitle=ECCV,
  pages={602--618},
  year={2018}
}

@inproceedings{zhang2020global,
  title={Global context aware convolutions for 3d point cloud understanding},
  author={Zhang, Zhiyuan and Hua, Binh-Son and Chen, Wei and Tian, Yibin and Yeung, Sai-Kit},
  booktitle={3DV},
  pages={210--219},
  year={2020},
  organization={IEEE}
}

@article{felzenszwalb2009object,
  title={Object detection with discriminatively trained part-based models},
  author={Felzenszwalb, Pedro F and Girshick, Ross B and McAllester, David and Ramanan, Deva},
  journal=PAMI,
  volume={32},
  number={9},
  pages={1627--1645},
  year={2009},
}

@inproceedings{lin2017focal,
  title={Focal loss for dense object detection},
  author={Lin, Tsung-Yi and Goyal, Priya and Girshick, Ross and He, Kaiming and Doll{\'a}r, Piotr},
  booktitle=ICCV,
  pages={2980--2988},
  year={2017}
}


@inproceedings{shrivastava2016training,
  title={Training region-based object detectors with online hard example mining},
  author={Shrivastava, Abhinav and Gupta, Abhinav and Girshick, Ross},
  booktitle=CVPR,
  pages={761--769},
  year={2016}
}

@inproceedings{wang2021instance,
  title={Instance-wise hard negative example generation for contrastive learning in unpaired image-to-image translation},
  author={Wang, Weilun and Zhou, Wengang and Bao, Jianmin and Chen, Dong and Li, Houqiang},
  booktitle=ICCV,
  pages={14020--14029},
  year={2021}
}


@article{rowley1998neural,
  title={Neural network-based face detection},
  author={Rowley, Henry A and Baluja, Shumeet and Kanade, Takeo},
  journal=PAMI,
  volume={20},
  number={1},
  pages={23--38},
  year={1998},
}

@inproceedings{dollar2009integral,
  title={Integral channel features.},
  author={Doll{\'a}r, Piotr and Tu, Zhuowen and Perona, Pietro and Belongie, Serge J},
  booktitle=BMVC,
  volume={2},
  pages={5},
  year={2009}
}

@inproceedings{yu2019unsupervised,
  title={Unsupervised person re-identification by soft multilabel learning},
  author={Yu, Hong-Xing and Zheng, Wei-Shi and Wu, Ancong and Guo, Xiaowei and Gong, Shaogang and Lai, Jian-Huang},
  booktitle=CVPR,
  pages={2148--2157},
  year={2019}
}

@article{zhao2020deep,
  title={Deep fusion feature representation learning with hard mining center-triplet loss for person re-identification},
  author={Zhao, Cairong and Lv, Xinbi and Zhang, Zhang and Zuo, Wangmeng and Wu, Jun and Miao, Duoqian},
  journal=TMM,
  volume={22},
  number={12},
  pages={3180--3195},
  year={2020}
}

@inproceedings{huang2020curricularface,
  title={Curricularface: adaptive curriculum learning loss for deep face recognition},
  author={Huang, Yuge and Wang, Yuhan and Tai, Ying and Liu, Xiaoming and Shen, Pengcheng and Li, Shaoxin and Li, Jilin and Huang, Feiyue},
  booktitle=CVPR,
  pages={5901--5910},
  year={2020}
}


@article{li2021rotation,
  title={A rotation-invariant framework for deep point cloud analysis},
  author={Li, Xianzhi and Li, Ruihui and Chen, Guangyong and Fu, Chi-Wing and Cohen-Or, Daniel and Heng, Pheng-Ann},
  journal=TVCG,
  volume={28},
  number={12},
  pages={4503--4514},
  year={2021},
  publisher={IEEE}
}

%%%%%%%%%% rotational equivalent %%%%%%%%%%%%

@inproceedings{luo2022equivariant,
  title={Equivariant point cloud analysis via learning orientations for message passing},
  author={Luo, Shitong and Li, Jiahan and Guan, Jiaqi and Su, Yufeng and Cheng, Chaoran and Peng, Jian and Ma, Jianzhu},
  booktitle=CVPR,
  pages={18932--18941},
  year={2022}
}


@InProceedings{Deng_2021_ICCV,
    author    = {Deng, Congyue and Litany, Or and Duan, Yueqi and Poulenard, Adrien and Tagliasacchi, Andrea and Guibas, Leonidas J.},
    title     = {Vector Neurons: A General Framework for SO(3)-Equivariant Networks},
    booktitle = ICCV,
    year      = {2021},
    pages     = {12200-12209}
}

@inproceedings{su2022svnet,
  title={Svnet: Where so (3) equivariance meets binarization on point cloud representation},
  author={Su, Zhuo and Welling, Max and Pietik{\"a}inen, Matti and Liu, Li},
  booktitle={3DV},
  pages={547--556},
  year={2022},
  organization={IEEE}
}

@inproceedings{chen2021equivariant,
  title={Equivariant point network for 3d point cloud analysis},
  author={Chen, Haiwei and Liu, Shichen and Chen, Weikai and Li, Hao and Hill, Randall},
  booktitle=CVPR,
  pages={14514--14523},
  year={2021}
}

@inproceedings{poulenard2021functional,
  title={A functional approach to rotation equivariant non-linearities for Tensor Field Networks.},
  author={Poulenard, Adrien and Guibas, Leonidas J},
  booktitle=CVPR,
  pages={13174--13183},
  year={2021}
}

%%%%%%%%%% point cloud analysis %%%%%%%%%%%

@article{zhang2022self,
  title={Self-supervised pretraining for large-scale point clouds},
  author={Zhang, Zaiwei and Bai, Min and Li, Erran Li},
  journal=NIPS,
  volume={35},
  year={2022}
}

@article{ma2022unsupervised,
  title={Unsupervised Point Cloud Completion and Segmentation by Generative Adversarial Autoencoding Network},
  author={Ma, Changfeng and Yang, Yang and Guo, Jie and Pan, Fei and Wang, Chongjun and Guo, Yanwen},
  journal=NIPS,
  volume={35},
  year={2022}
}

@inproceedings{goyal2021revisiting,
  title={Revisiting point cloud shape classification with a simple and effective baseline},
  author={Goyal, Ankit and Law, Hei and Liu, Bowei and Newell, Alejandro and Deng, Jia},
  booktitle=ICML,
  pages={3809--3820},
  year={2021},
  organization={PMLR}
}

@article{sun2021adversarially,
  title={Adversarially robust 3d point cloud recognition using self-supervisions},
  author={Sun, Jiachen and Cao, Yulong and Choy, Christopher B and Yu, Zhiding and Anandkumar, Anima and Mao, Zhuoqing Morley and Xiao, Chaowei},
  journal=NIPS,
  volume={34},
  year={2021}
}

%%%%%%%%%% applications %%%%%%%%%%

@inproceedings{brostow2008segmentation,
  title={Segmentation and recognition using structure from motion point clouds},
  author={Brostow, Gabriel J and Shotton, Jamie and Fauqueur, Julien and Cipolla, Roberto},
  booktitle=ECCV,
  pages={44--57},
  year={2008},
  organization={Springer}
}

@incollection{livny2010automatic,
  title={Automatic reconstruction of tree skeletal structures from point clouds},
  author={Livny, Yotam and Yan, Feilong and Olson, Matt and Chen, Baoquan and Zhang, Hao and El-Sana, Jihad},
  booktitle=TOG,
  pages={1--8},
  year={2010},
  publisher={ACM}
}

@inproceedings{golovinskiy2009shape,
  title={Shape-based recognition of 3D point clouds in urban environments},
  author={Golovinskiy, Aleksey and Kim, Vladimir G and Funkhouser, Thomas},
  booktitle=ICCV,
  pages={2154--2161},
  year={2009}
}

@inproceedings{leibe2007dynamic,
  title={Dynamic 3d scene analysis from a moving vehicle},
  author={Leibe, Bastian and Cornelis, Nico and Cornelis, Kurt and Van Gool, Luc},
  booktitle=CVPR,
  pages={1--8},
  year={2007}
}

@article{saxena2008make3d,
  title={Make3d: Learning 3d scene structure from a single still image},
  author={Saxena, Ashutosh and Sun, Min and Ng, Andrew Y},
  journal=PAMI,
  volume={31},
  number={5},
  pages={824--840},
  year={2008}
}




%%%%%%%%%% hard example %%%%%%%%%%%%%
@inproceedings{schroff2015facenet,
  title={Facenet: A unified embedding for face recognition and clustering},
  author={Schroff, Florian and Kalenichenko, Dmitry and Philbin, James},
  booktitle=CVPR,
  pages={815--823},
  year={2015}
}

@inproceedings{oh2016deep,
  title={Deep metric learning via lifted structured feature embedding},
  author={Oh Song, Hyun and Xiang, Yu and Jegelka, Stefanie and Savarese, Silvio},
  booktitle=CVPR,
  pages={4004--4012},
  year={2016}
}




%%%%%%%%%%% datasets %%%%%%%%%%%%%
@inproceedings{wu20153d,
  title={3d shapenets: A deep representation for volumetric shapes},
  author={Wu, Zhirong and Song, Shuran and Khosla, Aditya and Yu, Fisher and Zhang, Linguang and Tang, Xiaoou and Xiao, Jianxiong},
  booktitle=CVPR,
  pages={1912--1920},
  year={2015}
}

@article{chang2015shapenet,
  title={Shapenet: An information-rich 3d model repository},
  author={Chang, Angel X and Funkhouser, Thomas and Guibas, Leonidas and Hanrahan, Pat and Huang, Qixing and Li, Zimo and Savarese, Silvio and Savva, Manolis and Song, Shuran and Su, Hao and others},
  journal={arXiv preprint arXiv:1512.03012},
  year={2015}
}

@inproceedings{dai2017scannet,
  title={Scannet: Richly-annotated 3d reconstructions of indoor scenes},
  author={Dai, Angela and Chang, Angel X and Savva, Manolis and Halber, Maciej and Funkhouser, Thomas and Nie{\ss}ner, Matthias},
  booktitle=CVPR,
  pages={5828--5839},
  year={2017}
}

@article{zhao2019rotation,
  title={Rotation invariant point cloud classification: Where local geometry meets global topology},
  author={Zhao, Chen and Yang, Jiaqi and Xiong, Xin and Zhu, Angfan and Cao, Zhiguo and Li, Xin},
  journal={arXiv preprint arXiv:1911.00195},
  year={2019}
}



@inproceedings{madrytowards,
  title={Towards Deep Learning Models Resistant to Adversarial Attacks},
  author={Madry, Aleksander and Makelov, Aleksandar and Schmidt, Ludwig and Tsipras, Dimitris and Vladu, Adrian},
  booktitle=CVPR,
  year={2017}
}


@article{tarvainen2017mean,
  title={Mean teachers are better role models: Weight-averaged consistency targets improve semi-supervised deep learning results},
  author={Tarvainen, Antti and Valpola, Harri},
  journal=NIPS,
  volume={30},
  year={2017}
}

@inproceedings{caron2021emerging,
  title={Emerging properties in self-supervised vision transformers},
  author={Caron, Mathilde and Touvron, Hugo and Misra, Ishan and J{\'e}gou, Herv{\'e} and Mairal, Julien and Bojanowski, Piotr and Joulin, Armand},
  booktitle=ICCV,
  pages={9650--9660},
  year={2021}
}

@article{hinton2015distilling,
  title={Distilling the knowledge in a neural network},
  author={Hinton, Geoffrey and Vinyals, Oriol and Dean, Jeff},
  journal={arXiv preprint arXiv:1503.02531},
  year={2015}
}

@article{van2008visualizing,
  title={Visualizing data using t-SNE.},
  author={Van der Maaten, Laurens and Hinton, Geoffrey},
  journal=JMLR,
  volume={9},
  number={11},
  year={2008}
}

@article{kingma2014adam,
  title={Adam: A method for stochastic optimization},
  author={Kingma, Diederik P and Ba, Jimmy},
  journal={arXiv preprint arXiv:1412.6980},
  year={2014}
}

@article{borgwardt2006integrating,
  title={Integrating structured biological data by kernel maximum mean discrepancy},
  author={Borgwardt, Karsten M and Gretton, Arthur and Rasch, Malte J and Kriegel, Hans-Peter and Sch{\"o}lkopf, Bernhard and Smola, Alex J},
  journal={Bioinformatics},
  volume={22},
  number={14},
  pages={e49--e57},
  year={2006},
  publisher={Oxford University Press}
}

% MMD
@article{gretton2012kernel,
  title={A kernel two-sample test},
  author={Gretton, Arthur and Borgwardt, Karsten M and Rasch, Malte J and Sch{\"o}lkopf, Bernhard and Smola, Alexander},
  journal={JMLR},
  volume={13},
  number={1},
  pages={723--773},
  year={2012},
  publisher={JMLR. org}
}

% RI methods

@article{zhang2022riconv,
  title={Riconv++: Effective rotation invariant convolutions for 3d point clouds deep learning},
  author={Zhang, Zhiyuan and Hua, Binh-Son and Yeung, Sai-Kit},
  journal=IJCV,
  volume={130},
  number={5},
  pages={1228--1243},
  year={2022},
  publisher={Springer}
}

@inproceedings{chen2022devil,
  title={The devil is in the pose: Ambiguity-free 3d rotation-invariant learning via pose-aware convolution},
  author={Chen, Ronghan and Cong, Yang},
  booktitle=CVPR,
  pages={7472--7481},
  year={2022}
}

@article{you2021prin,
  title={Prin/sprin: On extracting point-wise rotation invariant features},
  author={You, Yang and Lou, Yujing and Shi, Ruoxi and Liu, Qi and Tai, Yu-Wing and Ma, Lizhuang and Wang, Weiming and Lu, Cewu},
  journal=PAMI,
  volume={44},
  number={12},
  pages={9489--9502},
  year={2021},
  publisher={IEEE}
}

@inproceedings{li2021closer,
  title={A closer look at rotation-invariant deep point cloud analysis},
  author={Li, Feiran and Fujiwara, Kent and Okura, Fumio and Matsushita, Yasuyuki},
  booktitle=ICCV,
  pages={16218--16227},
  year={2021}
}

@article{kim2020rotation,
  title={Rotation-invariant local-to-global representation learning for 3d point cloud},
  author={Kim, Seohyun and Park, Jaeyoo and Han, Bohyung},
  journal=NIPS,
  volume={33},
  year={2020}
}

@inproceedings{wang2024progressive,
  title={Progressive Classifier and Feature Extractor Adaptation for Unsupervised Domain Adaptation on Point Clouds},
  author={Wang, Zicheng and Zhao, Zhen and Wu, Yiming and Zhou, Luping and Xu, Dong},
  booktitle=ECCV,
  pages={37--55},
  year={2024},
  organization={Springer}
}

@inproceedings{huang2023sug,
  title={SUG: Single-dataset Unified Generalization for 3D Point Cloud Classification},
  author={Huang, Siyuan and Zhang, Bo and Shi, Botian and Li, Hongsheng and Li, Yikang and Gao, Peng},
  booktitle=ACMMM,
  pages={8644--8652},
  year={2023}
}

@inproceedings{chen2024local,
  title={Local-consistent Transformation Learning for Rotation-invariant Point Cloud Analysis},
  author={Chen, Yiyang and Duan, Lunhao and Zhao, Shanshan and Ding, Changxing and Tao, Dacheng},
  booktitle=CVPR,
  pages={5418--5427},
  year={2024}
}

@article{gao2023distributionally,
  title={Distributionally robust stochastic optimization with Wasserstein distance},
  author={Gao, Rui and Kleywegt, Anton},
  journal={Mathematics of Operations Research},
  volume={48},
  number={2},
  pages={603--655},
  year={2023},
  publisher={INFORMS}
}

@article{chen2020distributionally,
  title={Distributionally robust learning},
  author={Chen, Ruidi and Paschalidis, Ioannis Ch and others},
  journal={Foundations and Trends in Optimization},
  volume={4},
  number={1-2},
  pages={1--243},
  year={2020},
  publisher={Now Publishers, Inc.}
}

@incollection{kuhn2019wasserstein,
  title={Wasserstein distributionally robust optimization: Theory and applications in machine learning},
  author={Kuhn, Daniel and Esfahani, Peyman Mohajerin and Nguyen, Viet Anh and Shafieezadeh-Abadeh, Soroosh},
  booktitle={Operations research \& management science in the age of analytics},
  pages={130--166},
  year={2019},
  publisher={Informs}
}

@inproceedings{zheng2024advst,
  title={AdvST: Revisiting Data Augmentations for Single Domain Generalization},
  author={Zheng, Guangtao and Huai, Mengdi and Zhang, Aidong},
  booktitle=AAAI,
  volume={38},
  number={19},
  pages={21832--21840},
  year={2024}
}