@InProceedings{Deng_2021_ICCV,
    author    = {Deng, Congyue and Litany, Or and Duan, Yueqi and Poulenard, Adrien and Tagliasacchi, Andrea and Guibas, Leonidas J.},
    title     = {Vector Neurons: A General Framework for SO(3)-Equivariant Networks},
    booktitle = ICCV,
    year      = {2021},
    pages     = {12200-12209}
}

@inproceedings{achituve2021self,
  title={Self-supervised learning for domain adaptation on point clouds},
  author={Achituve, Idan and Maron, Haggai and Chechik, Gal},
  booktitle=WACV,
  pages={123--133},
  year={2021}
}

@inproceedings{cardace2023self,
  title={Self-Distillation for Unsupervised 3D Domain Adaptation},
  author={Cardace, Adriano and Spezialetti, Riccardo and Ramirez, Pierluigi Zama and Salti, Samuele and Di Stefano, Luigi},
  booktitle=WACV,
  pages={4166--4177},
  year={2023}
}

@inproceedings{chen2019clusternet, 
title={Clusternet: Deep hierarchical cluster network with rigorously rotation-invariant representation for point cloud analysis}, 
author={Chen, Chao and Li, Guanbin and Xu, Ruijia and Chen, Tianshui and Wang, Meng and Lin, Liang}, 
booktitle=CVPR,
pages={4994--5002}, 
year={2019} 
}

@inproceedings{chen2021equivariant,
  title={Equivariant point network for 3d point cloud analysis},
  author={Chen, Haiwei and Liu, Shichen and Chen, Weikai and Li, Hao and Hill, Randall},
  booktitle=CVPR,
  pages={14514--14523},
  year={2021}
}

@inproceedings{chen2022devil,
  title={The devil is in the pose: Ambiguity-free 3d rotation-invariant learning via pose-aware convolution},
  author={Chen, Ronghan and Cong, Yang},
  booktitle=CVPR,
  pages={7472--7481},
  year={2022}
}

@inproceedings{dollar2009integral,
  title={Integral channel features.},
  author={Doll{\'a}r, Piotr and Tu, Zhuowen and Perona, Pietro and Belongie, Serge J},
  booktitle=BMVC,
  volume={2},
  pages={5},
  year={2009}
}

@inproceedings{fan2022self,
  title={Self-supervised global-local structure modeling for point cloud domain adaptation with reliable voted pseudo labels},
  author={Fan, Hehe and Chang, Xiaojun and Zhang, Wanyue and Cheng, Yi and Sun, Ying and Kankanhalli, Mohan},
  booktitle=CVPR,
  pages={6377--6386},
  year={2022}
}

@article{felzenszwalb2009object,
  title={Object detection with discriminatively trained part-based models},
  author={Felzenszwalb, Pedro F and Girshick, Ross B and McAllester, David and Ramanan, Deva},
  journal=PAMI,
  volume={32},
  number={9},
  pages={1627--1645},
  year={2009},
}

@inproceedings{huang2021metasets,
  title={Metasets: Meta-learning on point sets for generalizable representations},
  author={Huang, Chao and Cao, Zhangjie and Wang, Yunbo and Wang, Jianmin and Long, Mingsheng},
  booktitle=CVPR,
  pages={8863--8872},
  year={2021}
}

@article{kim2020rotation,
  title={Rotation-invariant local-to-global representation learning for 3d point cloud},
  author={Kim, Seohyun and Park, Jaeyoo and Han, Bohyung},
  journal=NIPS,
  volume={33},
  year={2020}
}

@inproceedings{li2021closer,
  title={A closer look at rotation-invariant deep point cloud analysis},
  author={Li, Feiran and Fujiwara, Kent and Okura, Fumio and Matsushita, Yasuyuki},
  booktitle=ICCV,
  pages={16218--16227},
  year={2021}
}

@article{li2021rotation,
  title={A rotation-invariant framework for deep point cloud analysis},
  author={Li, Xianzhi and Li, Ruihui and Chen, Guangyong and Fu, Chi-Wing and Cohen-Or, Daniel and Heng, Pheng-Ann},
  journal=TVCG,
  volume={28},
  number={12},
  pages={4503--4514},
  year={2021},
  publisher={IEEE}
}

@inproceedings{liang2022point,
  title={Point Cloud Domain Adaptation via Masked Local 3D Structure Prediction},
  author={Liang, Hanxue and Fan, Hehe and Fan, Zhiwen and Wang, Yi and Chen, Tianlong and Cheng, Yu and Wang, Zhangyang},
  booktitle=ECCV,
  pages={156--172},
  year={2022},
  organization={Springer}
}

@inproceedings{lin2017focal,
  title={Focal loss for dense object detection},
  author={Lin, Tsung-Yi and Goyal, Priya and Girshick, Ross and He, Kaiming and Doll{\'a}r, Piotr},
  booktitle=ICCV,
  pages={2980--2988},
  year={2017}
}

@inproceedings{luo2022equivariant,
  title={Equivariant point cloud analysis via learning orientations for message passing},
  author={Luo, Shitong and Li, Jiahan and Guan, Jiaqi and Su, Yufeng and Cheng, Chaoran and Peng, Jian and Ma, Jianzhu},
  booktitle=CVPR,
  pages={18932--18941},
  year={2022}
}

@inproceedings{park2023pcadapter,
  title={PC-Adapter: Topology-Aware Adapter for Efficient Domain Adaption on Point Clouds with Rectified Pseudo-label},
  author={Park, Joonhyung and Seo, Hyunjin and Yang Eunho},
  booktitle=ICCV,
  pages={11530-11540},
  year={2023}
}

@inproceedings{poulenard2021functional,
  title={A functional approach to rotation equivariant non-linearities for Tensor Field Networks.},
  author={Poulenard, Adrien and Guibas, Leonidas J},
  booktitle=CVPR,
  pages={13174--13183},
  year={2021}
}

@inproceedings{qi2017pointnet,
  title={Pointnet: Deep learning on point sets for 3d classification and segmentation},
  author={Qi, Charles R and Su, Hao and Mo, Kaichun and Guibas, Leonidas J},
  booktitle=CVPR,
  pages={652--660},
  year={2017}
}

@article{qin2019pointdan,
  title={Pointdan: A multi-scale 3d domain adaption network for point cloud representation},
  author={Qin, Can and You, Haoxuan and Wang, Lichen and Kuo, C-C Jay and Fu, Yun},
  journal=NIPS,
  volume={32},
  year={2019}
}

@inproceedings{schroff2015facenet,
  title={Facenet: A unified embedding for face recognition and clustering},
  author={Schroff, Florian and Kalenichenko, Dmitry and Philbin, James},
  booktitle=CVPR,
  pages={815--823},
  year={2015}
}

@inproceedings{su2022svnet,
  title={Svnet: Where so (3) equivariance meets binarization on point cloud representation},
  author={Su, Zhuo and Welling, Max and Pietik{\"a}inen, Matti and Liu, Li},
  booktitle={3DV},
  pages={547--556},
  year={2022},
  organization={IEEE}
}

@article{wang2019dynamic,
  title={Dynamic graph cnn for learning on point clouds},
  author={Wang, Yue and Sun, Yongbin and Liu, Ziwei and Sarma, Sanjay E and Bronstein, Michael M and Solomon, Justin M},
  journal=TOG,
  volume={38},
  number={5},
  pages={1--12},
  year={2019},
  publisher={ACM New York, NY, USA}
}

@inproceedings{wang2021instance,
  title={Instance-wise hard negative example generation for contrastive learning in unpaired image-to-image translation},
  author={Wang, Weilun and Zhou, Wengang and Bao, Jianmin and Chen, Dong and Li, Houqiang},
  booktitle=ICCV,
  pages={14020--14029},
  year={2021}
}

@article{wei2022learning,
  title={Learning Generalizable Part-based Feature Representation for 3D Point Clouds},
  author={Wei, Xin and Gu, Xiang and Sun, Jian},
  journal=NIPS,
  volume={35},
  year={2022}
}

@inproceedings{yu2019unsupervised,
  title={Unsupervised person re-identification by soft multilabel learning},
  author={Yu, Hong-Xing and Zheng, Wei-Shi and Wu, Ancong and Guo, Xiaowei and Gong, Shaogang and Lai, Jian-Huang},
  booktitle=CVPR,
  pages={2148--2157},
  year={2019}
}

@inproceedings{zhang2020global,
  title={Global context aware convolutions for 3d point cloud understanding},
  author={Zhang, Zhiyuan and Hua, Binh-Son and Chen, Wei and Tian, Yibin and Yeung, Sai-Kit},
  booktitle={3DV},
  pages={210--219},
  year={2020},
  organization={IEEE}
}

@article{zhao2019rotation,
  title={Rotation invariant point cloud classification: Where local geometry meets global topology},
  author={Zhao, Chen and Yang, Jiaqi and Xiong, Xin and Zhu, Angfan and Cao, Zhiguo and Li, Xin},
  journal={arXiv preprint arXiv:1911.00195},
  year={2019}
}

@inproceedings{zou2021geometry,
  title={Geometry-aware self-training for unsupervised domain adaptation on object point clouds},
  author={Zou, Longkun and Tang, Hui and Chen, Ke and Jia, Kui},
  booktitle=CVPR,
  pages={6403--6412},
  year={2021}
}

