@inproceedings{balagansky2024mechanistic_permutability,
  title  = {Mechanistic Permutability: Match Features Across Layers},
  author = {Nikita Balagansky and Ian Maksimov and Daniil Gavrilov},
  year   = {2024},
  url    = {https://openreview.net/forum?id=MDvecs7EvO},
  booktitle = {openreview}
}

@misc{balcells2024evolutionsaefeatureslayers,
      title={Evolution of SAE Features Across Layers in LLMs}, 
      author={Daniel Balcells and Benjamin Lerner and Michael Oesterle and Ediz Ucar and Stefan Heimersheim},
      year={2024},
      eprint={2410.08869},
      archivePrefix={arXiv},
      primaryClass={cs.LG},
      url={https://arxiv.org/abs/2410.08869}, 
}

@misc{chalnev2024improvingsteeringvectorstargeting,
      title={Improving Steering Vectors by Targeting Sparse Autoencoder Features}, 
      author={Sviatoslav Chalnev and Matthew Siu and Arthur Conmy},
      year={2024},
      eprint={2411.02193},
      archivePrefix={arXiv},
      primaryClass={cs.LG},
      url={https://arxiv.org/abs/2411.02193}, 
}

@inproceedings{conmy2023automated,
      title={Towards Automated Circuit Discovery for Mechanistic Interpretability}, 
      author={Arthur Conmy and Augustine N. Mavor-Parker and Aengus Lynch and Stefan Heimersheim and Adri{\`a} Garriga-Alonso},
      booktitle={Thirty-seventh Conference on Neural Information Processing Systems},
      year={2023},
      eprint={2304.14997},
      archivePrefix={arXiv},
      primaryClass={cs.LG}
}

@article{dunefsky2024transcoders,
  title   = {Transcoders Find Interpretable LLM Feature Circuits},
  author  = {Jacob Dunefsky and Philippe Chlenski and Neel Nanda},
  year    = {2024},
  journal = {arXiv preprint arXiv: 2406.11944}
}

@article{ge2024automatically,
  title   = {Automatically Identifying Local and Global Circuits with Linear Computation Graphs},
  author  = {Xuyang Ge and Fukang Zhu and Wentao Shu and Junxuan Wang and Zhengfu He and Xipeng Qiu},
  year    = {2024},
  journal = {arXiv preprint arXiv: 2405.13868}
}

