@InProceedings{Kirchmeyer2022coda,
  author       = {Kirchmeyer, Matthieu and Yin, Yuan and Don{\`a}, J{\'e}r{\'e}mie and Baskiotis, Nicolas and Rakotomamonjy, Alain and Gallinari, Patrick},
  booktitle    = {International Conference on Machine Learning},
  title        = {Generalizing to new physical systems via context-informed dynamics model},
  year         = {2022},
  organization = {PMLR},
  pages        = {11283--11301},
  file         = {:(CoDA) Generalizing to New Physical Systems Via Context Informed Dynamics Model - Kirchmeyer2022.pdf:PDF},
  groups       = {Physical simulation, Meta learning},
  keywords     = {CoDA},
}

@article{ahuja2021invariance,
  title={Invariance principle meets information bottleneck for out-of-distribution generalization},
  author={Ahuja, Kartik and Caballero, Ethan and Zhang, Dinghuai and Gagnon-Audet, Jean-Christophe and Bengio, Yoshua and Mitliagkas, Ioannis and Rish, Irina},
  journal={Advances in Neural Information Processing Systems},
  volume={34},
  pages={3438--3450},
  year={2021}
}

@article{arjovsky2019invariant,
  title={Invariant risk minimization},
  author={Arjovsky, Martin and Bottou, L{\'e}on and Gulrajani, Ishaan and Lopez-Paz, David},
  journal={arXiv preprint arXiv:1907.02893},
  year={2019}
}

@inproceedings{becker2023predicting,
  title={Predicting ordinary differential equations with transformers},
  author={Becker, S{\"o}ren and Klein, Michal and Neitz, Alexander and Parascandolo, Giambattista and Kilbertus, Niki},
  booktitle={International Conference on Machine Learning},
  pages={1978--2002},
  year={2023},
  organization={PMLR}
}

@article{chen2018neural,
  title={Neural ordinary differential equations},
  author={Chen, Ricky TQ and Rubanova, Yulia and Bettencourt, Jesse and Duvenaud, David K},
  journal={Advances in neural information processing systems},
  volume={31},
  year={2018}
}

@article{d2023odeformer,
  title={Odeformer: Symbolic regression of dynamical systems with transformers},
  author={d'Ascoli, St{\'e}phane and Becker, S{\"o}ren and Mathis, Alexander and Schwaller, Philippe and Kilbertus, Niki},
  journal={arXiv preprint arXiv:2310.05573},
  year={2023}
}

@inproceedings{finn2017model,
  title={Model-agnostic meta-learning for fast adaptation of deep networks},
  author={Finn, Chelsea and Abbeel, Pieter and Levine, Sergey},
  booktitle={International conference on machine learning},
  pages={1126--1135},
  year={2017},
  organization={PMLR}
}

@article{gupta2021multiwavelet,
  title={Multiwavelet-based operator learning for differential equations},
  author={Gupta, Gaurav and Xiao, Xiongye and Bogdan, Paul},
  journal={Advances in neural information processing systems},
  volume={34},
  pages={24048--24062},
  year={2021}
}

@article{hu2021lora,
  title={Lora: Low-rank adaptation of large language models},
  author={Hu, Edward J and Shen, Yelong and Wallis, Phillip and Allen-Zhu, Zeyuan and Li, Yuanzhi and Wang, Shean and Wang, Lu and Chen, Weizhu},
  journal={arXiv preprint arXiv:2106.09685},
  year={2021}
}

@article{kochkov2021machine,
  title={Machine learning--accelerated computational fluid dynamics},
  author={Kochkov, Dmitrii and Smith, Jamie A and Alieva, Ayya and Wang, Qing and Brenner, Michael P and Hoyer, Stephan},
  journal={Proceedings of the National Academy of Sciences},
  volume={118},
  number={21},
  pages={e2101784118},
  year={2021},
  publisher={National Acad Sciences}
}

@article{kovachki2023neural,
  title={Neural operator: Learning maps between function spaces with applications to pdes},
  author={Kovachki, Nikola and Li, Zongyi and Liu, Burigede and Azizzadenesheli, Kamyar and Bhattacharya, Kaushik and Stuart, Andrew and Anandkumar, Anima},
  journal={Journal of Machine Learning Research},
  volume={24},
  number={89},
  pages={1--97},
  year={2023}
}

@inproceedings{krueger2021out,
  title={Out-of-distribution generalization via risk extrapolation ({REx})},
  author={Krueger, David and Caballero, Ethan and Jacobsen, Joern-Henrik and Zhang, Amy and Binas, Jonathan and Zhang, Dinghuai and Le Priol, Remi and Courville, Aaron},
  booktitle={International Conference on Machine Learning},
  pages={5815--5826},
  year={2021},
  organization={PMLR}
}

@article{li2017meta,
  author       = {Zhenguo Li and
                  Fengwei Zhou and
                  Fei Chen and
                  Hang Li},
  title        = {Meta-SGD: Learning to Learn Quickly for Few Shot Learning},
  journal      = {CoRR},
  volume       = {abs/1707.09835},
  year         = {2017},
  url          = {http://arxiv.org/abs/1707.09835},
  eprinttype    = {arXiv},
  eprint       = {1707.09835},
  timestamp    = {Tue, 05 Jul 2022 11:22:35 +0200},
  biburl       = {https://dblp.org/rec/journals/corr/LiZCL17.bib},
  bibsource    = {dblp computer science bibliography, https://dblp.org}
}

@article{li2020fourier,
  title={Fourier neural operator for parametric partial differential equations},
  author={Li, Zongyi and Kovachki, Nikola and Azizzadenesheli, Kamyar and Liu, Burigede and Bhattacharya, Kaushik and Stuart, Andrew and Anandkumar, Anima},
  journal={arXiv preprint arXiv:2010.08895},
  year={2020}
}

@article{li2021learning,
  title={Learning dissipative dynamics in chaotic systems},
  author={Li, Zongyi and Liu-Schiaffini, Miguel  and Kovachki, Nikola and Azizzadenesheli, Kamyar and Liu, Burigede and Bhattacharya, Kaushik and Stuart, Andrew and Anandkumar, Anima},
  journal={arXiv preprint arXiv:2106.06898},
  year={2021}
}

@article{lippe2023pde,
  title={PDE-Refiner: Achieving Accurate Long Rollouts with Neural PDE Solvers},
  author={Lippe, Phillip and Veeling, Bastiaan S and Perdikaris, Paris and Turner, Richard E and Brandstetter, Johannes},
  journal={arXiv preprint arXiv:2308.05732},
  year={2023}
}

@inproceedings{lu2021invariant,
  title={Invariant Causal Representation Learning for Out-of-Distribution Generalization},
  author={Lu, Chaochao and Wu, Yuhuai and Hern{\'a}ndez-Lobato, Jos{\'e} Miguel and Sch{\"o}lkopf, Bernhard},
  booktitle={International Conference on Learning Representations},
  year={2021}
}

@article{lusch2018deep,
  title={Deep learning for universal linear embeddings of nonlinear dynamics},
  author={Lusch, Bethany and Kutz, J Nathan and Brunton, Steven L},
  journal={Nature communications},
  volume={9},
  number={1},
  pages={4950},
  year={2018},
  publisher={Nature Publishing Group UK London}
}

@inproceedings{perez2018film,
  title={Film: Visual reasoning with a general conditioning layer},
  author={Perez, Ethan and Strub, Florian and De Vries, Harm and Dumoulin, Vincent and Courville, Aaron},
  booktitle={Proceedings of the AAAI conference on artificial intelligence},
  volume={32},
  number={1},
  year={2018}
}

@article{peters2016causal,
  title={Causal inference by using invariant prediction: identification and confidence intervals},
  author={Peters, Jonas and B{\"u}hlmann, Peter and Meinshausen, Nicolai},
  journal={Journal of the Royal Statistical Society: Series B (Statistical Methodology)},
  volume={78},
  number={5},
  pages={947--1012},
  year={2016},
  publisher={Wiley Online Library}
}

@article{rosenfeld2020risks,
  title={The risks of invariant risk minimization},
  author={Rosenfeld, Elan and Ravikumar, Pradeep and Risteski, Andrej},
  journal={arXiv preprint arXiv:2010.05761},
  year={2020}
}

@article{rusu2018meta,
  title={Meta-learning with latent embedding optimization},
  author={Rusu, Andrei A and Rao, Dushyant and Sygnowski, Jakub and Vinyals, Oriol and Pascanu, Razvan and Osindero, Simon and Hadsell, Raia},
  journal={arXiv preprint arXiv:1807.05960},
  year={2018}
}

@article{sagawa2019distributionally,
  title={Distributionally robust neural networks for group shifts: On the importance of regularization for worst-case generalization},
  author={Sagawa, Shiori and Koh, Pang Wei and Hashimoto, Tatsunori B and Liang, Percy},
  journal={arXiv preprint arXiv:1911.08731},
  year={2019}
}

@misc{seifner2024foundationalinferencemodelsdynamical,
      title={Foundational Inference Models for Dynamical Systems}, 
      author={Patrick Seifner and Kostadin Cvejoski and Antonia Körner and Ramsés J. Sánchez},
      year={2024},
      eprint={2402.07594},
      archivePrefix={arXiv},
      primaryClass={cs.LG},
      url={https://arxiv.org/abs/2402.07594}, 
}

@inproceedings{stachenfeld2021learned,
  title={Learned coarse models for efficient turbulence simulation},
  author={Stachenfeld, Kimberly and Fielding, Drummond B and Kochkov, Dmitrii and Cranmer, Miles and Pfaff, Tobias and Godwin, Jonathan and Cui, Can and Ho, Shirley and Battaglia, Peter and Sanchez-Gonzalez, Alvaro},
  booktitle={International Conference on Learning Representations},
  year={2021},
}

@article{wang2022meta,
  title={Meta-learning dynamics forecasting using task inference},
  author={Wang, Rui and Walters, Robin and Yu, Rose},
  journal={Advances in Neural Information Processing Systems},
  volume={35},
  pages={21640--21653},
  year={2022}
}

@article{yeo2019deep,
  title={Deep learning algorithm for data-driven simulation of noisy dynamical system},
  author={Yeo, Kyongmin and Melnyk, Igor},
  journal={Journal of Computational Physics},
  volume={376},
  pages={1212--1231},
  year={2019},
  publisher={Elsevier}
}

@article{yin2021leads,
  title={LEADS: Learning dynamical systems that generalize across environments},
  author={Yin, Yuan and Ayed, Ibrahim and de B{\'e}zenac, Emmanuel and Baskiotis, Nicolas and Gallinari, Patrick},
  journal={Advances in Neural Information Processing Systems},
  volume={34},
  pages={7561--7573},
  year={2021}
}

@inproceedings{zintgraf2019fast,
  title={Fast context adaptation via meta-learning},
  author={Zintgraf, Luisa and Shiarli, Kyriacos and Kurin, Vitaly and Hofmann, Katja and Whiteson, Shimon},
  booktitle={International Conference on Machine Learning},
  pages={7693--7702},
  year={2019},
  organization={PMLR}
}

