@book{khalil2002nonlinear,
  title={Nonlinear systems},
  author={Khalil, Hassan K},
    publisher =    "Prentice Hall",
  edition =      "3nd",
year = "2002"
}

@article{REINFORCE,
  title={Simple statistical gradient-following algorithms for connectionist reinforcement learning},
  author={Williams, Ronald J},
  journal={Machine learning},
  volume={8},
  number={3-4},
  pages={229--256},
  year={1992},
  publisher={Springer}
}
@article{weitenberg2018exponential,
  title={Exponential convergence under distributed averaging integral frequency control},
  author={Weitenberg, Erieke and De Persis, Claudio and Monshizadeh, Nima},
  journal={Automatica},
  volume={98},
  pages={103--113},
  year={2018},
  publisher={Elsevier}
}
@article{sontag1989universal,
  title={A ‘universal’construction of Artstein's theorem on nonlinear stabilization},
  author={Sontag, Eduardo D},
  journal={Systems \& control letters},
  volume={13},
  number={2},
  pages={117--123},
  year={1989},
  publisher={Elsevier}
}
@inproceedings{dso,
  title={Deep symbolic regression: Recovering mathematical expressions from data via risk-seeking policy gradients},
  author={Petersen, Brenden K and Larma, Mikel Landajuela and Mundhenk, Terrell N and Santiago, Claudio Prata and Kim, Soo Kyung and Kim, Joanne Taery},
  booktitle={International Conference on Learning Representations},
  year={2020}
}

@inproceedings{dso21,
  title        = {Discovering symbolic policies with deep reinforcement learning},
  author       = {Landajuela, Mikel and Petersen, Brenden K and Kim, Sookyung and Santiago, Claudio P and Glatt, Ruben and Mundhenk, Nathan and Pettit, Jacob F and Faissol, Daniel},
  booktitle    = {International Conference on Machine Learning},
  pages        = {5979--5989},
  year         = {2021},
  organization = {PMLR}
}

@inproceedings{
    rlgp2021,
    title={Symbolic Regression via Deep Reinforcement Learning Enhanced Genetic Programming Seeding},
    author={Terrell N. Mundhenk and Mikel Landajuela and Ruben Glatt and Claudio P. Santiago and Daniel faissol and Brenden K. Petersen},
    booktitle={Advances in Neural Information Processing Systems},
    year={2021},
}

@article{2020costa,
  title   = {Fast Neural Models for Symbolic Regression at Scale},
  author  = {Costa, Allan and Dangovski, Rumen and Dugan, Owen and Kim, Samuel and Goyal, Pawan and Solja{\v{c}}i{\'c}, Marin and Jacobson, Joseph},
  journal = {arXiv preprint arXiv:2007.10784},
  year    = {2020}
}

@inproceedings{NSR,
  title        = {Neural Symbolic Regression that Scales},
  author       = {Biggio, Luca and Bendinelli, Tommaso and Neitz, Alexander and Lucchi, Aurelien and Parascandolo, Giambattista},
  booktitle    = {International Conference on Machine Learning},
  pages        = {936--945},
  year         = {2021},
  organization = {PMLR}
}

@inproceedings{
E2E,
title={End-to-end Symbolic Regression with Transformers},
author={Pierre-Alexandre Kamienny and St{\'e}phane d'Ascoli and Guillaume Lample and Francois Charton},
booktitle={Advances in Neural Information Processing Systems},
editor={Alice H. Oh and Alekh Agarwal and Danielle Belgrave and Kyunghyun Cho},
year={2022},
url={https://openreview.net/forum?id=GoOuIrDHG_Y}
}

@inproceedings{NSRwH,
  title={Controllable neural symbolic regression},
  author={Bendinelli, Tommaso and Biggio, Luca and Kamienny, Pierre-Alexandre},
  booktitle={International Conference on Machine Learning},
  pages={2063--2077},
  year={2023},
  organization={PMLR}
}


@inproceedings{
dgsr,
title={Deep Generative Symbolic Regression},
author={Samuel Holt and Zhaozhi Qian and Mihaela van der Schaar},
booktitle={The Eleventh International Conference on Learning Representations },
year={2023},
url={https://openreview.net/forum?id=o7koEEMA1bR}
}

@article{tpsr,
  title={Transformer-based planning for symbolic regression},
  author={Shojaee, Parshin and Meidani, Kazem and Barati Farimani, Amir and Reddy, Chandan},
  journal={Advances in Neural Information Processing Systems},
  volume={36},
  pages={45907--45919},
  year={2023}
}

@inproceedings{dgsr-mcts,
  title={Deep generative symbolic regression with Monte-Carlo-tree-search},
  author={Kamienny, Pierre-Alexandre and Lample, Guillaume and Lamprier, Sylvain and Virgolin, Marco},
  booktitle={International Conference on Machine Learning},
  pages={15655--15668},
  year={2023},
  organization={PMLR}
}

@inproceedings{
alfarano2023discovering,
title={Discovering Lyapunov functions with transformers},
author={Alberto Alfarano and Francois Charton and Amaury Hayat},
booktitle={The 3rd Workshop on Mathematical Reasoning and AI at NeurIPS'23},
year={2023},
url={https://openreview.net/forum?id=1dD5cJCida}
}

@inproceedings{
feng2024,
title={Combining Neural Networks and Symbolic Regression for Analytical Lyapunov Function Discovery},
author={Jie Feng and Haohan Zou and Yuanyuan Shi},
booktitle={ICML 2024 Workshop: Foundations of Reinforcement Learning and Control -- Connections and Perspectives},
year={2024},
url={https://openreview.net/forum?id=Knj78wY9T4}
}

@article{shgo,
  title={A simplicial homology algorithm for Lipschitz optimisation},
  author={Stefan C. Endres and Carl Sandrock and Walter W. Focke},
  journal={Journal of Global Optimization},
  volume={72},
  number={2},
  pages={181--217},
  year={2018},
  publisher={Springer Science and Business Media LLC},
  doi={10.1007/s10898-018-0645-y}
}

@article{Peter,
title = {Review on computational methods for Lyapunov functions},
journal = {Discrete and Continuous Dynamical Systems - B},
volume = {20},
number = {8},
pages = {2291-2331},
year = {2015},
issn = {1531-3492},
doi = {10.3934/dcdsb.2015.20.2291},
author = {Peter Giesl and Sigurdur Hafstein},
keywords = {Lyapunov function, stability, basin of attraction, dynamical system, contraction metric, converse theorem, numerical method}
}

@inproceedings{mcgough2010symbolic,
  title={Symbolic computation of Lyapunov functions using evolutionary algorithms},
  author={McGough, Jeff S and Christianson, Alan W and Hoover, Randy C},
  booktitle={Proceedings of the 12th IASTED international conference},
  volume={15},
  pages={508--515},
  year={2010}
}

@inproceedings{dai2023convex,
  title={Convex synthesis and verification of control-Lyapunov and barrier functions with input constraints},
  author={Dai, Hongkai and Permenter, Frank},
  booktitle={2023 American Control Conference (ACC)},
  pages={4116--4123},
  year={2023},
  organization={IEEE}
}

@INPROCEEDINGS{ahmadi2011,
  author={Ahmadi, Amir Ali and Krstic, Miroslav and Parrilo, Pablo A.},
  booktitle={2011 50th IEEE Conference on Decision and Control and European Control Conference}, 
  title={A globally asymptotically stable polynomial vector field with no polynomial Lyapunov function}, 
  year={2011},
  volume={},
  number={},
  pages={7579-7580},
  keywords={Polynomials;Lyapunov methods;Vectors;Stability analysis;Trajectory;Asymptotic stability;Conferences},
  doi={10.1109/CDC.2011.6161499}}

@article{ahmadi2018,
  title={A globally asymptotically stable polynomial vector field with rational coefficients and no local polynomial Lyapunov function},
  author={Ahmadi, Amir Ali and El Khadir, Bachir},
  journal={Systems \& Control Letters},
  volume={121},
  pages={50--53},
  year={2018},
  publisher={Elsevier}
}

@INPROCEEDINGS{ahmadi2012,
  author={Ahmadi, Amir Ali},
  booktitle={2012 American Control Conference (ACC)}, 
  title={On the difficulty of deciding asymptotic stability of cubic homogeneous vector fields}, 
  year={2012},
  volume={},
  number={},
  pages={3334-3339},
  keywords={Polynomials;Vectors;Lyapunov methods;Asymptotic stability;Trajectory;Linear systems;Stability analysis},
  doi={10.1109/ACC.2012.6315687}}

@ARTICLE{laypunovsurvey,
  author={Dawson, Charles and Gao, Sicun and Fan, Chuchu},
  journal={IEEE Transactions on Robotics}, 
  title={Safe Control With Learned Certificates: A Survey of Neural Lyapunov, Barrier, and Contraction Methods for Robotics and Control}, 
  year={2023},
  volume={39},
  number={3},
  pages={1749-1767},
  doi={10.1109/TRO.2022.3232542}}


@inproceedings{edwards2024fossil,
  title={Fossil 2.0: Formal Certificate Synthesis for the Verification and Control of Dynamical Models},
  author={Edwards, Alec and Peruffo, Andrea and Abate, Alessandro},
  booktitle={Proceedings of the 27th ACM International Conference on Hybrid Systems: Computation and Control},
  pages={1--10},
  year={2024}
}

@misc{wang2024lyapunov,
      title={Lyapunov Neural Network with Region of Attraction Search}, 
      author={Zili Wang and Sean B. Andersson and Roberto Tron},
      year={2024},
      eprint={2403.10621},
      archivePrefix={arXiv},
      primaryClass={eess.SY}
}


@inproceedings{
zhou2022neural,
title={Neural Lyapunov Control of Unknown Nonlinear Systems with Stability Guarantees},
author={Ruikun Zhou and Thanin Quartz and Hans De Sterck and Jun Liu},
booktitle={Advances in Neural Information Processing Systems},
year={2022},
}


@article{Peter,
    title = {Review on computational methods for Lyapunov functions},
    journal = {Discrete and Continuous Dynamical Systems - B},
    volume = {20},
    number = {8},
    pages = {2291-2331},
    year = {2015},
    issn = {1531-3492},
    doi = {10.3934/dcdsb.2015.20.2291},
    author = {Peter Giesl and Sigurdur Hafstein},
    keywords = {Lyapunov function, stability, basin of attraction, dynamical system, contraction metric, converse theorem, numerical method}
}

@article{chang2019neural,
  title={Neural lyapunov control},
  author={Chang, Ya-Chien and Roohi, Nima and Gao, Sicun},
  journal={Advances in neural information processing systems},
  volume={32},
  year={2019}
}

@ARTICLE{10163934,
  author={Feng, Jie and Cui, Wenqi and Cortés, Jorge and Shi, Yuanyuan},
  journal={IEEE Control Systems Letters}, 
  title={Bridging Transient and Steady-State Performance in Voltage Control: A Reinforcement Learning Approach With Safe Gradient Flow}, 
  year={2023},
  volume={7},
  number={},
  pages={2845-2850},
  keywords={Steady-state;Transient analysis;Voltage control;Costs;Reactive power;Linear programming;Stability analysis;Voltage control;reinforcement learning;stability},
  doi={10.1109/LCSYS.2023.3289435}}

@ARTICLE{10336939,
  author={Feng, Jie and Shi, Yuanyuan and Qu, Guannan and Low, Steven H. and Anandkumar, Anima and Wierman, Adam},
  journal={IEEE Transactions on Control of Network Systems}, 
  title={Stability Constrained Reinforcement Learning for Decentralized Real-Time Voltage Control}, 
  year={2023},
  volume={},
  number={},
  pages={1-12},
  keywords={Voltage control;Control systems;Network systems;Costs;Stability analysis;Lyapunov methods;Transient analysis;Lyapunov stability;reinforcement learning;voltage control},
  doi={10.1109/TCNS.2023.3338240}}

@inproceedings{
cui2023structured,
title={Structured Neural-{PI} Control with End-to-End Stability and Output Tracking Guarantees},
author={Wenqi Cui and Yan Jiang and Baosen Zhang and Yuanyuan Shi},
booktitle={Thirty-seventh Conference on Neural Information Processing Systems},
year={2023},
}

@InProceedings{dailyapunov,
  title={Lyapunov-stable neural-network control},
  author={Dai, Hongkai and Landry, Benoit and Yang, Lujie and Pavone, Marco and Tedrake, Russ},
    booktitle={Proceedings of Robotics: Science and Systems},
    year={2021},
}

@inproceedings{
wu2023neural,
title={Neural Lyapunov Control for Discrete-Time Systems},
author={Junlin Wu and Andrew Clark and Yiannis Kantaros and Yevgeniy Vorobeychik},
booktitle={Thirty-seventh Conference on Neural Information Processing Systems},
year={2023},
}


@inproceedings{
yang2024lyapunovstable,
title={Lyapunov-stable Neural Control for State and Output Feedback: A Novel Formulation},
author={Lujie Yang and Hongkai Dai and Zhouxing Shi and Cho-Jui Hsieh and Russ Tedrake and Huan Zhang},
booktitle={Forty-first International Conference on Machine Learning},
year={2024},
url={https://openreview.net/forum?id=3xPMW9JURD}
}

@ARTICLE{DawsonSurvey,
  author={Dawson, Charles and Gao, Sicun and Fan, Chuchu},
  journal={IEEE Transactions on Robotics}, 
  title={Safe Control With Learned Certificates: A Survey of Neural Lyapunov, Barrier, and Contraction Methods for Robotics and Control}, 
  year={2023},
  volume={39},
  number={3},
  pages={1749-1767},
  doi={10.1109/TRO.2022.3232542}}

@article{fortin2012deap,
  title     = {DEAP: Evolutionary algorithms made easy},
  author    = {Fortin, F{\'e}lix-Antoine and De Rainville, Fran{\c{c}}ois-Michel and Gardner, Marc-Andr{\'e} Gardner and Parizeau, Marc and Gagn{\'e}, Christian},
  journal   = {The Journal of Machine Learning Research},
  volume    = {13},
  number    = {1},
  pages     = {2171--2175},
  year      = {2012},
  publisher = {JMLR. org}
}

@article{sos,
title = {Some applications of polynomial optimization in operations research and real-time decision making},
journal = {Optimization Letters},
pages = {709-729},
year = {2016},

author = {Amir Ali Ahmadi and Anirudha Majumdar},
}

@article{path-following,
author = {Samson, Claude},
year = {1992},
month = {01},
pages = {},
title = {Path Following And Time-Varying Feedback Stabilization of a Wheeled Mobile Robot},
volume = {3},
journal = {Second International Conference on Automation, Robotics and Computer Vision}
}
@ARTICLE{41298,
  author={Chiang, H.-D.},
  journal={IEEE Transactions on Circuits and Systems}, 
  title={Study of the existence of energy functions for power systems with losses}, 
  year={1989},
  volume={36},
  number={11},
  pages={1423-1429},
  keywords={Power systems;Power system stability;Power system analysis computing;Power system transients;Propagation losses;Lyapunov method;Stability analysis;Transmission line matrix methods;Riccati equations;Admittance},
  doi={10.1109/31.41298}}

@book{kundur1994power,
  title={Power System Stability and Control},
  author={Kundur, P. and Balu, N.J. and Lauby, M.G.},
  isbn={9780070359581},
  lccn={93021456},
  series={EPRI power system engineering series},
  year={1994},
  publisher={McGraw-Hill Education}
}
@ARTICLE{cuipower,
  author={Cui, Wenqi and Jiang, Yan and Zhang, Baosen},
  journal={IEEE Transactions on Power Systems}, 
  title={Reinforcement Learning for Optimal Primary Frequency Control: A Lyapunov Approach}, 
  year={2023},
  volume={38},
  number={2},
  pages={1676-1688},
  keywords={Frequency control;Power system stability;Synchronous generators;Power system dynamics;Generators;Costs;Nonlinear dynamical systems;Power system dynamics;primary frequency control;nonlinear systems;reinforcement learning},
  doi={10.1109/TPWRS.2022.3176525}}

@article{6ddynamics,
author = {Grüne, Lars},
year = {2019},
month = {01},
pages = {},
title = {Computing Lyapunov functions using deep neural networks},
volume = {8},
journal = {Journal of Computational Dynamics},
doi = {10.3934/jcd.2021006}
}

@misc{pysr,
    title = {Interpretable {Machine} {Learning} for {Science} with {PySR} and {SymbolicRegression}.jl},
    url = {http://arxiv.org/abs/2305.01582},
    doi = {10.48550/arXiv.2305.01582},
    urldate = {2023-07-17},
    publisher = {arXiv},
    author = {Cranmer, Miles},
    month = may,
    year = {2023},
    note = {arXiv:2305.01582 [astro-ph, physics:physics]},
    keywords = {Astrophysics - Instrumentation and Methods for Astrophysics, Computer Science - Machine Learning, Computer Science - Neural and Evolutionary Computing, Computer Science - Symbolic Computation, Physics - Data Analysis, Statistics and Probability},
}


@inproceedings{ICNN,
  title={Input convex neural networks},
  author={Amos, Brandon and Xu, Lei and Kolter, J Zico},
  booktitle={International Conference on Machine Learning},
  pages={146--155},
  year={2017},
  organization={PMLR}
}

@inproceedings{transformer,
 author = {Vaswani, Ashish and Shazeer, Noam and Parmar, Niki and Uszkoreit, Jakob and Jones, Llion and Gomez, Aidan N and Kaiser, \L ukasz and Polosukhin, Illia},
 booktitle = {Advances in Neural Information Processing Systems},
 editor = {I. Guyon and U. Von Luxburg and S. Bengio and H. Wallach and R. Fergus and S. Vishwanathan and R. Garnett},
 pages = {},
 publisher = {Curran Associates, Inc.},
 title = {Attention is All you Need},
 url = {https://proceedings.neurips.cc/paper_files/paper/2017/file/3f5ee243547dee91fbd053c1c4a845aa-Paper.pdf},
 volume = {30},
 year = {2017}
}


@inproceedings{dReal,
author="Gao, Sicun
and Kong, Soonho
and Clarke, Edmund M.",
editor="Bonacina, Maria Paola",
title="dReal: An SMT Solver for Nonlinear Theories over the Reals",
booktitle="Automated Deduction -- CADE-24",
year="2013",
publisher="Springer Berlin Heidelberg",
address="Berlin, Heidelberg",
pages="208--214",
}

@article{pgd,
  publtype={informal},
  author={Aleksander Madry and Aleksandar Makelov and Ludwig Schmidt and Dimitris Tsipras and Adrian Vladu},
  title={Towards Deep Learning Models Resistant to Adversarial Attacks},
  year={2017},
  cdate={1483228800000},
  journal={CoRR},
  volume={abs/1706.06083},
  url={http://arxiv.org/abs/1706.06083}
}

@article{ANLC,
  title={{Augmented Neural Lyapunov Control}},
  author={Grande, Davide and Peruffo, Andrea and Anderlini, Enrico and Salavasidis, Georgios},
  journal={IEEE Access},
  volume={11},
  pages={67979--67986},
  year={2023},
  publisher={IEEE},
  doi={10.1109/ACCESS.2023.3291349}
}

@inproceedings{fossil,
place={Nashville, TN, USA},
series={HSCC ’21},
title={FOSSIL: A Software Tool for the Formal Synthesis of Lyapunov Functions and Barrier Certificates using Neural Networks}, ISBN={978-1-4503-8339-4/21/05},
booktitle={Proceedings of the 24th International Conference on Hybrid Systems: Computation and Control},
publisher={Association for Computing Machinery},
author={Abate, Alessandro and Ahmed, Daniele and Edwards, Alec and Giacobbe, Mirco and Peruffo, Andrea}, year={2021},
month={May},
pages={11},
collection={HSCC ’21} }


@article{kolter2019learning,
  title={Learning stable deep dynamics models},
  author={Kolter, J Zico and Manek, Gaurav},
  journal={Advances in neural information processing systems},
  volume={32},
  year={2019}
}
@inproceedings{
Lample2020Deep,
title={Deep Learning For Symbolic Mathematics},
author={Guillaume Lample and François Charton},
booktitle={International Conference on Learning Representations},
year={2020},
url={https://openreview.net/forum?id=S1eZYeHFDS}
}

@misc{
bastiani2024complexityaware,
title={Complexity-Aware Deep Symbolic Regression with Robust Risk-Seeking Policy Gradients},
author={Zachary Bastiani and Mike Kirby and Jacob Hochhalter and Shandian Zhe},
year={2024},
url={https://openreview.net/forum?id=krJ73n4Pma}
}

@inproceedings{
alfarano2024global,
title={Global Lyapunov functions: a long-standing open problem in mathematics, with symbolic transformers},
author={Alberto Alfarano and Francois Charton and Amaury Hayat},
booktitle={The Thirty-eighth Annual Conference on Neural Information Processing Systems},
year={2024},
url={https://openreview.net/forum?id=kOMrm4ZJ3m}
}

@INPROCEEDINGS{1302409,
  author={Bouabdallah, S. and Murrieri, P. and Siegwart, R.},
  booktitle={IEEE International Conference on Robotics and Automation, 2004. Proceedings. ICRA '04. 2004}, 
  title={Design and control of an indoor micro quadrotor}, 
  year={2004},
  volume={5},
  number={},
  pages={4393-4398 Vol.5},
  keywords={Robot sensing systems;Remotely operated vehicles;Aircraft propulsion;Aircraft navigation;Drones;Military aircraft;Helicopters;Actuators;Cameras;Biomimetics},
  doi={10.1109/ROBOT.2004.1302409}}

@book{koza1992genetic,
  title={Genetic Programming: On the Programming of Computers by Means of Natural Selection},
  author={Koza, John R},
  volume={1},
  year={1992},
  publisher={MIT press}
}

@ARTICLE{9449840,
  author={Cui, Wenqi and Zhang, Baosen},
  journal={IEEE Control Systems Letters}, 
  title={Lyapunov-Regularized Reinforcement Learning for Power System Transient Stability}, 
  year={2022},
  volume={6},
  number={},
  pages={974-979},
  keywords={Power system stability;Lyapunov methods;Stability analysis;Training;Frequency control;Transient analysis;Generators;Power system;frequency stability;reinforcement learning;stability},
  doi={10.1109/LCSYS.2021.3088068}}

