@article{2020costa,
  title   = {Fast Neural Models for Symbolic Regression at Scale},
  author  = {Costa, Allan and Dangovski, Rumen and Dugan, Owen and Kim, Samuel and Goyal, Pawan and Solja{\v{c}}i{\'c}, Marin and Jacobson, Joseph},
  journal = {arXiv preprint arXiv:2007.10784},
  year    = {2020}
}

@ARTICLE{DawsonSurvey,
  author={Dawson, Charles and Gao, Sicun and Fan, Chuchu},
  journal={IEEE Transactions on Robotics}, 
  title={Safe Control With Learned Certificates: A Survey of Neural Lyapunov, Barrier, and Contraction Methods for Robotics and Control}, 
  year={2023},
  volume={39},
  number={3},
  pages={1749-1767},
  doi={10.1109/TRO.2022.3232542}}

@inproceedings{NSR,
  title        = {Neural Symbolic Regression that Scales},
  author       = {Biggio, Luca and Bendinelli, Tommaso and Neitz, Alexander and Lucchi, Aurelien and Parascandolo, Giambattista},
  booktitle    = {International Conference on Machine Learning},
  pages        = {936--945},
  year         = {2021},
  organization = {PMLR}
}

@inproceedings{NSRwH,
  title={Controllable neural symbolic regression},
  author={Bendinelli, Tommaso and Biggio, Luca and Kamienny, Pierre-Alexandre},
  booktitle={International Conference on Machine Learning},
  pages={2063--2077},
  year={2023},
  organization={PMLR}
}

@article{chang2019neural,
  title={Neural lyapunov control},
  author={Chang, Ya-Chien and Roohi, Nima and Gao, Sicun},
  journal={Advances in neural information processing systems},
  volume={32},
  year={2019}
}

@InProceedings{dailyapunov,
  title={Lyapunov-stable neural-network control},
  author={Dai, Hongkai and Landry, Benoit and Yang, Lujie and Pavone, Marco and Tedrake, Russ},
    booktitle={Proceedings of Robotics: Science and Systems},
    year={2021},
}

@inproceedings{dgsr-mcts,
  title={Deep generative symbolic regression with Monte-Carlo-tree-search},
  author={Kamienny, Pierre-Alexandre and Lample, Guillaume and Lamprier, Sylvain and Virgolin, Marco},
  booktitle={International Conference on Machine Learning},
  pages={15655--15668},
  year={2023},
  organization={PMLR}
}

@inproceedings{dso,
  title={Deep symbolic regression: Recovering mathematical expressions from data via risk-seeking policy gradients},
  author={Petersen, Brenden K and Larma, Mikel Landajuela and Mundhenk, Terrell N and Santiago, Claudio Prata and Kim, Soo Kyung and Kim, Joanne Taery},
  booktitle={International Conference on Learning Representations},
  year={2020}
}

@inproceedings{dso21,
  title        = {Discovering symbolic policies with deep reinforcement learning},
  author       = {Landajuela, Mikel and Petersen, Brenden K and Kim, Sookyung and Santiago, Claudio P and Glatt, Ruben and Mundhenk, Nathan and Pettit, Jacob F and Faissol, Daniel},
  booktitle    = {International Conference on Machine Learning},
  pages        = {5979--5989},
  year         = {2021},
  organization = {PMLR}
}

@misc{pysr,
    title = {Interpretable {Machine} {Learning} for {Science} with {PySR} and {SymbolicRegression}.jl},
    url = {http://arxiv.org/abs/2305.01582},
    doi = {10.48550/arXiv.2305.01582},
    urldate = {2023-07-17},
    publisher = {arXiv},
    author = {Cranmer, Miles},
    month = may,
    year = {2023},
    note = {arXiv:2305.01582 [astro-ph, physics:physics]},
    keywords = {Astrophysics - Instrumentation and Methods for Astrophysics, Computer Science - Machine Learning, Computer Science - Neural and Evolutionary Computing, Computer Science - Symbolic Computation, Physics - Data Analysis, Statistics and Probability},
}

@article{tpsr,
  title={Transformer-based planning for symbolic regression},
  author={Shojaee, Parshin and Meidani, Kazem and Barati Farimani, Amir and Reddy, Chandan},
  journal={Advances in Neural Information Processing Systems},
  volume={36},
  pages={45907--45919},
  year={2023}
}

