@inproceedings{arndt2020meta,
  title={Meta reinforcement learning for sim-to-real domain adaptation},
  author={Arndt, Karol and Hazara, Murtaza and Ghadirzadeh, Ali and Kyrki, Ville},
  booktitle={2020 IEEE international conference on robotics and automation (ICRA)},
  pages={2725--2731},
  year={2020},
  organization={IEEE}
}

@inproceedings{bousmalis2018using,
  title={Using simulation and domain adaptation to improve efficiency of deep robotic grasping},
  author={Bousmalis, Konstantinos and Irpan, Alex and Wohlhart, Paul and Bai, Yunfei and Kelcey, Matthew and Kalakrishnan, Mrinal and Downs, Laura and Ibarz, Julian and Pastor, Peter and Konolige, Kurt and others},
  booktitle={2018 IEEE international conference on robotics and automation (ICRA)},
  pages={4243--4250},
  year={2018},
  organization={IEEE}
}

@inproceedings{maravall2003automatic,
  title={Automatic car parking: a reinforcement learning approach},
  author={Maravall, Dar{\'\i}o and Patricio, Miguel {\'A}ngel and de Lope, Javier},
  booktitle={Computational Methods in Neural Modeling: 7th International Work-Conference on Artificial and Natural Neural Networks, IWANN 2003 Ma{\'o}, Menorca, Spain, June 3--6, 2003 Proceedings, Part I 7},
  pages={214--221},
  year={2003},
  organization={Springer}
}

@article{rajeswaran2017learning,
  title={Learning complex dexterous manipulation with deep reinforcement learning and demonstrations},
  author={Rajeswaran, Aravind and Kumar, Vikash and Gupta, Abhishek and Vezzani, Giulia and Schulman, John and Todorov, Emanuel and Levine, Sergey},
  journal={arXiv preprint arXiv:1709.10087},
  year={2017}
}

@misc{robotics_sim2real_yu2024,
	title        = {On Sim2Real Transfer in Robotics},
	author       = {Haonan Yu},
	year         = 2024,
	note         = {Blog post},
	howpublished = {\url{https://www.haonanyu.blog/post/sim2real/}}
}

@article{rusu2015policy,
  title={Policy distillation},
  author={Rusu, Andrei A and Colmenarejo, Sergio Gomez and Gulcehre, Caglar and Desjardins, Guillaume and Kirkpatrick, James and Pascanu, Razvan and Mnih, Volodymyr and Kavukcuoglu, Koray and Hadsell, Raia},
  journal={arXiv preprint arXiv:1511.06295},
  year={2015}
}

@article{shi2023model,
  title={Model-Based predictive control and reinforcement learning for planning vehicle-parking trajectories for vertical parking spaces},
  author={Shi, Junren and Li, Kexin and Piao, Changhao and Gao, Jun and Chen, Lizhi},
  journal={Sensors},
  volume={23},
  number={16},
  pages={7124},
  year={2023},
  publisher={MDPI}
}

@inproceedings{takehara2021autonomous,
  title={Autonomous car parking system using deep reinforcement learning},
  author={Takehara, Rikuya and Gonsalves, Tad},
  booktitle={2021 2nd International Conference on Innovative and Creative Information Technology (ICITech)},
  pages={85--89},
  year={2021},
  organization={IEEE}
}

@inproceedings{thunyapoo2020self,
  title={Self-parking car simulation using reinforcement learning approach for moderate complexity parking scenario},
  author={Thunyapoo, Baramee and Ratchadakorntham, Chatree and Siricharoen, Punnarai and Susutti, Wittawin},
  booktitle={2020 17th international conference on electrical engineering/electronics, computer, telecommunications and information technology (ECTI-CON)},
  pages={576--579},
  year={2020},
  organization={IEEE}
}

@inproceedings{tobin2017domain,
  title={Domain randomization for transferring deep neural networks from simulation to the real world},
  author={Tobin, Josh and Fong, Rachel and Ray, Alex and Schneider, Jonas and Zaremba, Wojciech and Abbeel, Pieter},
  booktitle={2017 IEEE/RSJ international conference on intelligent robots and systems (IROS)},
  pages={23--30},
  year={2017},
  organization={IEEE}
}

@article{zhang2019e2e,
  title={Reinforcement learning-based end-to-end parking for automatic parking system},
  author={Zhang, Peizhi and Xiong, Lu and Yu, Zhuoping and Fang, Peiyuan and Yan, Senwei and Yao, Jie and Zhou, Yi},
  journal={Sensors},
  volume={19},
  number={18},
  pages={3996},
  year={2019},
  publisher={MDPI}
}

@article{zhang2020data,
  title={Reinforcement learning-based motion planning for automatic parking system},
  author={Zhang, Jiren and Chen, Hui and Song, Shaoyu and Hu, Fengwei},
  journal={IEEE Access},
  volume={8},
  pages={154485--154501},
  year={2020},
  publisher={IEEE}
}

@inproceedings{zhao2020sim,
  title={Sim-to-real transfer in deep reinforcement learning for robotics: a survey},
  author={Zhao, Wenshuai and Queralta, Jorge Pe{\~n}a and Westerlund, Tomi},
  booktitle={2020 IEEE symposium series on computational intelligence (SSCI)},
  pages={737--744},
  year={2020},
  organization={IEEE}
}

