@string{icra = {Proc. of the {IEEE} Int. Conf. on Robot. and Autom.}}
@string{iros = {Proc. of the {IEEE/RSJ} Int. Conf. on Intell. Robots and Syst.}}
@string{cvpr = {Proc. of the {IEEE} Int. Conf. on Pattern Recognition}}
@string{iccv = {Proc. of the {IEEE} Int. Conf. Comput. Vis.}}
@string{ssrr = {Proc. of the {IEEE} Int. Sym. on Safty, Security, and Rescure Robot.}}
@string{ismar= {Proc. of the {IEEE} and {ACM} Int. Sym. on Mixed and Augmented Reality}}
@string{wacv = {Proc. of the IEEE Int. Conf. on Applications of Comput. Vis.}}
@string{isrr = {Proc. of the Int. Sym. of Robot. Research}}
@string{iser = {Proc. of the Int. Sym. on Exp. Robot.}}
@string{rss = {Proc. of Robot.: Sci. and Syst.}}


@string{tro = {{IEEE} Trans. Robot.}}
@string{tase = {{IEEE} Trans. Autom. Sci. and Engineering}}
@string{ijrr = {Int. J. Robot. Research}}
@string{jfr = {J. Field Robot.}}
@string{ram = {{IEEE} Robot. Autom. Mag.}}
@string{ras = {Robot. and Auton. Syst.}}
@string{ral = {{IEEE} Robotics and Automation Letters}}


@string{pami = {{IEEE} Trans. Pattern Anal. and Mach. Intell.}}
@string{ijcv = {Int. J. Comput. Vis.}}
@string{tvcg = {{IEEE} Trans. Vis. Comput. Graph.}},


@string{dars = {Proc. of the Int. Sym. on Distributed Auton. Syst.}}
@string{ecmr = {Proc. of the Euro. Conf. on Mobile Robot.}}
@string{dv = {Proc. of the Int. Conf. on {3D} Vis.}}


@misc{jiang2024hope,
      title={HOPE: A Reinforcement Learning-based Hybrid Policy Path Planner for Diverse Parking Scenarios}, 
      author={Mingyang Jiang and Yueyuan Li and Songan Zhang and Siyuan Chen and Chunxiang Wang and Ming Yang},
      year={2024},
      eprint={2405.20579},
      archivePrefix={arXiv},
      primaryClass={cs.RO},
      url={https://arxiv.org/abs/2405.20579}, 
}

@inproceedings{SAC2018,
  title={Soft actor-critic: Off-policy maximum entropy deep reinforcement learning with a stochastic actor},
  author={Haarnoja, Tuomas and Zhou, Aurick and Abbeel, Pieter and Levine, Sergey},
  booktitle={International conference on machine learning},
  pages={1861--1870},
  year={2018},
  organization={PMLR}
}
@article{hybridAstar,
  title={Path planning for autonomous vehicles in unknown semi-structured environments},
  author={Dolgov, Dmitri and Thrun, Sebastian and Montemerlo, Michael and Diebel, James},
  journal={The international journal of robotics research},
  volume={29},
  number={5},
  pages={485--501},
  year={2010},
  publisher={SAGE Publications Sage UK: London, England}
}

@article{PPO2017,
  title={Proximal policy optimization algorithms},
  author={Schulman, John and Wolski, Filip and Dhariwal, Prafulla and Radford, Alec and Klimov, Oleg},
  journal={arXiv preprint arXiv:1707.06347},
  year={2017}
}

@article{RS_curve1990,
  title={Optimal paths for a car that goes both forwards and backwards},
  author={Reeds, James and Shepp, Lawrence},
  journal={Pacific journal of mathematics},
  volume={145},
  number={2},
  pages={367--393},
  year={1990},
  publisher={Mathematical Sciences Publishers}
}

@inproceedings{junzuo2021automatic,
  title={An automatic parking model based on deep reinforcement learning},
  author={Junzuo, Li and Qiang, Long},
  booktitle={Journal of Physics: Conference Series},
  volume={1883},
  number={1},
  pages={012111},
  year={2021},
  organization={IOP Publishing}
}

@inproceedings{takehara2021autonomous,
  title={Autonomous car parking system using deep reinforcement learning},
  author={Takehara, Rikuya and Gonsalves, Tad},
  booktitle={2021 2nd International Conference on Innovative and Creative Information Technology (ICITech)},
  pages={85--89},
  year={2021},
  organization={IEEE}
}

@article{shi2023model,
  title={Model-Based predictive control and reinforcement learning for planning vehicle-parking trajectories for vertical parking spaces},
  author={Shi, Junren and Li, Kexin and Piao, Changhao and Gao, Jun and Chen, Lizhi},
  journal={Sensors},
  volume={23},
  number={16},
  pages={7124},
  year={2023},
  publisher={MDPI}
}

@article{zhang2019e2e,
  title={Reinforcement learning-based end-to-end parking for automatic parking system},
  author={Zhang, Peizhi and Xiong, Lu and Yu, Zhuoping and Fang, Peiyuan and Yan, Senwei and Yao, Jie and Zhou, Yi},
  journal={Sensors},
  volume={19},
  number={18},
  pages={3996},
  year={2019},
  publisher={MDPI}
}

@article{zhang2020data,
  title={Reinforcement learning-based motion planning for automatic parking system},
  author={Zhang, Jiren and Chen, Hui and Song, Shaoyu and Hu, Fengwei},
  journal={IEEE Access},
  volume={8},
  pages={154485--154501},
  year={2020},
  publisher={IEEE}
}

@inproceedings{thunyapoo2020self,
  title={Self-parking car simulation using reinforcement learning approach for moderate complexity parking scenario},
  author={Thunyapoo, Baramee and Ratchadakorntham, Chatree and Siricharoen, Punnarai and Susutti, Wittawin},
  booktitle={2020 17th international conference on electrical engineering/electronics, computer, telecommunications and information technology (ECTI-CON)},
  pages={576--579},
  year={2020},
  organization={IEEE}
}

@inproceedings{maravall2003automatic,
  title={Automatic car parking: a reinforcement learning approach},
  author={Maravall, Dar{\'\i}o and Patricio, Miguel {\'A}ngel and de Lope, Javier},
  booktitle={Computational Methods in Neural Modeling: 7th International Work-Conference on Artificial and Natural Neural Networks, IWANN 2003 Ma{\'o}, Menorca, Spain, June 3--6, 2003 Proceedings, Part I 7},
  pages={214--221},
  year={2003},
  organization={Springer}
}

@inproceedings{zhao2020sim,
  title={Sim-to-real transfer in deep reinforcement learning for robotics: a survey},
  author={Zhao, Wenshuai and Queralta, Jorge Pe{\~n}a and Westerlund, Tomi},
  booktitle={2020 IEEE symposium series on computational intelligence (SSCI)},
  pages={737--744},
  year={2020},
  organization={IEEE}
}

@inproceedings{tobin2017domain,
  title={Domain randomization for transferring deep neural networks from simulation to the real world},
  author={Tobin, Josh and Fong, Rachel and Ray, Alex and Schneider, Jonas and Zaremba, Wojciech and Abbeel, Pieter},
  booktitle={2017 IEEE/RSJ international conference on intelligent robots and systems (IROS)},
  pages={23--30},
  year={2017},
  organization={IEEE}
}

@inproceedings{bousmalis2018using,
  title={Using simulation and domain adaptation to improve efficiency of deep robotic grasping},
  author={Bousmalis, Konstantinos and Irpan, Alex and Wohlhart, Paul and Bai, Yunfei and Kelcey, Matthew and Kalakrishnan, Mrinal and Downs, Laura and Ibarz, Julian and Pastor, Peter and Konolige, Kurt and others},
  booktitle={2018 IEEE international conference on robotics and automation (ICRA)},
  pages={4243--4250},
  year={2018},
  organization={IEEE}
}

@article{rajeswaran2017learning,
  title={Learning complex dexterous manipulation with deep reinforcement learning and demonstrations},
  author={Rajeswaran, Aravind and Kumar, Vikash and Gupta, Abhishek and Vezzani, Giulia and Schulman, John and Todorov, Emanuel and Levine, Sergey},
  journal={arXiv preprint arXiv:1709.10087},
  year={2017}
}

@inproceedings{arndt2020meta,
  title={Meta reinforcement learning for sim-to-real domain adaptation},
  author={Arndt, Karol and Hazara, Murtaza and Ghadirzadeh, Ali and Kyrki, Ville},
  booktitle={2020 IEEE international conference on robotics and automation (ICRA)},
  pages={2725--2731},
  year={2020},
  organization={IEEE}
}

@article{rusu2015policy,
  title={Policy distillation},
  author={Rusu, Andrei A and Colmenarejo, Sergio Gomez and Gulcehre, Caglar and Desjardins, Guillaume and Kirkpatrick, James and Pascanu, Razvan and Mnih, Volodymyr and Kavukcuoglu, Koray and Hadsell, Raia},
  journal={arXiv preprint arXiv:1511.06295},
  year={2015}
}

@article{bai2022faster,
  title={Faster-LIO: Lightweight tightly coupled LiDAR-inertial odometry using parallel sparse incremental voxels},
  author={Bai, Chunge and Xiao, Tao and Chen, Yajie and Wang, Haoqian and Zhang, Fang and Gao, Xiang},
  journal={IEEE Robotics and Automation Letters},
  volume={7},
  number={2},
  pages={4861--4868},
  year={2022},
  publisher={IEEE}
}

@misc{robotics_sim2real_yu2024,
	title        = {On Sim2Real Transfer in Robotics},
	author       = {Haonan Yu},
	year         = 2024,
	note         = {Blog post},
	howpublished = {\url{https://www.haonanyu.blog/post/sim2real/}}
}

@inproceedings{li2024parkinge2e,
  title={ParkingE2E: Camera-based End-to-end Parking Network, from Images to Planning},
  author={Li, Changze and Ji, Ziheng and Chen, Zhe and Qin, Tong and Yang, Ming},
  booktitle={2024 IEEE/RSJ International Conference on Intelligent Robots and Systems (IROS)},
  pages={13206--13212},
  year={2024},
  organization={IEEE}
}