@article{an2023stacked,
  title={Stacked intelligent metasurfaces for efficient holographic {MIMO} communications in {6G}},
  author={An, Jiancheng and Xu, Chao and Ng, Derrick Wing Kwan and Alexandropoulos, George C and Huang, Chongwen and Yuen, Chau and Hanzo, Lajos},
  journal={IEEE J. Sel. Areas Commun.},
  volume={41},
  number={8},
  pages={2380--2396},
  year={2023},
  publisher={IEEE}
}

@inproceedings{an2023stacked_icc,
  title={Stacked intelligent metasurfaces for multiuser beamforming in the wave domain},
  author={An, Jiancheng and Di Renzo, Marco and Debbah, M{\'e}rouane and Yuen, Chau},
  booktitle={ICC 2023-IEEE International Conference on Communications},
  pages={2834--2839},
  year={2023},
  organization={IEEE}
}

@article{deng2021reconfigurable_tvt,
  title={Reconfigurable holographic surface: Holographic beamforming for metasurface-aided wireless communications},
  author={Deng, Ruoqi and Di, Boya and Zhang, Hongliang and Tan, Yunhua and Song, Lingyang},
  journal={IEEE Trans. Veh. Technol.},
  volume={70},
  number={6},
  pages={6255--6259},
  year={2021},
  publisher={IEEE}
}

@article{deng2022hdma,
  title={{HDMA}: Holographic-pattern division multiple access},
  author={Deng, Ruoqi and Di, Boya and Zhang, Hongliang and Song, Lingyang},
  journal={IEEE J. Sel. Areas Commun.},
  volume={40},
  number={4},
  pages={1317--1332},
  year={2022},
  publisher={IEEE}
}

@article{deng2022holographic,
  title={Holographic {MIMO} for {LEO} satellite communications aided by reconfigurable holographic surfaces},
  author={Deng, Ruoqi and Di, Boya and Zhang, Hongliang and Poor, H Vincent and Song, Lingyang},
  journal={IEEE J. Sel. Areas Commun.},
  volume={40},
  number={10},
  pages={3071--3085},
  year={2022},
  publisher={IEEE}
}

@article{deng2022reconfigurable_twc,
  title={Reconfigurable holographic surface-enabled multi-user wireless communications: Amplitude-controlled holographic beamforming},
  author={Deng, Ruoqi and Di, Boya and Zhang, Hongliang and Tan, Yunhua and Song, Lingyang},
  journal={IEEE Trans. Wireless Commun.},
  volume={21},
  number={8},
  pages={6003--6017},
  year={2022},
  publisher={IEEE}
}

@article{deng2023reconfigurable,
  title={Reconfigurable Holographic Surface: A New Paradigm to Implement Holographic Radio},
  author={Deng, Ruoqi and Zhang, Yutong and Zhang, Haobo and Di, Boya and Zhang, Hongliang and Song, Lingyang},
  journal={IEEE Veh. Technol. Mag.},
  volume={18},
  number={1},
  pages={20--28},
  year={2023},
  publisher={IEEE}
}

@article{gong2024holographic,
  title={Holographic {MIMO} Communications: Theoretical Foundations, Enabling Technologies, and Future Directions},
  author={Gong, Tierui and Gavriilidis, Panagiotis and Ji, Ran and Huang, Chongwen and Alexandropoulos, George C. and Wei, Li and Zhang, Zhaoyang and Debbah, MÃ©rouane and Poor, H. Vincent and Yuen, Chau},
  journal={IEEE Commun. Surv. Tut.},  
  volume={26},
  number={1},
  pages={196--257},
  year={2024},
  publisher={IEEE}
}

@article{hu2022holographic,
  title={Holographic beamforming for ultra massive {MIMO} with limited radiation amplitudes: How many quantized bits do we need?},
  author={Hu, Xinyuan and Deng, Ruoqi and Di, Boya and Zhang, Hongliang and Song, Lingyang},
  journal={IEEE Commun. Lett.},
  volume={26},
  number={6},
  pages={1403--1407},
  year={2022},
  publisher={IEEE}
}

@article{hu2023holographic,
  title={Holographic Beamforming for {LEO} Satellites},
  author={Hu, Xinyuan and Deng, Ruoqi and Di, Boya and Zhang, Hongliang and Song, Lingyang},
  journal={IEEE Commun. Lett.},
  volume={27},
  number={10},
  pages={2717--2721},
  year={2023},
  publisher={IEEE}
}

@article{huang2020holographic,
  title={Holographic {MIMO} surfaces for {6G} wireless networks: Opportunities, challenges, and trends},
  author={Huang, Chongwen and Hu, Sha and Alexandropoulos, George C and Zappone, Alessio and Yuen, Chau and Zhang, Rui and Di Renzo, Marco and Debbah, Merouane},
  journal={IEEE Wireless Commun.},
  volume={27},
  number={5},
  pages={118--125},
  year={2020},
  publisher={IEEE}
}

@article{li2018metasurfaces,
  title={Metasurfaces and their applications},
  author={Li, Aobo and Singh, Shreya and Sievenpiper, Dan},
  journal={Nanophotonics},
  volume={7},
  number={6},
  pages={989--1011},
  year={2018},
  publisher={De Gruyter}
}

@article{li2022reconfigurable,
  title={Reconfigurable intelligent surfaces relying on non-diagonal phase shift matrices},
  author={Li, Qingchao and El-Hajjar, Mohammed and Hemadeh, Ibrahim and Shojaeifard, Arman and Mourad, Alain AM and Clerckx, Bruno and Hanzo, Lajos},
  journal={IEEE Trans. Veh. Technol.},
  volume={71},
  number={6},
  pages={6367--6383},
  year={2022},
  publisher={IEEE}
}

@article{li2023near,
  title={Near-Field Beamforming Optimization for Holographic {XL-MIMO} Multiuser Systems},
  author={Li, Yihan and Gong, Shiqi and Liu, Heng and Xing, Chengwen and Zhao, Nan and Wang, Xianbin},
  journal={IEEE Trans. Commun.},
  volume={72},
  number={4},
  pages={2309--2323},
  year={2024},
  publisher={IEEE}
}

@article{li2024achievable,
  title={Achievable Rate Analysis of Intelligent Omni-Surface Assisted {NOMA} Holographic {MIMO} Systems},
  author={Li, Qingchao and El-Hajjar, Mohammed and Sun, Yanshi and Hemadeh, Ibrahim and Tsai, Yingming and Shojaeifard, Arman and Hanzo, Lajos},
  journal={IEEE Trans. Veh. Technol.},
  volume={73},
  number={5},
  pages={7400--7405},
  year={2024},
  publisher={IEEE}
}

@article{li2024low,
  title={Low-Overhead Channel Estimation for {RIS}-Aided Multi-Cell Networks in the Presence of Phase Quantization Errors},
  author={Li, Qingchao and El-Hajjar, Mohammed and Hemadeh, Ibrahim and Shojaeifard, Arman and Hanzo, Lajos},
  journal={IEEE Trans. Veh. Technol.},
  volume={73},
  number={5},
  pages={6626--6641},
  year={2024},
  publisher={IEEE}
}

@article{lin2024stacked,
  title={Stacked Intelligent Metasurface Enabled {LEO} Satellite Communications Relying on Statistical {CSI}},
  author={Lin, Shining and An, Jiancheng and Gan, Lu and Debbah, M{\'e}rouane and Yuen, Chau},
  journal={IEEE Wireless Commun. Lett.},
  volume={13},
  number={5},
  pages={1295--1299},
  year={2024},
  publisher={IEEE}
}

@article{pan2021reconfigurable,
  title={Reconfigurable intelligent surfaces for {6G} systems: Principles, applications, and research directions},
  author={Pan, Cunhua and Ren, Hong and Wang, Kezhi and Kolb, Jonas Florentin and Elkashlan, Maged and Chen, Ming and Di Renzo, Marco and Hao, Yang and Wang, Jiangzhou and Swindlehurst, A Lee and others},
  journal={IEEE Commun. Mag.},
  volume={59},
  number={6},
  pages={14--20},
  year={2021},
  publisher={IEEE}
}

@article{pan2022overview,
  title={An overview of signal processing techniques for {RIS/IRS}-aided wireless systems},
  author={Pan, Cunhua and Zhou, Gui and Zhi, Kangda and Hong, Sheng and Wu, Tuo and Pan, Yijin and Ren, Hong and Di Renzo, Marco and Swindlehurst, A Lee and Zhang, Rui and others},
  journal={IEEE J. Sel. Top. Signal Process.},
  volume={16},
  number={5},
  pages={883--917},
  year={2022},
  publisher={IEEE}
}

@article{shlezinger2019dynamic,
  title={Dynamic metasurface antennas for uplink massive {MIMO} systems},
  author={Shlezinger, Nir and Dicker, Or and Eldar, Yonina C and Yoo, Insang and Imani, Mohammadreza F and Smith, David R},
  journal={IEEE Trans. Commun.},
  volume={67},
  number={10},
  pages={6829--6843},
  year={2019},
  publisher={IEEE}
}

@article{wu2024two,
  title={Two-timescale Beamforming Optimization for Downlink Multi-user Holographic {MIMO} Surfaces},
  author={Wu, Haochen and Chen, Yuanbin and Ming, Yang and Wang, Zhaocheng},
  journal={IEEE Trans. Veh. Technol.},
  volume={73},
  number={3},
  pages={4476--4481},
  year={2024},
  publisher={IEEE}
}

@article{yoo2023sub,
  title={Sub-6-{G}Hz Uplink Massive {MIMO} System Using Holographic Beamforming Metasurfaces: A Conceptual Development},
  author={Yoo, Insang and Smith, David R},
  journal={IEEE Wireless Commun. Lett.},
  volume={12},
  number={4},
  pages={644--648},
  year={2023},
  publisher={IEEE}
}

@article{you2020channel,
  title={Channel estimation and passive beamforming for intelligent reflecting surface: Discrete phase shift and progressive refinement},
  author={You, Changsheng and Zheng, Beixiong and Zhang, Rui},
  journal={IEEE J. Sel. Areas Commun.},
  volume={38},
  number={11},
  pages={2604--2620},
  year={2020},
  publisher={IEEE}
}

@article{you2022energy,
  title={Energy efficiency maximization of massive {MIMO} communications with dynamic metasurface antennas},
  author={You, Li and Xu, Jie and Alexandropoulos, George C and Wang, Jue and Wang, Wenjin and Gao, Xiqi},
  journal={IEEE Trans. Wireless Commun.},
  volume={22},
  number={1},
  pages={393--407},
  year={2022},
  publisher={IEEE}
}

