
@article{an2024adjustable,
  title={Adjustable-Delay {RIS} is Capable of Improving {OFDM} Systems},
  author={An, Jiancheng and Xu, Chao and Ng, Derrick Wing Kwan and Yuen, Chau and Hanzo, Lajos},
  journal={IEEE Trans. Veh. Technol.},
  volume={73},
  number={7},
  pages={9927--9942},
  year={2024},
  publisher={IEEE}
}

@article{liu2022programmable,
  title={A programmable diffractive deep neural network based on a digital-coding metasurface array},
  author={Liu, Che and Ma, Qian and Luo, Zhang Jie and Hong, Qiao Ru and Xiao, Qiang and Zhang, Hao Chi and Miao, Long and Yu, Wen Ming and Cheng, Qiang and Li, Lianlin and others},
  journal={Nature Electronics},
  volume={5},
  number={2},
  pages={113--122},
  year={2022},
  publisher={Nature Publishing Group UK London}
}

@article{an2023toward_beamfocusing,
  title={Toward beamfocusing-aided near-field communications: Research advances, potential, and challenges},
  author={An, Jiancheng and Yuen, Chau and Dai, Linglong and Di Renzo, Marco and Debbah, Merouane and Hanzo, Lajos},
  journal={arXiv preprint arXiv:2309.09242},
  year={2023}
}

@article{lin2024stacked,
  title={Stacked Intelligent Metasurface Enabled {LEO} Satellite Communications Relying on Statistical {CSI}},
  author={Lin, Shining and An, Jiancheng and Gan, Lu and Debbah, M{\'e}rouane and Yuen, Chau},
  journal={IEEE Wireless Commun. Lett.},
  volume={13},
  number={5},
  pages={1295--1299},
  year={2024},
  publisher={IEEE}
}

@article{an2023stacked_magazine,
  title={Stacked intelligent metasurface-aided {MIMO} transceiver design},
  author={An, Jiancheng and Yuen, Chau and Xu, Chao and Li, Hongbin and Ng, Derrick Wing Kwan and Di Renzo, Marco and Debbah, M{\'e}rouane and Hanzo, Lajos},
  journal={arXiv preprint arXiv:2311.09814},
  year={2023}
}

@book{liu2024next,
  title={Next Generation Multiple Access Toward {6G}},
  author={Liu, Yuanwei and Liu, Liang and Ding, Zhiguo and Shen, Xuemin},
  pages={1--7},
  year={2024},
  publisher={Wiley Online Library},
}

@article{wu2020user,
  title={User-centric edge sharing mechanism in software-defined ultra-dense networks},
  author={Wu, Dapeng and Yan, Junjie and Wang, Honggang and Wang, Ruyan},
  journal={IEEE J. Sel. Areas Commun.},
  volume={38},
  number={7},
  pages={1531--1541},
  year={2020},
  publisher={IEEE}
}

@article{dai2022delay,
  title={Delay-phase precoding for wideband {TH}z massive {MIMO}},
  author={Dai, Linglong and Tan, Jingbo and Chen, Zhi and Poor, H Vincent},
  journal={IEEE Trans. Wireless Commun.},
  volume={21},
  number={9},
  pages={7271--7286},
  year={2022},
  publisher={IEEE}
}

@article{pan2022overview,
  title={An overview of signal processing techniques for {RIS/IRS}-aided wireless systems},
  author={Pan, Cunhua and Zhou, Gui and Zhi, Kangda and Hong, Sheng and Wu, Tuo and Pan, Yijin and Ren, Hong and Di Renzo, Marco and Swindlehurst, A Lee and Zhang, Rui and others},
  journal={IEEE J. Sel. Top. Signal Process.},
  volume={16},
  number={5},
  pages={883--917},
  year={2022},
  publisher={IEEE}
}

@article{pan2021reconfigurable,
  title={Reconfigurable intelligent surfaces for {6G} systems: Principles, applications, and research directions},
  author={Pan, Cunhua and Ren, Hong and Wang, Kezhi and Kolb, Jonas Florentin and Elkashlan, Maged and Chen, Ming and Di Renzo, Marco and Hao, Yang and Wang, Jiangzhou and Swindlehurst, A Lee and others},
  journal={IEEE Commun. Mag.},
  volume={59},
  number={6},
  pages={14--20},
  year={2021},
  publisher={IEEE}
}

@article{xu2021graph,
  title={Graph-embedded multi-agent learning for smart reconfigurable {TH}z {MIMO-NOMA} networks},
  author={Xu, Xiaoxia and Chen, Qimei and Mu, Xidong and Liu, Yuanwei and Jiang, Hao},
  journal={IEEE J. Sel. Areas Commun.},
  volume={40},
  number={1},
  pages={259--275},
  year={2021},
  publisher={IEEE}
}

@article{zhu2020toward,
  title={Toward an intelligent edge: Wireless communication meets machine learning},
  author={Zhu, Guangxu and Liu, Dongzhu and Du, Yuqing and You, Changsheng and Zhang, Jun and Huang, Kaibin},
  journal={IEEE Commun. Mag.},
  volume={58},
  number={1},
  pages={19--25},
  year={2020},
  publisher={IEEE}
}

@article{huang2022joint,
  title={Joint pilot optimization, target detection and channel estimation for integrated sensing and communication systems},
  author={Huang, Zhe and Wang, Kexuan and Liu, An and Cai, Yunlong and Du, Rui and Han, Tony Xiao},
  journal={IEEE Trans. Wireless Commun.},
  volume={21},
  number={12},
  pages={10351--10365},
  year={2022},
  publisher={IEEE}
}

@article{li2023uav,
  title={{UAV}-enabled multi-pair massive {MIMO-NOMA} relay systems with low-resolution {ADC}s/{DAC}s},
  author={Li, Xingwang and Zhang, Mingyu and Chen, Hui and Han, Congzheng and Li, Lihua and Do, Dinh-Thuan and Mumtaz, Shahid and Nallanathan, Arumugam},
  journal={IEEE Trans. Veh. Technol.},
  volume={73},
  number={2},
  pages={2171--2186},
  year={2023},
  publisher={IEEE}
}

@article{du2022tensor,
  title={Tensor-based joint channel estimation for multi-way massive {MIMO} hybrid relay systems},
  author={Du, Jianhe and Ye, Siyu and Jin, Libiao and Li, Xingwang and Ngo, Hien Quoc and Dobre, Octavia A},
  journal={IEEE Trans. Veh. Technol.},
  volume={71},
  number={9},
  pages={9571--9585},
  year={2022},
  publisher={IEEE}
}

@article{you2020channel,
  title={Channel estimation and passive beamforming for intelligent reflecting surface: Discrete phase shift and progressive refinement},
  author={You, Changsheng and Zheng, Beixiong and Zhang, Rui},
  journal={IEEE J. Sel. Areas Commun.},
  volume={38},
  number={11},
  pages={2604--2620},
  year={2020},
  publisher={IEEE}
}

@article{wu2021intelligent,
  title={Intelligent reflecting surface-aided wireless communications: A tutorial},
  author={Wu, Qingqing and Zhang, Shuowen and Zheng, Beixiong and You, Changsheng and Zhang, Rui},
  journal={IEEE Trans. Commun.},
  volume={69},
  number={5},
  pages={3313--3351},
  year={2021},
  publisher={IEEE}
}

@article{gunlu2023secure,
  title={Secure integrated sensing and communication},
  author={G{\"u}nl{\"u}, Onur and Bloch, Matthieu R and Schaefer, Rafael F and Yener, Aylin},
  journal={IEEE J. Sel. Areas Inf. Theory},
  volume={4},
  pages={40--53},
  year={2023},
  publisher={IEEE}
}

@article{li2020dynamic,
  title={Dynamic hybrid beamforming with low-resolution {PS}s for wideband mm{W}ave {MIMO-OFDM} systems},
  author={Li, Hongyu and Li, Ming and Liu, Qian and Swindlehurst, A Lee},
  journal={IEEE J. Sel. Areas Commun.},
  volume={38},
  number={9},
  pages={2168--2181},
  year={2020},
  publisher={IEEE}
}

@article{hillen2017moments,
  title={Moments of von {M}ises and {F}isher distributions and applications},
  author={Hillen, Thomas and Painter, Kevin J and Swan, Amanda C and Murtha, Albert D},
  journal={Mathematical Biosciences \& Engineering},
  volume={14},
  number={3},
  pages={673},
  year={2017},
  publisher={American Institute of Mathematical Sciences}
}

@article{qian2020beamforming,
  title={Beamforming through reconfigurable intelligent surfaces in single-user {MIMO} systems: {SNR} distribution and scaling laws in the presence of channel fading and phase noise},
  author={Qian, Xuewen and Di Renzo, Marco and Liu, Jiang and Kammoun, Abla and Alouini, M-S},
  journal={IEEE Wireless Commun. Lett.},
  volume={10},
  number={1},
  pages={77--81},
  year={2020},
  publisher={IEEE}
}

@article{li2019tutorial,
  title={Tutorial: Complexity analysis of singular value decomposition and its variants},
  author={Li, Xiaocan and Wang, Shuo and Cai, Yinghao},
  journal={arXiv preprint arXiv:1906.12085},
  year={2019}
}

@book{chi2017convex,
  title={Convex optimization for signal processing and communications: From fundamentals to applications},
  author={Chi, Chong-Yung and Li, Wei-Chiang and Lin, Chia-Hsiang},
  year={2017},
  publisher={CRC press}
}

@article{ning2020beamforming,
  title={Beamforming optimization for intelligent reflecting surface assisted {MIMO}: A sum-path-gain maximization approach},
  author={Ning, Boyu and Chen, Zhi and Chen, Wenjie and Fang, Jun},
  journal={IEEE Wireless Commun. Lett.},
  volume={9},
  number={7},
  pages={1105--1109},
  year={2020},
  publisher={IEEE}
}

@article{wu2023multiple,
  title={Multiple access for near-field communications: {SDMA} or {LDMA}?},
  author={Wu, Zidong and Dai, Linglong},
  journal={IEEE J. Sel. Areas Commun.},
  volume={41},
  number={6},
  pages={1918--1935},
  year={2023},
  publisher={IEEE}
}

@article{cheng2024achievable,
  title={Achievable rate optimization of the {RIS}-aided near-field wideband uplink},
  author={Cheng, Yajun and Huang, Chongwen and Peng, Wei and Debbah, M{\'e}rouane and Hanzo, Lajos and Yuen, Chau},
  journal={IEEE Trans. Wireless Commun.},
  volume={23},
  number={3},
  pages={2296--2311},
  year={2024},
  publisher={IEEE}
}

@article{deng2022reconfigurable_twc,
  title={Reconfigurable holographic surface-enabled multi-user wireless communications: Amplitude-controlled holographic beamforming},
  author={Deng, Ruoqi and Di, Boya and Zhang, Hongliang and Tan, Yunhua and Song, Lingyang},
  journal={IEEE Trans. Wireless Commun.},
  volume={21},
  number={8},
  pages={6003--6017},
  year={2022},
  publisher={IEEE}
}




@article{an2024two,
  title={Two-Dimensional Direction-of-Arrival Estimation Using Stacked Intelligent Metasurfaces},
  author={An, Jiancheng and Yuen, Chau and Guan, Yong Liang and Di Renzo, Marco and Debbah, M{\'e}rouane and Poor, H Vincent and Hanzo, Lajos},
  journal={arXiv preprint arXiv:2402.08224},
  year={2024}
}

@inproceedings{an2023stacked_icc,
  title={Stacked intelligent metasurfaces for multiuser beamforming in the wave domain},
  author={An, Jiancheng and Di Renzo, Marco and Debbah, M{\'e}rouane and Yuen, Chau},
  booktitle={ICC 2023-IEEE International Conference on Communications},
  pages={2834--2839},
  year={2023},
  organization={IEEE}
}

@article{badiu2019communication,
  title={Communication through a large reflecting surface with phase errors},
  author={Badiu, Mihai-Alin and Coon, Justin P},
  journal={IEEE Wireless Commun. Lett.},
  volume={9},
  number={2},
  pages={184--188},
  year={2019},
  publisher={IEEE}
}

@article{cui2022near,
  title={Near-field {MIMO} communications for {6G}: Fundamentals, challenges, potentials, and future directions},
  author={Cui, Mingyao and Wu, Zidong and Lu, Yu and Wei, Xiuhong and Dai, Linglong},
  journal={IEEE Commun. Mag.},
  volume={61},
  number={1},
  pages={40--46},
  year={2022},
  publisher={IEEE}
}

@article{kaiser2009overview,
  title={An overview of ultra-wide-band systems with {MIMO}},
  author={Kaiser, Thomas and Zheng, Feng and Dimitrov, Emil},
  journal={Proc. IEEE},
  volume={97},
  number={2},
  pages={285--312},
  year={2009},
  publisher={IEEE}
}

@article{li2024achievable,
  title={Achievable Rate Analysis of Intelligent Omni-Surface Assisted {NOMA} Holographic {MIMO} Systems},
  author={Li, Qingchao and El-Hajjar, Mohammed and Sun, Yanshi and Hemadeh, Ibrahim and Tsai, Yingming and Shojaeifard, Arman and Hanzo, Lajos},
  journal={IEEE Trans. Veh. Technol.},
  volume={73},
  number={5},
  pages={7400--7405},
  year={2024},
  publisher={IEEE}
}

@article{tang2022path,
  title={Path loss modeling and measurements for reconfigurable intelligent surfaces in the millimeter-wave frequency band},
  author={Tang, Wankai and Chen, Xiangyu and Chen, Ming Zheng and Dai, Jun Yan and Han, Yu and Di Renzo, Marco and Jin, Shi and Cheng, Qiang and Cui, Tie Jun},
  journal={IEEE Trans. Commun.},
  volume={70},
  number={9},
  pages={6259--6276},
  year={2022},
  publisher={IEEE}
}

@article{li2022reconfigurable,
  title={Reconfigurable intelligent surfaces relying on non-diagonal phase shift matrices},
  author={Li, Qingchao and El-Hajjar, Mohammed and Hemadeh, Ibrahim and Shojaeifard, Arman and Mourad, Alain AM and Clerckx, Bruno and Hanzo, Lajos},
  journal={IEEE Trans. Veh. Technol.},
  volume={71},
  number={6},
  pages={6367--6383},
  year={2022},
  publisher={IEEE}
}




@article{li2024low,
  title={Low-Overhead Channel Estimation for {RIS}-Aided Multi-Cell Networks in the Presence of Phase Quantization Errors},
  author={Li, Qingchao and El-Hajjar, Mohammed and Hemadeh, Ibrahim and Shojaeifard, Arman and Hanzo, Lajos},
  journal={IEEE Trans. Veh. Technol.},
  volume={73},
  number={5},
  pages={6626--6641},
  year={2024},
  publisher={IEEE}
}


@article{gong2024holographic,
  title={Holographic {MIMO} Communications: Theoretical Foundations, Enabling Technologies, and Future Directions},
  author={Gong, Tierui and Gavriilidis, Panagiotis and Ji, Ran and Huang, Chongwen and Alexandropoulos, George C. and Wei, Li and Zhang, Zhaoyang and Debbah, Mérouane and Poor, H. Vincent and Yuen, Chau},
  journal={IEEE Commun. Surv. Tut.},  
  volume={26},
  number={1},
  pages={196--257},
  year={2024},
  publisher={IEEE}
}



@article{an2023stacked,
  title={Stacked intelligent metasurfaces for efficient holographic {MIMO} communications in {6G}},
  author={An, Jiancheng and Xu, Chao and Ng, Derrick Wing Kwan and Alexandropoulos, George C and Huang, Chongwen and Yuen, Chau and Hanzo, Lajos},
  journal={IEEE J. Sel. Areas Commun.},
  volume={41},
  number={8},
  pages={2380--2396},
  year={2023},
  publisher={IEEE}
}




%[18]
@article{deng2022hdma,
  title={{HDMA}: Holographic-pattern division multiple access},
  author={Deng, Ruoqi and Di, Boya and Zhang, Hongliang and Song, Lingyang},
  journal={IEEE J. Sel. Areas Commun.},
  volume={40},
  number={4},
  pages={1317--1332},
  year={2022},
  publisher={IEEE}
}




%[20]
@article{deng2021reconfigurable_tvt,
  title={Reconfigurable holographic surface: Holographic beamforming for metasurface-aided wireless communications},
  author={Deng, Ruoqi and Di, Boya and Zhang, Hongliang and Tan, Yunhua and Song, Lingyang},
  journal={IEEE Trans. Veh. Technol.},
  volume={70},
  number={6},
  pages={6255--6259},
  year={2021},
  publisher={IEEE}
}


%[21]
@article{hu2022holographic,
  title={Holographic beamforming for ultra massive {MIMO} with limited radiation amplitudes: How many quantized bits do we need?},
  author={Hu, Xinyuan and Deng, Ruoqi and Di, Boya and Zhang, Hongliang and Song, Lingyang},
  journal={IEEE Commun. Lett.},
  volume={26},
  number={6},
  pages={1403--1407},
  year={2022},
  publisher={IEEE}
}

%[22]
@article{deng2022holographic,
  title={Holographic {MIMO} for {LEO} satellite communications aided by reconfigurable holographic surfaces},
  author={Deng, Ruoqi and Di, Boya and Zhang, Hongliang and Poor, H Vincent and Song, Lingyang},
  journal={IEEE J. Sel. Areas Commun.},
  volume={40},
  number={10},
  pages={3071--3085},
  year={2022},
  publisher={IEEE}
}





@article{huang2020holographic,
  title={Holographic {MIMO} surfaces for {6G} wireless networks: Opportunities, challenges, and trends},
  author={Huang, Chongwen and Hu, Sha and Alexandropoulos, George C and Zappone, Alessio and Yuen, Chau and Zhang, Rui and Di Renzo, Marco and Debbah, Merouane},
  journal={IEEE Wireless Commun.},
  volume={27},
  number={5},
  pages={118--125},
  year={2020},
  publisher={IEEE}
}



@article{wu2024two,
  title={Two-timescale Beamforming Optimization for Downlink Multi-user Holographic {MIMO} Surfaces},
  author={Wu, Haochen and Chen, Yuanbin and Ming, Yang and Wang, Zhaocheng},
  journal={IEEE Trans. Veh. Technol.},
  volume={73},
  number={3},
  pages={4476--4481},
  year={2024},
  publisher={IEEE}
}

@article{hu2023holographic,
  title={Holographic Beamforming for {LEO} Satellites},
  author={Hu, Xinyuan and Deng, Ruoqi and Di, Boya and Zhang, Hongliang and Song, Lingyang},
  journal={IEEE Commun. Lett.},
  volume={27},
  number={10},
  pages={2717--2721},
  year={2023},
  publisher={IEEE}
}



@article{yoo2023sub,
  title={Sub-6-{G}Hz Uplink Massive {MIMO} System Using Holographic Beamforming Metasurfaces: A Conceptual Development},
  author={Yoo, Insang and Smith, David R},
  journal={IEEE Wireless Commun. Lett.},
  volume={12},
  number={4},
  pages={644--648},
  year={2023},
  publisher={IEEE}
}

@article{deng2023reconfigurable,
  title={Reconfigurable Holographic Surface: A New Paradigm to Implement Holographic Radio},
  author={Deng, Ruoqi and Zhang, Yutong and Zhang, Haobo and Di, Boya and Zhang, Hongliang and Song, Lingyang},
  journal={IEEE Veh. Technol. Mag.},
  volume={18},
  number={1},
  pages={20--28},
  year={2023},
  publisher={IEEE}
}




@article{dai2022delay,
  title={Delay-phase precoding for wideband {THz} massive {MIMO}},
  author={Dai, Linglong and Tan, Jingbo and Chen, Zhi and Poor, H Vincent},
  journal={IEEE Trans. Wireless Commun.},
  volume={21},
  number={9},
  pages={7271--7286},
  year={2022},
  publisher={IEEE}
}



@article{an2023stacked_arxiv,
  title={Stacked Intelligent Metasurface-Aided {MIMO} Transceiver Design},
  author={An, Jiancheng and Yuen, Chau and Xu, Chao and Li, Hongbin and Ng, Derrick Wing Kwan and Di Renzo, Marco and Debbah, M{\'e}rouane and Hanzo, Lajos},
  journal={arXiv preprint arXiv:2311.09814},
  year={2023}
}

@article{shlezinger2019dynamic,
  title={Dynamic metasurface antennas for uplink massive {MIMO} systems},
  author={Shlezinger, Nir and Dicker, Or and Eldar, Yonina C and Yoo, Insang and Imani, Mohammadreza F and Smith, David R},
  journal={IEEE Trans. Commun.},
  volume={67},
  number={10},
  pages={6829--6843},
  year={2019},
  publisher={IEEE}
}

@article{you2022energy,
  title={Energy efficiency maximization of massive {MIMO} communications with dynamic metasurface antennas},
  author={You, Li and Xu, Jie and Alexandropoulos, George C and Wang, Jue and Wang, Wenjin and Gao, Xiqi},
  journal={IEEE Trans. Wireless Commun.},
  volume={22},
  number={1},
  pages={393--407},
  year={2022},
  publisher={IEEE}
}

@article{li2023near,
  title={Near-Field Beamforming Optimization for Holographic {XL-MIMO} Multiuser Systems},
  author={Li, Yihan and Gong, Shiqi and Liu, Heng and Xing, Chengwen and Zhao, Nan and Wang, Xianbin},
  journal={IEEE Trans. Commun.},
  volume={72},
  number={4},
  pages={2309--2323},
  year={2024},
  publisher={IEEE}
}

@article{lu2021communicating,
  title={Communicating with extremely large-scale array/surface: Unified modeling and performance analysis},
  author={Lu, Haiquan and Zeng, Yong},
  journal={IEEE Trans. Wireless Commun.},
  volume={21},
  number={6},
  pages={4039--4053},
  year={2021},
  publisher={IEEE}
}

@article{li2018metasurfaces,
  title={Metasurfaces and their applications},
  author={Li, Aobo and Singh, Shreya and Sievenpiper, Dan},
  journal={Nanophotonics},
  volume={7},
  number={6},
  pages={989--1011},
  year={2018},
  publisher={De Gruyter}
}

@article{guo2020adaptive,
  title={An adaptive wireless virtual reality framework in future wireless networks: A distributed learning approach},
  author={Guo, Fengxian and Yu, F Richard and Zhang, Heli and Ji, Hong and Leung, Victor CM and Li, Xi},
  journal={IEEE Trans. Veh. Technol.},
  volume={69},
  number={8},
  pages={8514--8528},
  year={2020},
  publisher={IEEE}
}

@article{torres2020immersive,
  title={Immersive interconnected virtual and augmented reality: A {5G} and {IoT} perspective},
  author={Torres Vega, Maria and Liaskos, Christos and Abadal, Sergi and Papapetrou, Evangelos and Jain, Akshay and Mouhouche, Belkacem and Kalem, G{\"o}khan and Erg{\"u}t, Salih and Mach, Marian and Sabol, Tomas and others},
  journal={Journal of Network and Systems Management},
  volume={28},
  pages={796--826},
  year={2020},
  publisher={Springer}
}

@article{xiao2024multichannel,
  title={Multichannel direct communication based on a programmable topological plasmonic metasurface},
  author={Xiao, Qiang and Ma, Qian and Qin, Shi Long and Chen, Long and Ning, Yu Ming and You, Jian Wei},
  journal={Journal of Applied Physics},
  volume={136},
  number={1},
  year={2024},
  publisher={AIP Publishing}
}

@article{li2023light,
  title={Light-sensing metasurface with flexible reprogrammable functions},
  author={Li, Jing and Ye, Fu Ju and Tan, Hong Rui and Luo, Si Si and Cui, Hao Yang and Chen, Lei},
  journal={Applied Physics A},
  volume={129},
  number={9},
  pages={640},
  year={2023},
  publisher={Springer}
}



@article{papazafeiropoulos2021intelligent,
  title={Intelligent reflecting surface-assisted {MU-MISO} systems with imperfect hardware: Channel estimation and beamforming design},
  author={Papazafeiropoulos, Anastasios and Pan, Cunhua and Kourtessis, Pandelis and Chatzinotas, Symeon and Senior, John M},
  journal={IEEE Trans. Wireless Commun.},
  volume={21},
  number={3},
  pages={2077--2092},
  year={2021},
  publisher={IEEE}
}

@article{ni2015hybrid,
  title={Hybrid block diagonalization for massive multiuser {MIMO} systems},
  author={Ni, Weiheng and Dong, Xiaodai},
  journal={IEEE Trans. Commun.},
  volume={64},
  number={1},
  pages={201--211},
  year={2015},
  publisher={IEEE}
}

@article{xu2024near,
  title={Near-field wideband extremely large-scale {MIMO} transmissions with holographic metasurface-based antenna arrays},
  author={Xu, Jie and You, Li and Alexandropoulos, George C and Yi, Xinping and Wang, Wenjin and Gao, Xiqi},
  journal={IEEE Trans. Wireless Commun.},
  volume={23},
  number={9},
  pages={12054--12067},
  year={2024},
  publisher={IEEE}
}

@article{chen2018review,
  title={A review of mutual coupling in {MIMO} systems},
  author={Chen, Xiaoming and Zhang, Shuai and Li, Qinlong},
  journal={IEEE Access},
  volume={6},
  pages={24706--24719},
  year={2018},
  publisher={IEEE}
}

@book{balanis2015antenna,
  title={Antenna theory: analysis and design},
  author={Balanis, Constantine A},
  year={2015},
  publisher={John wiley \& sons}
}