@inproceedings{abdolshah2019multi,
  title={Multi-objective {B}ayesian optimisation with preferences over objectives},
  author={Abdolshah, Majid and Shilton, Alistair and Rana, Santu and Gupta, Sunil and Venkatesh, Svetha},
  booktitle={Advances in Neural Information Processing Systems (NeurIPS)},
  volume={32},
  year={2019},
  url={https://proceedings.neurips.cc/paper_files/paper/2019/file/a7b7e4b27722574c611fe91476a50238-Paper.pdf},
}

@inproceedings{adachi2024looping,
  title={Looping in the Human: Collaborative and Explainable {B}ayesian Optimization},
  author={Adachi, Masaki and Planden, Brady and Howey, David and Osborne, Michael A and Orbell, Sebastian and Ares, Natalia and Muandet, Krikamol and Chau, Siu Lun},
  booktitle={International Conference on Artificial Intelligence and Statistics (AISTATS)},
  pages={505--513},
  year={2024},
  organization={PMLR},
  url = {https://proceedings.mlr.press/v238/adachi24a.html},
}

@article{al2018approximating,
  title={Approximating {N}ash equilibria for black-box games: A {B}ayesian optimization approach},
  author={Al-Dujaili, Abdullah and Hemberg, Erik and O'Reilly, Una-May},
  journal={arXiv preprint arXiv:1804.10586},
  year={2018},
  url={https://arxiv.org/abs/1804.10586},
}

@inproceedings{astudillo2023qeubo,
  title={q{EUBO}: A decision-theoretic acquisition function for preferential {B}ayesian optimization},
  author={Astudillo, Raul and Lin, Zhiyuan Jerry and Bakshy, Eytan and Frazier, Peter},
  booktitle={International Conference on Artificial Intelligence and Statistics (AISTATS)},
  volume = {206},
  pages={1093--1114},
  year={2023},
  organization={PMLR},
  url = {https://proceedings.mlr.press/v206/astudillo23a.html},
}

@article{astudillo2024preferential,
  title={Preferential Multi-Objective {B}ayesian Optimization},
  author={Astudillo, Raul and Li, Kejun and Tucker, Maegan and Cheng, Chu Xin and Ames, Aaron D and Yue, Yisong},
  journal={arXiv preprint arXiv:2406.14699},
  year={2024},
  url={https://arxiv.org/abs/2406.14699},
}

@inproceedings{benavoli2023bayesian,
  title={Bayesian optimization for choice data},
  author={Benavoli, Alessio and Azzimonti, Dario and Piga, Dario},
  booktitle={Proceedings of the Companion Conference on Genetic and Evolutionary Computation (GECCO)},
  pages={2272--2279},
  year={2023},
  url = {https://doi.org/10.1145/3583133.3596324},
}

@article{binois2020kalai,
  title={The {K}alai-{S}morodinsky solution for many-objective {B}ayesian optimization},
  author={Binois, Micka{\"e}l and Picheny, Victor and Taillandier, Patrick and Habbal, Abderrahmane},
  journal={Journal of Machine Learning Research (JMLR)},
  volume={21},
  number={150},
  pages={1--42},
  year={2020},
  url = {http://jmlr.org/papers/v21/18-212.html},
}

@article{daulton2020differentiable,
  title={Differentiable expected hypervolume improvement for parallel multi-objective {B}ayesian optimization},
  author={Daulton, Samuel and Balandat, Maximilian and Bakshy, Eytan},
  journal={Advances in Neural Information Processing Systems (NeurIPS)},
  volume={33},
  pages={9851--9864},
  year={2020},
  url = {https://proceedings.neurips.cc/paper_files/paper/2020/file/6fec24eac8f18ed793f5eaad3dd7977c-Paper.pdf},
}

@inproceedings{gonzalez2017preferential,
  title={Preferential {B}ayesian optimization},
  author={Gonz{\'a}lez, Javier and Dai, Zhenwen and Damianou, Andreas and Lawrence, Neil D},
  booktitle={International Conference on Machine Learning (ICML)},
  pages={1282--1291},
  year={2017},
  organization={PMLR},
  url = 	 {https://proceedings.mlr.press/v70/gonzalez17a.html},
}

@inproceedings{han2024noregret,
title={No-Regret Learning of {N}ash Equilibrium for Black-Box Games via {G}aussian Processes},
author={Minbiao Han and Fengxue Zhang and Yuxin Chen},
booktitle={Uncertainty in Artificial Intelligence (UAI)},
year={2024},
url={https://openreview.net/forum?id=LMcHRkpSKZ}
}

@inproceedings{hernandez2016predictive,
  title={Predictive entropy search for multi-objective {B}ayesian optimization},
  author={Hern{\'a}ndez-Lobato, Daniel and Hernandez-Lobato, Jose and Shah, Amar and Adams, Ryan},
  booktitle={International Conference on Machine Learning (ICML)},
  pages={1492--1501},
  volume = {48},
  year={2016},
  organization={PMLR},
  url={https://proceedings.mlr.press/v48/hernandez-lobatoa16.html},
}

@article{kandasamy2016gaussian,
  title={Gaussian process bandit optimisation with multi-fidelity evaluations},
  author={Kandasamy, Kirthevasan and Dasarathy, Gautam and Oliva, Junier B and Schneider, Jeff and P{\'o}czos, Barnab{\'a}s},
  journal={Advances in Neural Information Processing Systems (NeurIPS)},
  volume={29},
  year={2016},
  url = {https://proceedings.neurips.cc/paper_files/paper/2016/file/605ff764c617d3cd28dbbdd72be8f9a2-Paper.pdf},
}

@article{lee2020cost,
  title={Cost-aware {B}ayesian optimization},
  author={Lee, Eric Hans and Perrone, Valerio and Archambeau, Cedric and Seeger, Matthias},
  journal={arXiv preprint arXiv:2003.10870},
  year={2020},
  url={https://doi.org/10.48550/arXiv.2003.10870},
}

@inproceedings{mikkola2023multi,
  title={Multi-fidelity {B}ayesian optimization with unreliable information sources},
  author={Mikkola, Petrus and Martinelli, Julien and Filstroff, Louis and Kaski, Samuel},
  booktitle={International Conference on Artificial Intelligence and Statistics (AISTATS)},
  volume = 	 {206},
  pages={7425--7454},
  year={2023},
  organization={PMLR},
  url = 	 {https://proceedings.mlr.press/v206/mikkola23a.html},
}

@inproceedings{nguyen2021top,
  title={Top-$k$ ranking {B}ayesian optimization},
  author={Nguyen, Quoc Phong and Tay, Sebastian and Low, Bryan Kian Hsiang and Jaillet, Patrick},
  booktitle={AAAI Conference on Artificial Intelligence (AAAI)},
  volume={35},
  pages={9135--9143},
  year={2021},
  url={https://doi.org/10.1609/aaai.v35i10.17103},
}

@inproceedings{ozaki2024multi,
  title={Multi-Objective {B}ayesian Optimization with Active Preference Learning},
  author={Ozaki, Ryota and Ishikawa, Kazuki and Kanzaki, Youhei and Takeno, Shion and Takeuchi, Ichiro and Karasuyama, Masayuki},
  booktitle={AAAI Conference on Artificial Intelligence (AAAI)},
  volume={38},
  pages={14490--14498},
  year={2024},
  url={https://doi.org/10.1609/aaai.v38i13.29364},
}

@inproceedings{perrone2021fair, 
    author = {Perrone, Valerio and Donini, Michele and Zafar, Muhammad Bilal and Schmucker, Robin and Kenthapadi, Krishnaram and Archambeau, C\'{e}dric}, 
    title = {Fair Bayesian Optimization}, 
    year = {2021}, 
    isbn = {9781450384735}, 
    publisher = {Association for Computing Machinery}, 
    address = {New York, NY, USA}, 
    url = {https://doi.org/10.1145/3461702.3462629}, doi = {10.1145/3461702.3462629}, 
    booktitle = {Proceedings of the 2021 AAAI/ACM Conference on AI, Ethics, and Society}, 
    pages = {854â€“863}, 
    numpages = {10},
}

@article{picheny2019bayesian,
  title={A {B}ayesian optimization approach to find {N}ash equilibria},
  author={Picheny, Victor and Binois, Mickael and Habbal, Abderrahmane},
  journal={Journal of Global Optimization},
  volume={73},
  pages={171--192},
  year={2019},
  publisher={Springer},
  url={https://doi.org/10.1007/s10898-018-0688-0},
}

@inproceedings{sim2021collaborative,
  title={Collaborative {B}ayesian optimization with fair regret},
  author={Sim, Rachael Hwee Ling and Zhang, Yehong and Low, Bryan Kian Hsiang and Jaillet, Patrick},
  booktitle={International Conference on Machine Learning (ICML)},
  volume = 	 {139},
  pages={9691--9701},
  year={2021},
  organization={PMLR},
  url = 	 {https://proceedings.mlr.press/v139/sim21b.html},
}

@InProceedings{xu2023fair,
  title = 	 {FAIR: Fair Collaborative Active Learning with Individual Rationality for Scientific Discovery},
  author =       {Xu, Xinyi and Wu, Zhaoxuan and Verma, Arun and Foo, Chuan Sheng and Low, Bryan Kian Hsiang},
  booktitle = 	 {Proceedings of The 26th International Conference on Artificial Intelligence and Statistics},
  pages = 	 {4033--4057},
  year = 	 {2023},
  editor = 	 {Ruiz, Francisco and Dy, Jennifer and van de Meent, Jan-Willem},
  volume = 	 {206},
  series = 	 {Proceedings of Machine Learning Research},
  month = 	 {25--27 Apr},
  publisher =    {PMLR},
  url = 	 {https://proceedings.mlr.press/v206/xu23e.html},
}

@inproceedings{xu2024principled,
  title={Principled Preferential {B}ayesian Optimization},
  author={Wenjie Xu and Wenbin Wang and Yuning Jiang and Bratislav Svetozarevic and Colin Jones},
  booktitle={International Conference on Machine Learning (ICML)},
  volume = 	 {235},
  pages = 	 {55305--55336},
  year = 	 {2024},
  url = 	 {https://proceedings.mlr.press/v235/xu24y.html},
  publisher =    {PMLR},
}

@article{xu2025principled,
  title={Principled {B}ayesian optimisation in collaboration with human experts},
  author={Xu, Wenjie and Adachi, Masaki and Jones, Colin N and Osborne, Michael A},
  journal={Neural Information Processing Systems (NeurIPS)},
  url={https://doi.org/10.48550/arXiv.2410.10452},
  year={2024}
}

