@article{kandasamy2016gaussian,
  title={Gaussian process bandit optimisation with multi-fidelity evaluations},
  author={Kandasamy, Kirthevasan and Dasarathy, Gautam and Oliva, Junier B and Schneider, Jeff and P{\'o}czos, Barnab{\'a}s},
  journal={Advances in Neural Information Processing Systems (NeurIPS)},
  volume={29},
  year={2016},
  url = {https://proceedings.neurips.cc/paper_files/paper/2016/file/605ff764c617d3cd28dbbdd72be8f9a2-Paper.pdf},
}

@inproceedings{mikkola2023multi,
  title={Multi-fidelity {B}ayesian optimization with unreliable information sources},
  author={Mikkola, Petrus and Martinelli, Julien and Filstroff, Louis and Kaski, Samuel},
  booktitle={International Conference on Artificial Intelligence and Statistics (AISTATS)},
  volume = 	 {206},
  pages={7425--7454},
  year={2023},
  organization={PMLR},
  url = 	 {https://proceedings.mlr.press/v206/mikkola23a.html},
}

@inproceedings{muandet2022impossibility,
    title={Impossibility of Collective Intelligence},
    author={Krikamol Muandet},
    booktitle={ICLR 2023 Workshop on Multimodal Representation Learning: Perks and Pitfalls},
    year={2023},
    url={https://doi.org/10.48550/arXiv.2206.02786},
}

@book{abdukadirov2016nudge,
  title={Nudge theory in action: Behavioral design in policy and markets},
  author={Abdukadirov, Sherzod},
  year={2016},
  publisher={Springer}
}

@inproceedings{zhang2006learning,
  title={Learning from incomplete ratings using non-negative matrix factorization},
  author={Zhang, Sheng and Wang, Weihong and Ford, James and Makedon, Fillia},
  booktitle={Proceedings of the 2006 SIAM international conference on data mining},
  pages={549--553},
  year={2006},
  organization={SIAM}
}

@article{martinez2007challenges,
  title={Challenges for improving consensus reaching process in collective decisions},
  author={MART{\'I}NEZ, Luis and Montero, Javier},
  journal={New Mathematics and Natural Computation},
  volume={3},
  number={02},
  pages={203--217},
  year={2007},
  publisher={World Scientific}
}


@book{landemore2012collective,
  title={Collective wisdom: Principles and mechanisms},
  author={Landemore, H{\'e}l{\`e}ne and Elster, Jon},
  year={2012},
  publisher={Cambridge University Press}
}

@article{pu2021kernel,
  title={Kernel-based graph learning from smooth signals: A functional viewpoint},
  author={Pu, Xingyue and Chau, Siu Lun and Dong, Xiaowen and Sejdinovic, Dino},
  journal={IEEE Transactions on Signal and Information Processing over Networks},
  volume={7},
  pages={192--207},
  year={2021},
  publisher={IEEE}
}

@article{dong2019learning,
  title={Learning graphs from data: A signal representation perspective},
  author={Dong, Xiaowen and Thanou, Dorina and Rabbat, Michael and Frossard, Pascal},
  journal={IEEE Signal Processing Magazine},
  volume={36},
  number={3},
  pages={44--63},
  year={2019},
  publisher={IEEE},
  url={https://doi.org/10.1109/MSP.2018.2887284},
}

@article{fishburn1968utility,
  title={Utility theory},
  author={Fishburn, Peter C},
  journal={Management science},
  volume={14},
  number={5},
  pages={335--378},
  year={1968},
  publisher={INFORMS},
  url={https://doi.org/10.1287/mnsc.14.5.335},
}

@inproceedings{benavoli2023learning,
  title={Learning choice functions with {G}aussian processes},
  author={Benavoli, Alessio and Azzimonti, Dario and Piga, Dario},
  booktitle={Uncertainty in Artificial Intelligence (UAI)},
  pages={141--151},
  year={2023},
  organization={PMLR},
  url={https://doi.org/10.48550/arXiv.2302.00406},
}

@article{mania2018kernel,
  title={On kernel methods for covariates that are rankings},
  author={Mania, Horia and Ramdas, Aaditya and Wainwright, Martin J and Jordan, Michael I and Recht, Benjamin},
  year={2018}
}

@inproceedings{chau2022spectral,
  title={Spectral ranking with covariates},
  author={Chau, Siu Lun and Cucuringu, Mihai and Sejdinovic, Dino},
  booktitle={Joint European Conference on Machine Learning and Knowledge Discovery in Databases},
  pages={70--86},
  year={2022},
  organization={Springer}
}

@article{bonilla2007multi,
  title={Multi-task {G}aussian process prediction},
  author={Bonilla, Edwin V and Chai, Kian and Williams, Christopher},
  journal={Advances in Neural Information Processing Systems (NeurIPS)},
  volume={20},
  year={2007},
  url = {https://proceedings.neurips.cc/paper_files/paper/2007/file/66368270ffd51418ec58bd793f2d9b1b-Paper.pdf},
}

@book{goovaerts1997geostatistics,
  title={Geostatistics for natural resources evaluation},
  author={Goovaerts, Pierre},
  year={1997},
  publisher={Oxford University Press, USA}
}

@article{goodman1960exact,
  title={On the exact variance of products},
  author={Goodman, Leo A},
  journal={Journal of the American statistical association},
  volume={55},
  number={292},
  pages={708--713},
  year={1960},
  publisher={Taylor \& Francis},
  url={https://doi.org/10.2307/2281592},
}

@inproceedings{srinivas2010gaussian,
  title={Gaussian Process Optimization in the Bandit Setting: No Regret and Experimental Design},
  author={Srinivas, Niranjan and Krause, Andreas and Kakade, Sham and Seeger, Matthias},
  booktitle={International Conference on Machine Learning (ICML)},
  pages={1015--1022},
  year={2010},
  url={https://doi.org/10.48550/arXiv.0912.3995},
}

@inproceedings{sim2021collaborative,
  title={Collaborative {B}ayesian optimization with fair regret},
  author={Sim, Rachael Hwee Ling and Zhang, Yehong and Low, Bryan Kian Hsiang and Jaillet, Patrick},
  booktitle={International Conference on Machine Learning (ICML)},
  volume = 	 {139},
  pages={9691--9701},
  year={2021},
  organization={PMLR},
  url = 	 {https://proceedings.mlr.press/v139/sim21b.html},
}

@article{weymark1981generalized,
  title={Generalized {G}ini inequality indices},
  author={Weymark, John A},
  journal={Mathematical Social Sciences},
  volume={1},
  number={4},
  pages={409--430},
  year={1981},
  publisher={Elsevier},
  url={https://doi.org/10.1016/0165-4896(81)90018-4}
}

@inproceedings{gonzalez2017preferential,
  title={Preferential {B}ayesian optimization},
  author={Gonz{\'a}lez, Javier and Dai, Zhenwen and Damianou, Andreas and Lawrence, Neil D},
  booktitle={International Conference on Machine Learning (ICML)},
  pages={1282--1291},
  year={2017},
  organization={PMLR},
  url = 	 {https://proceedings.mlr.press/v70/gonzalez17a.html},
}

@article{eric2007active,
  title={Active preference learning with discrete choice data},
  author={Brochu, Eric and Freitas, Nando and Ghosh, Abhijeet},
  journal={Advances in Neural Information Processing Systems (NeurIPS)},
  volume={20},
  year={2007}
}

@inproceedings{han2024noregret,
title={No-Regret Learning of {N}ash Equilibrium for Black-Box Games via {G}aussian Processes},
author={Minbiao Han and Fengxue Zhang and Yuxin Chen},
booktitle={Uncertainty in Artificial Intelligence (UAI)},
year={2024},
url={https://openreview.net/forum?id=LMcHRkpSKZ}
}

@article{hu2022explaining,
  title={Explaining preferences with {S}hapley values},
  author={Hu, Robert and Chau, Siu Lun and Ferrando Huertas, Jaime and Sejdinovic, Dino},
  journal={Advances in Neural Information Processing Systems (NeurIPS)},
  volume={35},
  pages={27664--27677},
  year={2022}
}

@inproceedings{chu2005preference,
  title={Preference learning with {G}aussian processes},
  author={Chu, Wei and Ghahramani, Zoubin},
  booktitle={International Conference on Machine Learning (ICML)},
  pages={137--144},
  year={2005},
  url={https://doi.org/10.1145/1102351.1102369},
}

@article{owen1990empirical,
  title={Empirical likelihood ratio confidence regions},
  author={Owen, Art},
  journal={The Annals of Statistics},
  volume={18},
  number={1},
  pages={90--120},
  year={1990},
  publisher={Institute of Mathematical Statistics},
  url={https://www.jstor.org/stable/2241537},
}

@article{emmenegger2024likelihood,
  title={Likelihood ratio confidence sets for sequential decision making},
  author={Emmenegger, Nicolas and Mutny, Mojmir and Krause, Andreas},
  journal={Advances in Neural Information Processing Systems (NeurIPS)},
  volume={36},
  year={2024},
  pages = {26686--26698},
  url = {https://proceedings.neurips.cc/paper_files/paper/2023/file/5491280797f3192b895bce84eb83df8d-Paper-Conference.pdf},
}

@inproceedings{chau2022learning,
  title={Learning inconsistent preferences with {G}aussian processes},
  author={Chau, Siu Lun and Gonzalez, Javier and Sejdinovic, Dino},
  booktitle={International Conference on Artificial Intelligence and Statistics (AISTATS)},
  pages={2266--2281},
  year={2022},
  organization={PMLR}
}

@inproceedings{xu2024principled,
  title={Principled Preferential {B}ayesian Optimization},
  author={Wenjie Xu and Wenbin Wang and Yuning Jiang and Bratislav Svetozarevic and Colin Jones},
  booktitle={International Conference on Machine Learning (ICML)},
  volume = 	 {235},
  pages = 	 {55305--55336},
  year = 	 {2024},
  url = 	 {https://proceedings.mlr.press/v235/xu24y.html},
  publisher =    {PMLR},
}

@article{zhou2002covering,
  title={The covering number in learning theory},
  author={Zhou, Ding-Xuan},
  journal={Journal of Complexity},
  volume={18},
  number={3},
  pages={739--767},
  year={2002},
  publisher={Elsevier},
  url={https://doi.org/10.1006/jcom.2002.0635},
}

@article{hullermeier2021aleatoric,
  title={Aleatoric and epistemic uncertainty in machine learning: An introduction to concepts and methods},
  author={H{\"u}llermeier, Eyke and Waegeman, Willem},
  journal={Machine learning},
  volume={110},
  number={3},
  pages={457--506},
  year={2021},
  publisher={Springer}
}

@book{augustin2014introduction,
  title={Introduction to imprecise probabilities},
  author={Augustin, Thomas and Coolen, Frank PA and De Cooman, Gert and Troffaes, Matthias CM},
  volume={591},
  year={2014},
  publisher={John Wiley \& Sons}
}

@article{senge2014reliable,
  title={Reliable classification: Learning classifiers that distinguish aleatoric and epistemic uncertainty},
  author={Senge, Robin and B{\"o}sner, Stefan and Dembczy{\'n}ski, Krzysztof and Haasenritter, J{\"o}rg and Hirsch, Oliver and Donner-Banzhoff, Norbert and H{\"u}llermeier, Eyke},
  journal={Information Sciences},
  volume={255},
  pages={16--29},
  year={2014},
  publisher={Elsevier}
}

@inproceedings{nguyen2021top,
  title={Top-$k$ ranking {B}ayesian optimization},
  author={Nguyen, Quoc Phong and Tay, Sebastian and Low, Bryan Kian Hsiang and Jaillet, Patrick},
  booktitle={AAAI Conference on Artificial Intelligence (AAAI)},
  volume={35},
  pages={9135--9143},
  year={2021},
  url={https://doi.org/10.1609/aaai.v35i10.17103},
}

@article{bradley1952rank,
  title={Rank analysis of incomplete block designs: I. The method of paired comparisons},
  author={Bradley, Ralph Allan and Terry, Milton E},
  journal={Biometrika},
  volume={39},
  number={3/4},
  pages={324--345},
  year={1952},
  publisher={JSTOR},
  url={https://doi.org/10.2307/2334029},
}

@inproceedings{liu2023optimistic,
  title={Optimistic {MLE}: A generic model-based algorithm for partially observable sequential decision making},
  author={Liu, Qinghua and Netrapalli, Praneeth and Szepesvari, Csaba and Jin, Chi},
  booktitle={Annual ACM Symposium on Theory of Computing (STOC)},
  pages={363--376},
  year={2023},
  url={https://doi.org/10.1145/3564246.3585161},
}

@article{christmann2012consistency,
  title={Consistency of support vector machines using additive kernels for additive models},
  author={Christmann, Andreas and Hable, Robert},
  journal={Computational Statistics \& Data Analysis},
  volume={56},
  number={4},
  pages={854--873},
  year={2012},
  publisher={Elsevier}
}

@inproceedings{kandasamy2015high,
  title={High dimensional {B}ayesian optimisation and bandits via additive models},
  author={Kandasamy, Kirthevasan and Schneider, Jeff and P{\'o}czos, Barnab{\'a}s},
  booktitle={International Conference on Machine Learning (ICML)},
  volume = 	 {37},
  pages={295--304},
  year={2015},
  organization={PMLR},
  url = 	 {https://proceedings.mlr.press/v37/kandasamy15.html},
}

@inproceedings{ozaki2024multi,
  title={Multi-Objective {B}ayesian Optimization with Active Preference Learning},
  author={Ozaki, Ryota and Ishikawa, Kazuki and Kanzaki, Youhei and Takeno, Shion and Takeuchi, Ichiro and Karasuyama, Masayuki},
  booktitle={AAAI Conference on Artificial Intelligence (AAAI)},
  volume={38},
  pages={14490--14498},
  year={2024},
  url={https://doi.org/10.1609/aaai.v38i13.29364},
}

@inproceedings{scholkopf2001generalized,
  title={A generalized representer theorem},
  author={Sch{\"o}lkopf, Bernhard and Herbrich, Ralf and Smola, Alex J},
  booktitle={International Conference on Computational Learning Theory (COLT)},
  pages={416--426},
  year={2001},
  organization={Springer},
  url={https://doi.org/10.1007/3-540-44581-1_27},
}

@article{astudillo2024preferential,
  title={Preferential Multi-Objective {B}ayesian Optimization},
  author={Astudillo, Raul and Li, Kejun and Tucker, Maegan and Cheng, Chu Xin and Ames, Aaron D and Yue, Yisong},
  journal={arXiv preprint arXiv:2406.14699},
  year={2024},
  url={https://arxiv.org/abs/2406.14699},
}

@article{picheny2019bayesian,
  title={A {B}ayesian optimization approach to find {N}ash equilibria},
  author={Picheny, Victor and Binois, Mickael and Habbal, Abderrahmane},
  journal={Journal of Global Optimization},
  volume={73},
  pages={171--192},
  year={2019},
  publisher={Springer},
  url={https://doi.org/10.1007/s10898-018-0688-0},
}

@article{al2018approximating,
  title={Approximating {N}ash equilibria for black-box games: A {B}ayesian optimization approach},
  author={Al-Dujaili, Abdullah and Hemberg, Erik and O'Reilly, Una-May},
  journal={arXiv preprint arXiv:1804.10586},
  year={2018},
  url={https://arxiv.org/abs/1804.10586},
}

@article{binois2020kalai,
  title={The {K}alai-{S}morodinsky solution for many-objective {B}ayesian optimization},
  author={Binois, Micka{\"e}l and Picheny, Victor and Taillandier, Patrick and Habbal, Abderrahmane},
  journal={Journal of Machine Learning Research (JMLR)},
  volume={21},
  number={150},
  pages={1--42},
  year={2020},
  url = {http://jmlr.org/papers/v21/18-212.html},
}

@article{daulton2020differentiable,
  title={Differentiable expected hypervolume improvement for parallel multi-objective {B}ayesian optimization},
  author={Daulton, Samuel and Balandat, Maximilian and Bakshy, Eytan},
  journal={Advances in Neural Information Processing Systems (NeurIPS)},
  volume={33},
  pages={9851--9864},
  year={2020},
  url = {https://proceedings.neurips.cc/paper_files/paper/2020/file/6fec24eac8f18ed793f5eaad3dd7977c-Paper.pdf},
}

@inproceedings{hernandez2016predictive,
  title={Predictive entropy search for multi-objective {B}ayesian optimization},
  author={Hern{\'a}ndez-Lobato, Daniel and Hernandez-Lobato, Jose and Shah, Amar and Adams, Ryan},
  booktitle={International Conference on Machine Learning (ICML)},
  pages={1492--1501},
  volume = {48},
  year={2016},
  organization={PMLR},
  url={https://proceedings.mlr.press/v48/hernandez-lobatoa16.html},
}

@inproceedings{suzuki2020multi,
  title={Multi-objective Bayesian optimization using Pareto-frontier entropy},
  author={Suzuki, Shinya and Takeno, Shion and Tamura, Tomoyuki and Shitara, Kazuki and Karasuyama, Masayuki},
  booktitle={International conference on machine learning},
  pages={9279--9288},
  year={2020},
  organization={PMLR}
}

@inproceedings{astudillo2023qeubo,
  title={q{EUBO}: A decision-theoretic acquisition function for preferential {B}ayesian optimization},
  author={Astudillo, Raul and Lin, Zhiyuan Jerry and Bakshy, Eytan and Frazier, Peter},
  booktitle={International Conference on Artificial Intelligence and Statistics (AISTATS)},
  volume = {206},
  pages={1093--1114},
  year={2023},
  organization={PMLR},
  url = {https://proceedings.mlr.press/v206/astudillo23a.html},
}

@inproceedings{adachi2024looping,
  title={Looping in the Human: Collaborative and Explainable {B}ayesian Optimization},
  author={Adachi, Masaki and Planden, Brady and Howey, David and Osborne, Michael A and Orbell, Sebastian and Ares, Natalia and Muandet, Krikamol and Chau, Siu Lun},
  booktitle={International Conference on Artificial Intelligence and Statistics (AISTATS)},
  pages={505--513},
  year={2024},
  organization={PMLR},
  url = {https://proceedings.mlr.press/v238/adachi24a.html},
}


@inproceedings{benavoli2023bayesian,
  title={Bayesian optimization for choice data},
  author={Benavoli, Alessio and Azzimonti, Dario and Piga, Dario},
  booktitle={Proceedings of the Companion Conference on Genetic and Evolutionary Computation (GECCO)},
  pages={2272--2279},
  year={2023},
  url = {https://doi.org/10.1145/3583133.3596324},
}

@inproceedings{abdolshah2019multi,
  title={Multi-objective {B}ayesian optimisation with preferences over objectives},
  author={Abdolshah, Majid and Shilton, Alistair and Rana, Santu and Gupta, Sunil and Venkatesh, Svetha},
  booktitle={Advances in Neural Information Processing Systems (NeurIPS)},
  volume={32},
  year={2019},
  url={https://proceedings.neurips.cc/paper_files/paper/2019/file/a7b7e4b27722574c611fe91476a50238-Paper.pdf},
}

@article{bogunovic2018adversarially,
  title={Adversarially robust optimization with Gaussian processes},
  author={Bogunovic, Ilija and Scarlett, Jonathan and Jegelka, Stefanie and Cevher, Volkan},
  journal={Advances in neural information processing systems},
  volume={31},
  year={2018}
}

@inproceedings{kirschner2021bias,
  title={Bias-robust bayesian optimization via dueling bandits},
  author={Kirschner, Johannes and Krause, Andreas},
  booktitle={International Conference on Machine Learning},
  pages={5595--5605},
  year={2021},
  organization={PMLR}
}

@inproceedings{kirschner2020distributionally,
  title={Distributionally robust Bayesian optimization},
  author={Kirschner, Johannes and Bogunovic, Ilija and Jegelka, Stefanie and Krause, Andreas},
  booktitle={International Conference on Artificial Intelligence and Statistics},
  pages={2174--2184},
  year={2020},
  organization={PMLR}
}

@article{husain2024distributionally,
  title={Distributionally Robust Bayesian Optimization with $\varphi$-divergences},
  author={Husain, Hisham and Nguyen, Vu and van den Hengel, Anton},
  journal={Advances in Neural Information Processing Systems},
  volume={36},
  year={2024}
}

@article{bogunovic2021misspecified,
  title={Misspecified {G}aussian process bandit optimization},
  author={Bogunovic, Ilija and Krause, Andreas},
  journal={Advances in Neural Information Processing Systems (NeurIPS)},
  volume={34},
  pages={3004--3015},
  year={2021},
  url = {https://proceedings.neurips.cc/paper_files/paper/2021/file/177db6acfe388526a4c7bff88e1feb15-Paper.pdf},
}

@inproceedings{sussex2024adversarial,
    title={Adversarial Causal Bayesian Optimization},
    author={Scott Sussex and Pier Giuseppe Sessa and Anastasia Makarova and Andreas Krause},
    booktitle={The Twelfth International Conference on Learning Representations},
    year={2024},
    url={https://openreview.net/forum?id=YcW8i9VCf5}
}

@inproceedings{mockus1974bayesian,
  title={On {B}ayesian methods for seeking the extremum},
  author={Mockus, Jonas},
  booktitle={Proceedings of the IFIP Technical Conference},
  pages={400--404},
  year={1974}
}

@book{garnett2023bayesian,
  title={Bayesian optimization},
  author={Garnett, Roman},
  year={2023},
  publisher={Cambridge University Press}
}

@inproceedings{osborne2008gaussian,
  title={Gaussian processes for global optimization},
  author={Osborne, Michael A and Garnett, Roman and Roberts, Stephen J},
  booktitle={Proccedings of Third International Conference on Learning and Intelligent Optimization (LION3)},
  year={2008}
}

@article{kahneman1979interpretation,
  title={On the interpretation of intuitive probability: a reply to Jonathan Cohen.},
  author={Kahneman, Daniel and Tversky, Amos},
  year={1979},
  journal = {Cognition},
  volume = {7},
  number = {4},
  page = {409–-411},
  publisher={Elsevier Science},
  url={https://doi.org/10.1016/0010-0277(79)90024-6},
}

@article{pittphilsci22953,
   title = {The impossibility of non-manipulable probability aggregation},
   journal = {PhilSci-Archive},
   year = {2023},
   author = {Dietrich, Franz and List, Christian},
   url = {https://philsci-archive.pitt.edu/22953/},
}

@book{arrow2012social,
  title={Social choice and individual values},
  author={Arrow, Kenneth J},
  volume={12},
  year={2012},
  publisher={Yale university press}
}

@article{wellman2008bidding,
  title={Bidding strategies for simultaneous ascending auctions},
  author={Wellman, Michael P and Osepayshvili, Anna and MacKie-Mason, Jeffrey K and Reeves, Daniel},
  journal={The BE Journal of Theoretical Economics},
  volume={8},
  number={1},
  pages={0000102202193517041461},
  year={2008},
  publisher={De Gruyter}
}

@inproceedings{vorobeychik2006empirical,
  title={Empirical mechanism design: Methods, with application to a supply-chain scenario},
  author={Vorobeychik, Yevgeniy and Kiekintveld, Christopher and Wellman, Michael P},
  booktitle={Proceedings of the 7th ACM conference on Electronic commerce},
  pages={306--315},
  year={2006}
}

@article{pereira2023energy,
  title={Energy storage strategy analysis based on the Choquet multi-criteria preference aggregation model: The Portuguese case},
  author={Pereira, Andr{\'e} Alves and Pereira, Miguel Alves},
  journal={Socio-Economic Planning Sciences},
  volume={85},
  pages={101437},
  year={2023},
  publisher={Elsevier}
}

@article{Dear1998DevelopingAA,
  title={Developing an adaptive model of thermal comfort and preference},
  author={Richard de Dear and Gail Brager},
  journal={Center for the Built Environment},
  year={1998},
  volume={104},
  pages={145-167},
  url={https://api.semanticscholar.org/CorpusID:4666243}
}

@article{zhang2020social,
  title={Social welfare-based human comfort aggregation model to facilitate healthy and comfortable indoor environments},
  author={Zhang, Lu and Sanake, Shankar},
  journal={Journal of Architectural Engineering},
  volume={26},
  number={3},
  pages={04020027},
  year={2020},
  publisher={American Society of Civil Engineers}
}

@inproceedings{scarlett2017lower,
  title={Lower bounds on regret for noisy gaussian process bandit optimization},
  author={Scarlett, Jonathan and Bogunovic, Ilija and Cevher, Volkan},
  booktitle={Conference on Learning Theory},
  pages={1723--1742},
  year={2017},
  organization={PMLR}
}

@inproceedings{bogunovic2020corruption,
  title={Corruption-tolerant gaussian process bandit optimization},
  author={Bogunovic, Ilija and Krause, Andreas and Scarlett, Jonathan},
  booktitle={International Conference on Artificial Intelligence and Statistics},
  pages={1071--1081},
  year={2020},
  organization={PMLR}
}

@article{simon1954bandwagon,
  title={Bandwagon and underdog effects and the possibility of election predictions},
  author={Simon, Herbert A},
  journal={Public Opinion Quarterly},
  volume={18},
  number={3},
  pages={245--253},
  year={1954},
  publisher={Oxford University Press},
  url={https://www.jstor.org/stable/2745982},
}

@article{farjam2021bandwagon,
  title={The bandwagon effect in an online voting experiment with real political organizations},
  author={Farjam, Mike},
  journal={International Journal of Public Opinion Research},
  volume={33},
  number={2},
  pages={412--421},
  year={2021},
  publisher={Oxford University Press},
  url={https://doi.org/10.1093/ijpor/edaa008},
}

@article{wan2023bayesian,
  title={Bayesian optimisation of functions on graphs},
  author={Wan, Xingchen and Osselin, Pierre and Kenlay, Henry and Ru, Binxin and Osborne, Michael A and Dong, Xiaowen},
  journal={Advances in Neural Information Processing Systems (NeurIPS)},
  volume={36},
  pages={43012--43040},
  year={2023},
  url = {https://proceedings.neurips.cc/paper_files/paper/2023/file/86419aba4e5eafd2b1009a2e3c540bb0-Paper-Conference.pdf},
}

@article{liang2024bayesian,
  title={Bayesian Optimization of Functions over Node Subsets in Graphs},
  author={Liang, Huidong and Wan, Xingchen and Dong, Xiaowen},
  journal={arXiv preprint arXiv:2405.15119},
  year={2024}
}


@InProceedings{xu2023fair,
  title = 	 {FAIR: Fair Collaborative Active Learning with Individual Rationality for Scientific Discovery},
  author =       {Xu, Xinyi and Wu, Zhaoxuan and Verma, Arun and Foo, Chuan Sheng and Low, Bryan Kian Hsiang},
  booktitle = 	 {Proceedings of The 26th International Conference on Artificial Intelligence and Statistics},
  pages = 	 {4033--4057},
  year = 	 {2023},
  editor = 	 {Ruiz, Francisco and Dy, Jennifer and van de Meent, Jan-Willem},
  volume = 	 {206},
  series = 	 {Proceedings of Machine Learning Research},
  month = 	 {25--27 Apr},
  publisher =    {PMLR},
  url = 	 {https://proceedings.mlr.press/v206/xu23e.html},
}

@inproceedings{perrone2021fair, 
    author = {Perrone, Valerio and Donini, Michele and Zafar, Muhammad Bilal and Schmucker, Robin and Kenthapadi, Krishnaram and Archambeau, C\'{e}dric}, 
    title = {Fair Bayesian Optimization}, 
    year = {2021}, 
    isbn = {9781450384735}, 
    publisher = {Association for Computing Machinery}, 
    address = {New York, NY, USA}, 
    url = {https://doi.org/10.1145/3461702.3462629}, doi = {10.1145/3461702.3462629}, 
    booktitle = {Proceedings of the 2021 AAAI/ACM Conference on AI, Ethics, and Society}, 
    pages = {854–863}, 
    numpages = {10},
}

@article{koyama2020sequential,
  title={Sequential gallery for interactive visual design optimization},
  author={Koyama, Yuki and Sato, Issei and Goto, Masataka},
  journal={ACM Transactions on Graphics (TOG)},
  volume={39},
  number={4},
  pages={88--1},
  year={2020},
  publisher={ACM New York, NY, USA},
  url = {https://doi.org/10.1145/3386569.3392444},
}

@inproceedings{li2021roial,
  title={{ROIAL}: Region of interest active learning for characterizing exoskeleton gait preference landscapes},
  author={Li, Kejun and Tucker, Maegan and B{\i}y{\i}k, Erdem and Novoseller, Ellen and Burdick, Joel W and Sui, Yanan and Sadigh, Dorsa and Yue, Yisong and Ames, Aaron D},
  booktitle={International Conference on Robotics and Automation (ICRA)},
  pages={3212--3218},
  year={2021},
  organization={IEEE},
  url={https://doi.org/10.1109/ICRA48506.2021.9560840},
}

@incollection{kahneman2013prospect,
  title={Prospect theory: An analysis of decision under risk},
  author={Kahneman, Daniel and Tversky, Amos},
  booktitle={Handbook of the fundamentals of financial decision making: Part I},
  pages={99--127},
  year={2013},
  publisher={World Scientific},
  url={https://doi.org/10.1142/9789814417358_0006},
}

@article{sen1977social,
  title={Social choice theory: A re-examination},
  author={Sen, Amartya},
  journal={Econometrica: journal of the Econometric Society},
  pages={53--89},
  year={1977},
  publisher={JSTOR}
}

@article{pivato2014additive,
  title={Additive representation of separable preferences over infinite products},
  author={Pivato, Marcus},
  journal={Theory and Decision},
  volume={77},
  pages={31--83},
  year={2014},
  publisher={Springer}
}

@article{harsanyi1955cardinal,
  title={Cardinal welfare, individualistic ethics, and interpersonal comparisons of utility},
  author={Harsanyi, John C},
  journal={Journal of political economy},
  volume={63},
  number={4},
  pages={309--321},
  year={1955},
  publisher={The University of Chicago Press},
  url={https://www.jstor.org/stable/1827128},
}

@book{von2007theory,
  title={Theory of games and economic behavior},
  author={Von Neumann, John and Morgenstern, Oskar},
  booktitle={Theory of games and economic behavior},
  year={1947},
  publisher={Princeton university press}
}


@article{brown1981complete,
  title={A complete class theorem for statistical problems with finite sample spaces},
  author={Brown, Lawrence D},
  journal={The Annals of Statistics},
  pages={1289--1300},
  year={1981},
  publisher={JSTOR},
  url={https://www.jstor.org/stable/2240418},
}

@article{giagkiozis2015methods,
  title={Methods for multi-objective optimization: An analysis},
  author={Giagkiozis, Ioannis and Fleming, Peter J},
  journal={Information Sciences},
  volume={293},
  pages={338--350},
  year={2015},
  publisher={Elsevier}
}

@article{binmore1986nash,
  title={The Nash bargaining solution in economic modelling},
  author={Binmore, Ken and Rubinstein, Ariel and Wolinsky, Asher},
  journal={The RAND Journal of Economics},
  pages={176--188},
  year={1986},
  publisher={JSTOR}
}

@article{av2022human,
  title={Human-{AI} Collaborative {B}ayesian {O}ptimisation},
  author={AV, Arun Kumar and Rana, Santu and Shilton, Alistair and Venkatesh, Svetha},
  journal={Advances in Neural Information Processing Systems},
  volume={35},
  pages={16233--16245},
  year={2022}
}

@article{dalton1920measurement,
  title={The measurement of the inequality of incomes},
  author={Dalton, Hugh},
  journal={The economic journal},
  volume={30},
  number={119},
  pages={348--361},
  year={1920},
  publisher={Oxford University Press Oxford, UK},
  url={https://doi.org/10.2307/2223525},
}

@book{pigou1912wealth,
  title={Wealth and welfare},
  author={Pigou, Arthur Cecil},
  year={1912},
  publisher={Macmillan and Company, limited}
}

@book{wackernagel2003multivariate,
  title={Multivariate geostatistics: an introduction with applications},
  author={Wackernagel, Hans},
  year={2003},
  publisher={Springer Science \& Business Media}
}

@article{xu2022minimum,
  title={Minimum excess risk in {B}ayesian learning},
  author={Xu, Aolin and Raginsky, Maxim},
  journal={IEEE Transactions on Information Theory},
  volume={68},
  number={12},
  pages={7935--7955},
  year={2022},
  publisher={IEEE},
  url={https://doi.org/10.1109/TIT.2022.3176056},
}

@book{meyer2023matrix,
  title={Matrix analysis and applied linear algebra},
  author={Meyer, Carl D},
  year={2023},
  publisher={SIAM}
}

@article{srinivas2012information,
  title={Information-theoretic regret bounds for {G}aussian process optimization in the bandit setting},
  author={Srinivas, Niranjan and Krause, Andreas and Kakade, Sham M and Seeger, Matthias W},
  journal={IEEE Transactions on Information Theory},
  volume={58},
  number={5},
  pages={3250--3265},
  year={2012},
  publisher={IEEE},
  url={https://doi.org/10.1109/TIT.2011.2182033},
}

@inproceedings{vakili2021information,
  title={On information gain and regret bounds in {G}aussian process bandits},
  author={Vakili, Sattar and Khezeli, Kia and Picheny, Victor},
  booktitle={International Conference on Artificial Intelligence and Statistics (AISTATS)},
  volume = 	 {130},
  pages={82--90},
  year={2021},
  organization={PMLR},
  url = 	 {https://proceedings.mlr.press/v130/vakili21a.html},
}

@article{wu2017lecture,
  title={Lecture notes on information-theoretic methods for high-dimensional statistics},
  author={Wu, Yihong},
  journal={Lecture Notes for ECE598YW (UIUC)},
  volume={16},
  year={2017},
  url={http://www.stat.yale.edu/~yw562/teaching/it-stats.pdf},
}

@article{xu2024lower,
  title={Lower Bounds on the Noiseless Worst-Case Complexity of Efficient Global Optimization},
  author={Xu, Wenjie and Jiang, Yuning and Maddalena, Emilio T and Jones, Colin N},
  journal={Journal of Optimization Theory and Applications},
  pages={1--26},
  year={2024},
  publisher={Springer},
  url={https://doi.org/10.1007/s10957-024-02399-1},
}

@article{bull2011convergence,
  title={Convergence rates of efficient global optimization algorithms.},
  author={Bull, Adam D},
  journal={Journal of Machine Learning Research (JMLR)},
  volume={12},
  number={10},
  year={2011},
  url = {http://jmlr.org/papers/v12/bull11a.html},
}

@book{golub2013matrix,
  title={Matrix computations},
  author={Golub, Gene H and Van Loan, Charles F},
  year={2013},
  publisher={JHU press}
}

@article{arrow1950difficulty,
  title={A difficulty in the concept of social welfare},
  author={Arrow, Kenneth J},
  journal={Journal of political economy},
  volume={58},
  number={4},
  pages={328--346},
  year={1950},
  publisher={The University of Chicago Press},
  url={https://doi.org/10.1086/256963},
}

@article{kern_bandits,
  author       = {Sayak Ray Chowdhury and
                  Aditya Gopalan},
  title        = {On Kernelized Multi-armed Bandits},
  journal      = {CoRR},
  volume       = {abs/1704.00445},
  year         = {2017},
  url          = {http://arxiv.org/abs/1704.00445},
  eprinttype    = {arXiv},
  eprint       = {1704.00445},
  timestamp    = {Mon, 13 Aug 2018 16:47:26 +0200},
  biburl       = {https://dblp.org/rec/journals/corr/ChowdhuryG17.bib},
  bibsource    = {dblp computer science bibliography, https://dblp.org}
}

@inproceedings{bengs2022stochastic,
  title={Stochastic contextual dueling bandits under linear stochastic transitivity models},
  author={Bengs, Viktor and Saha, Aadirupa and H{\"u}llermeier, Eyke},
  booktitle={International Conference on Machine Learning},
  pages={1764--1786},
  year={2022},
  organization={PMLR}
}

@incollection{furnkranz2010preference,
  title={Preference learning and ranking by pairwise comparison},
  author={F{\"u}rnkranz, Johannes and H{\"u}llermeier, Eyke},
  booktitle={Preference learning},
  pages={65--82},
  year={2010},
  publisher={Springer},
  url={https://doi.org/10.1007/978-3-642-14125-6_4},
}

@article{Patty19:Choice-Since-Arrow,
  author = {Patty, John W. and Penn, Elizabeth Maggie},
  title = {Measuring Fairness, Inequality, and Big Data: Social Choice Since {A}rrow},
  journal = {Annual Review of Political Science},
  volume = {22},
  number = {1},
  pages = {435--460},
  year = {2019},
  url={https://doi.org/10.1146/annurev-polisci-022018-024704},
}

@article{lee2020cost,
  title={Cost-aware {B}ayesian optimization},
  author={Lee, Eric Hans and Perrone, Valerio and Archambeau, Cedric and Seeger, Matthias},
  journal={arXiv preprint arXiv:2003.10870},
  year={2020},
  url={https://doi.org/10.48550/arXiv.2003.10870},
}

@article{berkenkamp2019no,
  title={No-regret {B}ayesian optimization with unknown hyperparameters},
  author={Berkenkamp, Felix and Schoellig, Angela P and Krause, Andreas},
  journal={Journal of Machine Learning Research (JMLR)},
  volume={20},
  number={50},
  pages={1--24},
  year={2019},
  url = {http://jmlr.org/papers/v20/18-213.html},
}

@article{zhi2023gaussian,
  title={Gaussian processes on graphs via spectral kernel learning},
  author={Zhi, Yin-Cong and Ng, Yin Cheng and Dong, Xiaowen},
  journal={IEEE Transactions on Signal and Information Processing over Networks},
  volume={9},
  pages={304--314},
  year={2023},
  publisher={IEEE},
  url={https://doi.org/10.1109/TSIPN.2023.3265160},
}
}

@article{wachter2006implementation,
  title={On the implementation of an interior-point filter line-search algorithm for large-scale nonlinear programming},
  author={W{\"a}chter, Andreas and Biegler, Lorenz T},
  journal={Mathematical Programming},
  volume={106},
  number={1},
  pages={25--57},
  year={2006},
  publisher={Springer},
  url={https://doi.org/10.1007/s10107-004-0559-y},
}

@article{andersson2019casadi,
  title={Cas{AD}i: a software framework for nonlinear optimization and optimal control},
  author={Andersson, Joel AE and Gillis, Joris and Horn, Greg and Rawlings, James B and Diehl, Moritz},
  journal={Mathematical Programming Computation},
  volume={11},
  number={1},
  pages={1--36},
  year={2019},
  publisher={Springer},
  url={https://doi.org/10.1007/s12532-018-0139-4},
}

@inproceedings{gardner2018gpytorch,
  title={{GPyTorch}: Blackbox matrix-matrix {G}aussian process inference with {GPU} acceleration},
  author={Gardner, Jacob and Pleiss, Geoff and Weinberger, Kilian Q and Bindel, David and Wilson, Andrew G},
  booktitle={Advances in Neural Information Processing Systems (NeurIPS)},
  pages={7576--7586},
  year={2018},
  url = {https://proceedings.neurips.cc/paper_files/paper/2018/file/27e8e17134dd7083b050476733207ea1-Paper.pdf},
}

@article{tartarini2020pythermalcomfort,
  title={pythermalcomfort: A Python package for thermal comfort research},
  author={Tartarini, Federico and Schiavon, Stefano},
  journal={SoftwareX},
  volume={12},
  pages={100578},
  year={2020},
  publisher={Elsevier},
  url={https://doi.org/10.1016/j.softx.2020.100578},
}

@misc{tripadviser,
	title={"Tripadvisor {N}ew {Z}ealand Hotels 3k dataset"},
	url={https://www.kaggle.com/dsv/5785174},
	DOI={10.34740/KAGGLE/DSV/5785174},
	publisher={Kaggle},
	author={Shahriar Rahman},
	year={2023}
}

@misc{meterdataset,
    author={Grünewald, Philipp and Diakonova, Marina},
    title = {{METER}: {UK} Household Electricity and Activity Survey, 2016-2019},
    url = {http://doi.org/10.5255/UKDA-SN-8475-1},
    year={2020},
    publisher={UK Data Service. SN: 8634},
}

@article{grunewald2019specific,
  title={The specific contributions of activities to household electricity demand},
  author={Gr{\"u}newald, Phil and Diakonova, Marina},
  journal={Energy and Buildings},
  volume={204},
  pages={109498},
  year={2019},
  publisher={Elsevier},
  url={https://doi.org/10.1016/j.enbuild.2019.109498},
}

@article{ouyang2022training,
  title={Training language models to follow instructions with human feedback},
  author={Ouyang, Long and Wu, Jeffrey and Jiang, Xu and Almeida, Diogo and Wainwright, Carroll and Mishkin, Pamela and Zhang, Chong and Agarwal, Sandhini and Slama, Katarina and Ray, Alex and others},
  journal={Advances in neural information processing systems},
  volume={35},
  pages={27730--27744},
  year={2022}
}

@inproceedings{zhang2022corruption,
  title={Corruption-robust offline reinforcement learning},
  author={Zhang, Xuezhou and Chen, Yiding and Zhu, Xiaojin and Sun, Wen},
  booktitle={International Conference on Artificial Intelligence and Statistics},
  pages={5757--5773},
  year={2022},
  organization={PMLR}
}

@inproceedings{thaler2008nudge,
  title={Nudge: Improving decisions about health, wealth and happiness},
  author={Thaler, R and Sunstein, C},
  booktitle={Amsterdam Law Forum; HeinOnline: Online},
  pages={89},
  year={2008},
  organization={HeinOnline}
}

@inproceedings{hong2023optimization,
  title={An Optimization-based Algorithm for Non-stationary Kernel Bandits without Prior Knowledge},
  author={Hong, Kihyuk and Li, Yuhang and Tewari, Ambuj},
  booktitle={International Conference on Artificial Intelligence and Statistics (AISTATS)},
  volume = 	 {206},
  pages={3048--3085},
  year={2023},
  organization={PMLR},
  url = 	 {https://proceedings.mlr.press/v206/hong23b.html},
}

@InProceedings{adachi2024adaptive,
  title = 	 {Adaptive Batch Sizes for Active Learning: A Probabilistic Numerics Approach},
  author =       {Adachi, Masaki and Hayakawa, Satoshi and J\o{}rgensen, Martin and Wan, Xingchen and Nguyen, Vu and Oberhauser, Harald and A. Osborne, Michael},
  booktitle = 	 {International Conference on Artificial Intelligence and Statistics (AISTATS)},
  pages = 	 {496--504},
  year = 	 {2024},
  volume = 	 {238},
  publisher =    {PMLR},
  url = 	 {https://proceedings.mlr.press/v238/adachi24b.html},
}

@book{williams2006gaussian,
  title={Gaussian processes for machine learning},
  author={Williams, Christopher KI and Rasmussen, Carl Edward},
  volume={2},
  year={2006},
  publisher={MIT press Cambridge, MA}
}

@article{rawls2017theory,
  title={A theory of justice},
  author={Rawls, John},
  journal={Cambridge (Mass.)},
  year={1971},
}

@article{xu2025principled,
  title={Principled {B}ayesian optimisation in collaboration with human experts},
  author={Xu, Wenjie and Adachi, Masaki and Jones, Colin N and Osborne, Michael A},
  journal={Neural Information Processing Systems (NeurIPS)},
  url={https://doi.org/10.48550/arXiv.2410.10452},
  year={2024}
}

@inproceedings{cisse2024hypbo,
  title={HypBO: Accelerating black-box scientific experiments using experts’ hypotheses},
  author={Ciss{\'e}, Abdoulatif and Evangelopoulos, Xenophon and Carruthers, Sam and Gusev, Vladimir V and Cooper, Andrew I},
  booktitle={Proceedings of the Thirty-Third International Joint Conference on Artificial Intelligence, IJCAI-24},
  pages={3881--3889},
  year={2024}
}

@article{fukumizu2013kernel,
  author  = {Kenji Fukumizu and Le Song and Arthur Gretton},
  title   = {Kernel {B}ayes' Rule: {B}ayesian Inference with Positive Definite Kernels},
  journal = {Journal of Machine Learning Research (JMLR)},
  year    = {2013},
  volume  = {14},
  number  = {118},
  pages   = {3753--3783},
  url     = {http://jmlr.org/papers/v14/fukumizu13a.html}
}
@article{adachi2024quadrature,
  title={A Quadrature Approach for General-Purpose Batch {B}ayesian Optimization via Probabilistic Lifting},
  author={Adachi, Masaki and Hayakawa, Satoshi and J{\o}rgensen, Martin and Hamid, Saad and Oberhauser, Harald and Osborne, Michael A},
  journal={arXiv preprint arXiv:2404.12219},
  year={2024}
}

@article{adachi2022fast,
  title={Fast {B}ayesian inference with batch {B}ayesian quadrature via kernel recombination},
  author={Adachi, Masaki and Hayakawa, Satoshi and J{\o}rgensen, Martin and Oberhauser, Harald and Osborne, Michael A},
  journal={Advances in Neural Information Processing Systems (NeurIPS)},
  volume={35},
  pages={16533--16547},
  url = {https://proceedings.neurips.cc/paper_files/paper/2022/file/697200c9d1710c2799720b660abd11bb-Paper-Conference.pdf},
  year={2022}
}

@article{azimi2010batch,
  title={Batch {B}ayesian optimization via simulation matching},
  author={Azimi, Javad and Fern, Alan and Fern, Xiaoli},
  journal={Advances in Neural Information Processing Systems (NeurIPS)},
  volume={23},
  year={2010}
}

@inproceedings{gonzalez2016batch,
  title={Batch {B}ayesian optimization via local penalization},
  author={Gonz{\'a}lez, Javier and Dai, Zhenwen and Hennig, Philipp and Lawrence, Neil},
  booktitle={International Conference on Artificial Intelligence and Statistics (AISTATS)},
  pages={648--657},
  year={2016},
  organization={PMLR}
}

@article{balandat2020botorch,
  title={{BoTorch}: A framework for efficient {M}onte-{C}arlo {B}ayesian optimization},
  author={Balandat, Maximilian and Karrer, Brian and Jiang, Daniel and Daulton, Samuel and Letham, Ben and Wilson, Andrew G and Bakshy, Eytan},
  journal={Advances in Neural Information Processing Systems (NeurIPS)},
  volume={33},
  pages={21524--21538},
  year={2020}
}

@article{vodrahalli2022uncalibrated,
  title={Uncalibrated models can improve human-{AI} collaboration},
  author={Vodrahalli, Kailas and Gerstenberg, Tobias and Zou, James Y},
  journal={Advances in Neural Information Processing Systems (NeurIPS)},
  volume={35},
  pages={4004--4016},
  year={2022}
}

@article{sarkar2024diverse,
  title={Diverse conventions for human-{AI} collaboration},
  author={Sarkar, Bidipta and Shih, Andy and Sadigh, Dorsa},
  journal={Advances in Neural Information Processing Systems (NeurIPS)},
  volume={36},
  year={2024}
}

@article{carroll2019utility,
  title={On the utility of learning about humans for human-{AI} coordination},
  author={Carroll, Micah and Shah, Rohin and Ho, Mark K and Griffiths, Tom and Seshia, Sanjit and Abbeel, Pieter and Dragan, Anca},
  journal={Advances in Neural Information Processing Systems (NeurIPS)},
  volume={32},
  year={2019}
}

@article{madras2018predict,
  title={Predict responsibly: improving fairness and accuracy by learning to defer},
  author={Madras, David and Pitassi, Toni and Zemel, Richard},
  journal={Advances in Neural Information Processing Systems (NeurIPS)},
  volume={31},
  year={2018}
}

@article{mao2024two,
  title={Two-stage learning to defer with multiple experts},
  author={Mao, Anqi and Mohri, Christopher and Mohri, Mehryar and Zhong, Yutao},
  journal={Advances in Neural Information Processing Systems (NeurIPS)},
  volume={36},
  year={2024}
}

@article{singh2024domain,
  title={Domain Generalisation via Imprecise Learning},
  author={Singh, Anurag and Chau, Siu Lun and Bouabid, Shahine and Muandet, Krikamol},
  journal={International Conference on Machine Learning (ICML)},
  url={https://doi.org/10.48550/arXiv.2404.04669},
  year={2024}
}

@article{adachi2023bayesian,
  title={Bayesian model selection of lithium-ion battery models via {B}ayesian quadrature},
  author={Adachi, Masaki and Kuhn, Yannick and Horstmann, Birger and Latz, Arnulf and Osborne, Michael A and Howey, David A},
  journal={IFAC-PapersOnLine},
  volume={56},
  number={2},
  pages={10521--10526},
  year={2023},
  publisher={Elsevier}
}

@book{wainwright2019high,
  title={High-dimensional statistics: A non-asymptotic viewpoint},
  author={Wainwright, Martin J},
  volume={48},
  year={2019},
  publisher={Cambridge university press}
}

@article{nguyen2021lipschitz,
  title={Lipschitz continuity of convex functions},
  author={Nguyen, Bao Tran and Khanh, Pham Duy},
  journal={Applied Mathematics \& Optimization},
  volume={84},
  number={2},
  pages={1623--1640},
  year={2021},
  publisher={Springer}
}

@inproceedings{anil2019sorting,
  title={Sorting out Lipschitz function approximation},
  author={Anil, Cem and Lucas, James and Grosse, Roger},
  booktitle={International Conference on Machine Learning},
  pages={291--301},
  year={2019},
  organization={PMLR}
}