@article{Dieuleveut2016NonparametricStochasticApproximation,
  title = {Nonparametric Stochastic Approximation with Large Step-Sizes},
  author = {Dieuleveut, Aymeric and Bach, Francis},
  year = {2016},
  journal = {The Annals of Statistics}
}

@article{Zhang2024OptimalityAcceleratedSGD,
  title={The Optimality of (Accelerated) {SGD} for High-Dimensional Quadratic Optimization},
  author={Zhang, Haihan and Liu, Yuanshi and Chen, Qianwen and Fang, Cong},
  journal={arXiv preprint arXiv:2409.09745},
  year={2024}
}

@article{bartlett2020benign,
  title={Benign overfitting in linear regression},
  author={Bartlett, Peter  and Long, Philip  and Lugosi, G{\'a}bor and Tsigler, Alexander},
  journal={Proceedings of the National Academy of Sciences},
  year={2020}
}

@article{ben2010theory,
  title={A theory of learning from different domains},
  author={Ben-David, Shai and Blitzer, John and Crammer, Koby and Kulesza, Alex and Pereira, Fernando and Vaughan, Jennifer Wortman},
  journal={Machine Learning},
  year={2010}
}

@article{cai2006prediction,
author = { Tony Cai and Peter Hall},
title = {{Prediction in functional linear regression}},
journal = {The Annals of Statistics},
year = {2006}
}

@inproceedings{cortes2010learning,
  title={Learning bounds for importance weighting},
  author={Cortes, Corinna and Mansour, Yishay and Mohri, Mehryar},
  booktitle={Neural Information Processing Systems},
  year={2010}
}

@article{cortes2019adaptation,
  title={Adaptation based on generalized discrepancy},
  author={Cortes, Corinna and Mohri, Mehryar and Medina, Andr{\'e}s Munoz},
  journal={Journal of Machine Learning Research},
  year={2019}
}

@inproceedings{ge2019step,
  title={The step decay schedule: A near optimal, geometrically decaying learning rate procedure for least squares},
  author={Ge, Rong and Kakade, Sham M and Kidambi, Rahul and Netrapalli, Praneeth},
  booktitle={Neural Information Processing Systems},
  year={2019}
}

@inproceedings{germain2013pac,
  title={A {PAC}-{B}ayesian approach for domain adaptation with specialization to linear classifiers},
  author={Germain, Pascal and Habrard, Amaury and Laviolette, Fran{\c{c}}ois and Morvant, Emilie},
  booktitle={International Conference on Machine Learning},
  year={2013}
}

@inproceedings{jain2018accelerating,
  title={Accelerating stochastic gradient descent for least squares regression},
  author={Jain, Prateek and Kakade, Sham M and Kidambi, Rahul and Netrapalli, Praneeth and Sidford, Aaron},
  booktitle={Conference on Learning Theory},
  year={2018},
}

@article{kouw2019review,
  title={A review of domain adaptation without target labels},
  author={Kouw, Wouter M and Loog, Marco},
  journal={IEEE Transactions on Pattern Analysis and Machine Intelligence},
  year={2019}
}

@article{kpotufe2021marginal,
  title={Marginal singularity and the benefits of labels in covariate-shift},
  author={Kpotufe, Samory and Martinet, Guillaume},
  journal={The Annals of Statistics},
  year={2021}
}

@inproceedings{lei2021near,
  title={Near-optimal linear regression under distribution shift},
  author={Lei, Qi and Hu, Wei and Lee, Jason},
  booktitle={International Conference on Machine Learning},
  year={2021},
}

@inproceedings{lirisk,
  title={Risk Bounds of Accelerated {SGD} for Overparameterized Linear Regression},
  author={Li, Xuheng and Deng, Yihe and Wu, Jingfeng and Zhou, Dongruo and Gu, Quanquan},
  booktitle={International Conference on Learning Representations},
  year={2024}
}

@article{ma2023optimally,
  title={Optimally tackling covariate shift in {RKHS}-based nonparametric regression},
  author={Ma, Cong and Pathak, Reese and Wainwright, Martin J},
  journal={The Annals of Statistics},
  year={2023},
}

@inproceedings{mousavi2020minimax,
  title={Minimax lower bounds for transfer learning with linear and one-hidden layer neural networks},
  author={Mousavi Kalan, Mohammadreza and Fabian, Zalan and Avestimehr, Salman and Soltanolkotabi, Mahdi},
  booktitle={Neural Information Processing Systems},
  year={2020}
}

@inproceedings{pathak2022new,
  title={A new similarity measure for covariate shift with applications to nonparametric regression},
  author={Pathak, Reese and Ma, Cong and Wainwright, Martin},
  booktitle={International Conference on Machine Learning},
  year={2022}
}

@article{shimodaira2000improving,
  title={Improving predictive inference under covariate shift by weighting the log-likelihood function},
  author={Shimodaira, Hidetoshi},
  journal={Journal of Statistical Planning and Inference},
  year={2000}
}

@book{sugiyama2012machine,
  title={Machine learning in non-stationary environments: Introduction to covariate shift adaptation},
  author={Sugiyama, Masashi and Kawanabe, Motoaki},
  year={2012},
  publisher={MIT Press}
}

@inproceedings{varre2022accelerated,
  title={Accelerated {SGD} for non-strongly-convex least squares},
  author={Varre, Aditya and Flammarion, Nicolas},
  booktitle={Conference on Learning Theory},
  year={2022}
}

@inproceedings{wu2022last,
  title={Last iterate risk bounds of {SGD} with decaying stepsize for overparameterized linear regression},
  author={Wu, Jingfeng and Zou, Difan and Braverman, Vladimir and Gu, Quanquan and Kakade, Sham},
  booktitle={International Conference on Machine Learning},
  year={2022}
}

@inproceedings{wu2022power,
  title={The power and limitation of pretraining-finetuning for linear regression under covariate shift},
  author={Wu, Jingfeng and Zou, Difan and Braverman, Vladimir and Gu, Quanquan and Kakade, Sham},
    booktitle={Neural Information Processing Systems},
  year={2022}
}

@inproceedings{zhang2022class,
  title={A class of geometric structures in transfer learning: Minimax bounds and optimality},
  author={Zhang, Xuhui and Blanchet, Jose and Ghosh, Soumyadip and Squillante, Mark S},
  booktitle={International Conference on Artificial Intelligence and Statistics},
  year={2022}
}

@inproceedings{zou2021benign,
  title={Benign overfitting of constant-stepsize {SGD} for linear regression},
  author={Zou, Difan and Wu, Jingfeng and Braverman, Vladimir and Gu, Quanquan and Kakade, Sham},
  booktitle={Conference on Learning Theory},
  year={2021}
}

