@article{Bach2013NonstronglyconvexSmoothStochastic,
  title = {Non-Strongly-Convex Smooth Stochastic Approximation with Convergence Rate {{O}} (1/n)},
  author = {Bach, Francis and Moulines, Eric},
  year = {2013},
  journal = {Advances in neural information processing systems},
  volume = {26},
  urldate = {2024-12-08},
  file = {D:\Zotero\storage\837GP6RB\Bach 和 Moulines - 2013 - Non-strongly-convex smooth stochastic approximatio.pdf}
}

@inproceedings{germain2013pac,
  title={A {PAC}-{B}ayesian approach for domain adaptation with specialization to linear classifiers},
  author={Germain, Pascal and Habrard, Amaury and Laviolette, Fran{\c{c}}ois and Morvant, Emilie},
  booktitle={International Conference on Machine Learning},
  year={2013}
}

@inproceedings{cortes2010learning,
  title={Learning bounds for importance weighting},
  author={Cortes, Corinna and Mansour, Yishay and Mohri, Mehryar},
  booktitle={Neural Information Processing Systems},
  year={2010}
}

@article{kouw2019review,
  title={A review of domain adaptation without target labels},
  author={Kouw, Wouter M and Loog, Marco},
  journal={IEEE Transactions on Pattern Analysis and Machine Intelligence},
  year={2019}
}
@article{cortes2019adaptation,
  title={Adaptation based on generalized discrepancy},
  author={Cortes, Corinna and Mohri, Mehryar and Medina, Andr{\'e}s Munoz},
  journal={Journal of Machine Learning Research},
  year={2019}
}

@article{ben2010theory,
  title={A theory of learning from different domains},
  author={Ben-David, Shai and Blitzer, John and Crammer, Koby and Kulesza, Alex and Pereira, Fernando and Vaughan, Jennifer Wortman},
  journal={Machine Learning},
  year={2010}
}


@article{cheng2024dimension,
  title={Dimension free ridge regression},
  author={Cheng, Chen and Montanari, Andrea},
  journal={The Annals of Statistics},
  volume={52},
  number={6},
  pages={2879--2912},
  year={2024},
  publisher={Institute of Mathematical Statistics}
}

@article{shimodaira2000improving,
  title={Improving predictive inference under covariate shift by weighting the log-likelihood function},
  author={Shimodaira, Hidetoshi},
  journal={Journal of Statistical Planning and Inference},
  year={2000}
}


@article{cai2006prediction,
author = { Tony Cai and Peter Hall},
title = {{Prediction in functional linear regression}},
journal = {The Annals of Statistics},
year = {2006}
}

@article{Dieuleveut2016NonparametricStochasticApproximation,
  title = {Nonparametric Stochastic Approximation with Large Step-Sizes},
  author = {Dieuleveut, Aymeric and Bach, Francis},
  year = {2016},
  journal = {The Annals of Statistics}
}

@article{Jain2017MarkovChainTheory,
  title = {A Markov Chain Theory Approach to Characterizing the Minimax Optimality of Stochastic Gradient Descent (for Least Squares)},
  author = {Jain, Prateek and Kakade, Sham M and Kidambi, Rahul and Netrapalli, Praneeth and Pillutla, Venkata Krishna and Sidford, Aaron},
  year = {2017},
  journal = {arXiv preprint arXiv:1710.09430}
}







@inproceedings{mousavi2020minimax,
  title={Minimax lower bounds for transfer learning with linear and one-hidden layer neural networks},
  author={Mousavi Kalan, Mohammadreza and Fabian, Zalan and Avestimehr, Salman and Soltanolkotabi, Mahdi},
  booktitle={Neural Information Processing Systems},
  year={2020}
}



@inproceedings{
ge2023maximum,
title={Maximum Likelihood Estimation is All You Need for Well-Specified Covariate Shift},
author={Jiawei Ge and Shange Tang and Jianqing Fan and Cong Ma and Chi Jin},
booktitle={International Conference on Learning Representations},
year={2024}
}

@inproceedings{pathak2022new,
  title={A new similarity measure for covariate shift with applications to nonparametric regression},
  author={Pathak, Reese and Ma, Cong and Wainwright, Martin},
  booktitle={International Conference on Machine Learning},
  year={2022}
}

@article{kpotufe2021marginal,
  title={Marginal singularity and the benefits of labels in covariate-shift},
  author={Kpotufe, Samory and Martinet, Guillaume},
  journal={The Annals of Statistics},
  year={2021}
}

@inproceedings{zhang2022class,
  title={A class of geometric structures in transfer learning: Minimax bounds and optimality},
  author={Zhang, Xuhui and Blanchet, Jose and Ghosh, Soumyadip and Squillante, Mark S},
  booktitle={International Conference on Artificial Intelligence and Statistics},
  year={2022}
}

@inproceedings{ge2019step,
  title={The step decay schedule: A near optimal, geometrically decaying learning rate procedure for least squares},
  author={Ge, Rong and Kakade, Sham M and Kidambi, Rahul and Netrapalli, Praneeth},
  booktitle={Neural Information Processing Systems},
  year={2019}
}

@inproceedings{zou2021benign,
  title={Benign overfitting of constant-stepsize {SGD} for linear regression},
  author={Zou, Difan and Wu, Jingfeng and Braverman, Vladimir and Gu, Quanquan and Kakade, Sham},
  booktitle={Conference on Learning Theory},
  year={2021}
}

@inproceedings{wu2022last,
  title={Last iterate risk bounds of {SGD} with decaying stepsize for overparameterized linear regression},
  author={Wu, Jingfeng and Zou, Difan and Braverman, Vladimir and Gu, Quanquan and Kakade, Sham},
  booktitle={International Conference on Machine Learning},
  year={2022}
}

@inproceedings{lirisk,
  title={Risk Bounds of Accelerated {SGD} for Overparameterized Linear Regression},
  author={Li, Xuheng and Deng, Yihe and Wu, Jingfeng and Zhou, Dongruo and Gu, Quanquan},
  booktitle={International Conference on Learning Representations},
  year={2024}
}

@inproceedings{wu2022power,
  title={The power and limitation of pretraining-finetuning for linear regression under covariate shift},
  author={Wu, Jingfeng and Zou, Difan and Braverman, Vladimir and Gu, Quanquan and Kakade, Sham},
    booktitle={Neural Information Processing Systems},
  year={2022}
}

@article{bartlett2020benign,
  title={Benign overfitting in linear regression},
  author={Bartlett, Peter  and Long, Philip  and Lugosi, G{\'a}bor and Tsigler, Alexander},
  journal={Proceedings of the National Academy of Sciences},
  year={2020}
}

@inproceedings{varre2022accelerated,
  title={Accelerated {SGD} for non-strongly-convex least squares},
  author={Varre, Aditya and Flammarion, Nicolas},
  booktitle={Conference on Learning Theory},
  year={2022}
}

@inproceedings{jain2018accelerating,
  title={Accelerating stochastic gradient descent for least squares regression},
  author={Jain, Prateek and Kakade, Sham M and Kidambi, Rahul and Netrapalli, Praneeth and Sidford, Aaron},
  booktitle={Conference on Learning Theory},
  year={2018},
}


@inproceedings{
pan2021eigencurve,
title={Eigencurve: Optimal Learning Rate Schedule for {SGD} on Quadratic Objectives with Skewed Hessian Spectrums},
author={Rui Pan and Haishan Ye and Tong Zhang},
booktitle={International Conference on Learning Representations},
year={2022}
}

@inproceedings{lei2021near,
  title={Near-optimal linear regression under distribution shift},
  author={Lei, Qi and Hu, Wei and Lee, Jason},
  booktitle={International Conference on Machine Learning},
  year={2021},
}

@article{ma2023optimally,
  title={Optimally tackling covariate shift in {RKHS}-based nonparametric regression},
  author={Ma, Cong and Pathak, Reese and Wainwright, Martin J},
  journal={The Annals of Statistics},
  year={2023},
}


@article{Zhang2024OptimalityAcceleratedSGD,
  title={The Optimality of (Accelerated) {SGD} for High-Dimensional Quadratic Optimization},
  author={Zhang, Haihan and Liu, Yuanshi and Chen, Qianwen and Fang, Cong},
  journal={arXiv preprint arXiv:2409.09745},
  year={2024}
}



@INPROCEEDINGS{yao1977probabilistic,
  author={Yao, Andrew Chi-Chin},
  booktitle={Annual Symposium on Foundations of Computer Science}, 
  title={Probabilistic computations: {T}oward a unified measure of complexity},
  year={1977}
}
@article{caponnetto2007optimal,
  title={Optimal rates for the regularized least-squares algorithm},
  author={Caponnetto, Andrea and De Vito, Ernesto},
  journal={Foundations of Computational Mathematics},
  year={2007}
}

@article{tsigler2023benign,
  title={Benign overfitting in ridge regression},
  author={Tsigler, Alexander and Bartlett, Peter L},
  journal={Journal of Machine Learning Research},
  year={2023}
}
@inproceedings{hsu2012random,
  title={Random design analysis of ridge regression},
  author={Hsu, Daniel and Kakade, Sham M and Zhang, Tong},
  booktitle={Conference on Learning Theory},
  year={2012}
}


@article{fischer2020sobolev,
  title={Sobolev norm learning rates for regularized least-squares algorithms},
  author={Fischer, Simon and Steinwart, Ingo},
  journal={Journal of Machine Learning Research},
  year={2020}
}
@article{dieuleveut2017harder,
  title={Harder, better, faster, stronger convergence rates for least-squares regression},
  author={Dieuleveut, Aymeric and Flammarion, Nicolas and Bach, Francis},
  journal={Journal of Machine Learning Research},
  year={2017}
}

@article{10.1214/17-EJS1258,
author = {Lee  Dicker and Dean  Foster and Daniel Hsu},
title = {{Kernel ridge vs. principal component regression: {M}inimax bounds and the qualification of regularization operators}},
journal = {Electronic Journal of Statistics},
year = {2017}
}
@article{JMLR:v25:23-0383,
  author  = {Haobo Zhang and Yicheng Li and Qian Lin},
  title   = {On the Optimality of Misspecified Spectral Algorithms},
  journal = {Journal of Machine Learning Research},
  year    = {2024}
}

@article{boyd2004convex,
  title={Convex optimization},
  author={Boyd, Stephen},
  journal={Cambridge UP},
  year={2004}
}

@article{bj/1186078362,
author = {Richard D. Gill and Boris Y. Levit},
title = {{Applications of the van Trees inequality: a {B}ayesian {C}ramér-{R}ao bound}},
journal = {Bernoulli},
year = {1995}
}

@INPROCEEDINGS{9710159,
  author={Hendrycks, Dan and Basart, Steven and Mu, Norman and Kadavath, Saurav and Wang, Frank and Dorundo, Evan and Desai, Rahul and Zhu, Tyler and Parajuli, Samyak and Guo, Mike and Song, Dawn and Steinhardt, Jacob and Gilmer, Justin},
  booktitle={International Conference on Computer Vision}, 
  title={The Many Faces of Robustness: {A} Critical Analysis of Out-of-Distribution Generalization}, 
  year={2021}}

@inproceedings{NEURIPS2022_43119db5,
 author = {Yao, Huaxiu and Choi, Caroline and Cao, Bochuan and Lee, Yoonho and Koh, Pang Wei W and Finn, Chelsea},
 booktitle = { Neural Information Processing Systems},
 title = {Wild-Time: {A} Benchmark of in-the-{W}ild Distribution Shift over Time},
 year = {2022}
}

@book{sugiyama2012machine,
  title={Machine learning in non-stationary environments: Introduction to covariate shift adaptation},
  author={Sugiyama, Masashi and Kawanabe, Motoaki},
  year={2012},
  publisher={MIT Press}
}

@article{wei2022emergent,
  title={Emergent Abilities of Large Language Models},
  journal={Transactions on Machine Learning Research},
  author={Wei, Jason and Tay, Yi and Bommasani, Rishi and Raffel, Colin and Zoph, Barret and Borgeaud, Sebastian and Yogatama, Dani and Bosma, Maarten and Zhou, Denny and Metzler, Donald and others},
  year={2022}
}