@inproceedings{Kingma2014,  added-at = {2020-10-15T14:36:56.000+0200}, author = {Kingma, Diederik P. and Welling, Max}, biburl = {https://www.bibsonomy.org/bibtex/242e5be6faa01cba2587f4907ac99dce8/annakrause}, booktitle = {2nd International Conference on Learning Representations}, eprint = {http://arxiv.org/abs/1312.6114v10}, eprintclass = {stat.ML}, eprinttype = {arXiv}, file = {:http\://arxiv.org/pdf/1312.6114v10:PDF;:KingmaWelling_Auto-EncodingVariationalBayes.pdf:PDF}, interhash = {a626a9d77a123c52405a08da983203cb}, intrahash = {42e5be6faa01cba2587f4907ac99dce8}, keywords = {cs.LG stat.ML vae}, timestamp = {2021-02-01T17:13:18.000+0100}, title = {{Auto-Encoding Variational Bayes}}, year = 2014 } 

@inproceedings{rezende2014stochastic,
  title={Stochastic backpropagation and approximate inference in deep generative models},
  author={Rezende, Danilo Jimenez and Mohamed, Shakir and Wierstra, Daan},
  booktitle={International conference on machine learning},
  pages={1278--1286},
  year={2014},
  organization={PMLR}
}

@inproceedings{rybkin2021simple,
  title={Simple and effective VAE training with calibrated decoders},
  author={Rybkin, Oleh and Daniilidis, Kostas and Levine, Sergey},
  booktitle={International Conference on Machine Learning},
  pages={9179--9189},
  year={2021},
  organization={PMLR}
}


@inproceedings{NIPS2015_Sohn,
 author = {Sohn, Kihyuk and Lee, Honglak and Yan, Xinchen},
 booktitle = {Advances in Neural Information Processing Systems},
 editor = {C. Cortes and N. Lawrence and D. Lee and M. Sugiyama and R. Garnett},
 pages = {},
 publisher = {Curran Associates, Inc.},
 title = {Learning Structured Output Representation using Deep Conditional Generative Models},
 url = {https://proceedings.neurips.cc/paper_files/paper/2015/file/8d55a249e6baa5c06772297520da2051-Paper.pdf},
 volume = {28},
 year = {2015}
}

@inproceedings{hoffman2015structured,
  title={Structured stochastic variational inference},
  author={Hoffman, Matthew D and Blei, David M},
  booktitle={Artificial Intelligence and Statistics},
  pages={361--369},
  year={2015}
}
@inproceedings{
manduchi2022a,
title={A Deep Variational Approach to Clustering Survival Data},
author={Laura Manduchi and Ri{\v{c}}ards Marcinkevi{\v{c}}s and Michela C. Massi and Thomas Weikert and Alexander Sauter and Verena Gotta and Timothy M{\"u}ller and Flavio Vasella and Marian C. Neidert and Marc Pfister and Bram Stieltjes and Julia E Vogt},
booktitle={International Conference on Learning Representations},
year={2022}
}
@misc{margossian2023amortized,
      title={Amortized Variational Inference: When and Why?}, 
      author={Charles C. Margossian and David M. Blei},
      year={2023},
      eprint={2307.11018},
      archivePrefix={arXiv},
      primaryClass={stat.ML}
}

@article{agrawal2021amortized,
  title={Amortized variational inference for simple hierarchical models},
  author={Agrawal, Abhinav and Domke, Justin},
  journal={Advances in Neural Information Processing Systems},
  volume={34},
  pages={21388--21399},
  year={2021}
}

@inproceedings{cremer2018inference,
  title={Inference suboptimality in variational autoencoders},
  author={Cremer, Chris and Li, Xuechen and Duvenaud, David},
  booktitle={International Conference on Machine Learning},
  pages={1078--1086},
  year={2018},
  organization={PMLR}
}

@article{cox1972regression,
  title={Regression models and life-tables},
  author={Cox, David R},
  journal={Journal of the Royal Statistical Society: Series B (Methodological)},
  volume={34},
  number={2},
  pages={187--202},
  year={1972},
  publisher={Wiley Online Library}
}
@article{katzman2018deepsurv,
  title={DeepSurv: personalized treatment recommender system using a Cox proportional hazards deep neural network},
  author={Katzman, Jared L and Shaham, Uri and Cloninger, Alexander and Bates, Jonathan and Jiang, Tingting and Kluger, Yuval},
  journal={BMC medical research methodology},
  volume={18},
  pages={1--12},
  year={2018},
  publisher={Springer}
}
@inproceedings{nagpal2021dcm,
  title={Deep cox mixtures for survival regression},
  author={Nagpal, Chirag and Yadlowsky, Steve and Rostamzadeh, Negar and Heller, Katherine},
  booktitle={Machine Learning for Healthcare Conference},
  pages={674--708},
  year={2021},
  organization={PMLR}
}
@inproceedings{lee2018deephit,
  title={Deephit: A deep learning approach to survival analysis with competing risks},
  author={Lee, Changhee and Zame, William and Yoon, Jinsung and Van Der Schaar, Mihaela},
  booktitle={Proceedings of the AAAI conference on artificial intelligence},
  volume={32},
  number={1},
  year={2018}
}
@inproceedings{giunchiglia2018rnn,
  title={Rnn-surv: A deep recurrent model for survival analysis},
  author={Giunchiglia, Eleonora and Nemchenko, Anton and van der Schaar, Mihaela},
  booktitle={Artificial Neural Networks and Machine Learning--ICANN 2018: 27th International Conference on Artificial Neural Networks, Rhodes, Greece, October 4-7, 2018, Proceedings, Part III 27},
  pages={23--32},
  year={2018},
  organization={Springer}
}
@article{jiang2024autosurv,
  title={Autosurv: interpretable deep learning framework for cancer survival analysis incorporating clinical and multi-omics data},
  author={Jiang, Lindong and Xu, Chao and Bai, Yuntong and Liu, Anqi and Gong, Yun and Wang, Yu-Ping and Deng, Hong-Wen},
  journal={NPJ precision oncology},
  volume={8},
  number={1},
  pages={4},
  year={2024},
  publisher={Nature Publishing Group UK London}
}
@inproceedings{Domke2018,
 author = {Domke, Justin and Sheldon, Daniel R},
 booktitle = {Advances in Neural Information Processing Systems},
 editor = {S. Bengio and H. Wallach and H. Larochelle and K. Grauman and N. Cesa-Bianchi and R. Garnett},
 pages = {},
 publisher = {Curran Associates, Inc.},
 title = {Importance Weighting and Variational Inference},
 volume = {31},
 year = {2018}
}
@article{ishwaran2008random,
  title={Random survival forests},
  author={Ishwaran, Hemant and Kogalur, Udaya B and Blackstone, Eugene H and Lauer, Michael S},
  year={2008}
}
@misc{mitrinovic1970analytic,
  title={Analytic inequalities},
  author={Mitrinovic, DS},
  year={1970},
  publisher={Springer-Verlag}
}
@inproceedings{nowozin2018debiasing,
  title={Debiasing evidence approximations: On importance-weighted autoencoders and jackknife variational inference},
  author={Nowozin, Sebastian},
  booktitle={International conference on learning representations},
  year={2018}
}
@article{zhang2007sample,
  title={Sample mean and sample variance: Their covariance and their (in) dependence},
  author={Zhang, Lingyun},
  journal={The American Statistician},
  volume={61},
  number={2},
  pages={159--160},
  year={2007},
  publisher={Taylor \& Francis}
}
 @article{nagpal2022auton,
    title={auton-survival: an Open-Source Package for Regression, Counterfactual Estimation, Evaluation and Phenotyping with Censored Time-to-Event Data},
    author={Nagpal, Chirag and Potosnak, Willa and Dubrawski, Artur},
    journal={arXiv preprint arXiv:2204.07276},
    year={2022}
  }

@article{angelova2012moments,
  title={On moments of sample mean and variance},
  author={Angelova, Jordanka A},
  journal={Int. J. Pure Appl. Math},
  volume={79},
  number={1},
  pages={67--85},
  year={2012}
}
@article{baricz2008mills,
  title={Mills' ratio: Monotonicity patterns and functional inequalities},
  author={Baricz, {\'A}rp{\'a}d},
  journal={Journal of Mathematical Analysis and Applications},
  volume={340},
  number={2},
  pages={1362--1370},
  year={2008},
  publisher={Elsevier}
}
@article{franco2021performance,
  title={Performance comparison of deep learning autoencoders for cancer subtype detection using multi-omics data},
  author={Franco, Edian F and Rana, Pratip and Cruz, Aline and Calderon, Victor V and Azevedo, Vasco and Ramos, Rommel TJ and Ghosh, Preetam},
  journal={Cancers},
  volume={13},
  number={9},
  pages={2013},
  year={2021},
  publisher={MDPI}
}
@inproceedings{hu2021transformer,
  title={Transformer-based deep survival analysis},
  author={Hu, Shi and Fridgeirsson, Egill and van Wingen, Guido and Welling, Max},
  booktitle={Survival Prediction-Algorithms, Challenges and Applications},
  pages={132--148},
  year={2021},
  organization={PMLR}
}
@Article{electronics13244866,
AUTHOR = {Cui, Chang and Tang, Yongqiang and Zhang, Wensheng},
TITLE = {Deep Contrastive Survival Analysis with Dual-View Clustering},
JOURNAL = {Electronics},
VOLUME = {13},
YEAR = {2024},
NUMBER = {24},
ARTICLE-NUMBER = {4866},
ISSN = {2079-9292},
DOI = {10.3390/electronics13244866}
}
@inproceedings{chapfuwa2020survival,
  title={Survival cluster analysis},
  author={Chapfuwa, Paidamoyo and Li, Chunyuan and Mehta, Nikhil and Carin, Lawrence and Henao, Ricardo},
  booktitle={Proceedings of the ACM Conference on Health, Inference, and Learning},
  pages={60--68},
  year={2020}
}

@article{faraggi1995neural,
  title={A neural network model for survival data},
  author={Faraggi, David and Simon, Richard},
  journal={Statistics in medicine},
  volume={14},
  number={1},
  pages={73--82},
  year={1995},
  publisher={Wiley Online Library}
}
@article{
liu2025doubly,
title={Doubly Robust Conditional {VAE} via Decoder Calibration: An Implicit {KL} Annealing Approach},
author={Chuanhui Liu and Xiao Wang},
journal={Transactions on Machine Learning Research},
issn={2835-8856},
year={2025},
note={}
}
@article{miller1976least,
  title={Least squares regression with censored data},
  author={Miller, Rupert G},
  journal={Biometrika},
  volume={63},
  number={3},
  pages={449--464},
  year={1976},
  publisher={Oxford University Press}
}

@InProceedings{pmlr-v48-ranganath16,
  title = 	 {Hierarchical Variational Models},
  author = 	 {Ranganath, Rajesh and Tran, Dustin and Blei, David},
  booktitle = 	 {Proceedings of The 33rd International Conference on Machine Learning},
  pages = 	 {324--333},
  year = 	 {2016},
  editor = 	 {Balcan, Maria Florina and Weinberger, Kilian Q.},
  volume = 	 {48},
  series = 	 {Proceedings of Machine Learning Research},
  address = 	 {New York, New York, USA},
  month = 	 {20--22 Jun},
  publisher =    {PMLR},
  pdf = 	 {http://proceedings.mlr.press/v48/ranganath16.pdf},
  abstract = 	 {Black box variational inference allows researchers to easily prototype and evaluate an array of models. Recent advances allow such algorithms to scale to high dimensions. However, a central question remains: How to specify an expressive variational distribution that maintains efficient computation? To address this, we develop hierarchical variational models (HVMs). HVMs augment a variational approximation with a prior on its parameters, which allows it to capture complex structure for both discrete and continuous latent variables. The algorithm we develop is black box, can be used for any HVM, and has the same computational efficiency as the original approximation. We study HVMs on a variety of deep discrete latent variable models. HVMs generalize other expressive variational distributions and maintains higher fidelity to the posterior.}
}

@article{kingma2016improved,
  title={Improved variational inference with inverse autoregressive flow},
  author={Kingma, Durk P and Salimans, Tim and Jozefowicz, Rafal and Chen, Xi and Sutskever, Ilya and Welling, Max},
  journal={Advances in neural information processing systems},
  volume={29},
  year={2016}
}
@article{harrell1982evaluating,
  title={Evaluating the yield of medical tests},
  author={Harrell, Frank E and Califf, Robert M and Pryor, David B and Lee, Kerry L and Rosati, Robert A},
  journal={Jama},
  volume={247},
  number={18},
  pages={2543--2546},
  year={1982},
  publisher={American Medical Association}
}
@article{robins1995analysis,
  title={Analysis of semiparametric regression models for repeated outcomes in the presence of missing data},
  author={Robins, James M and Rotnitzky, Andrea and Zhao, Lue Ping},
  journal={Journal of the american statistical association},
  volume={90},
  number={429},
  pages={106--121},
  year={1995},
  publisher={Taylor \& Francis}
}
@article{graf1999assessment,
  title={Assessment and comparison of prognostic classification schemes for survival data},
  author={Graf, Erika and Schmoor, Claudia and Sauerbrei, Willi and Schumacher, Martin},
  journal={Statistics in medicine},
  volume={18},
  number={17-18},
  pages={2529--2545},
  year={1999},
  publisher={Wiley Online Library}
}
@inproceedings{journals/corr/BurdaGS15,
  added-at = {2019-07-25T00:00:00.000+0200},
  author = {Burda, Yuri and Grosse, Roger B. and Salakhutdinov, Ruslan},
  biburl = {https://www.bibsonomy.org/bibtex/26082e8e1145fa8e36910e4e7cfd0ec75/dblp},
  booktitle = {ICLR (Poster)},
  crossref = {conf/iclr/2016},
  editor = {Bengio, Yoshua and LeCun, Yann},
  ee = {http://arxiv.org/abs/1509.00519},
  interhash = {326d89f49bf8eedd3a4397ba544d675b},
  intrahash = {6082e8e1145fa8e36910e4e7cfd0ec75},
  keywords = {dblp},
  timestamp = {2019-07-26T11:43:33.000+0200},
  title = {Importance Weighted Autoencoders.},
  year = 2016
}


@inproceedings{conf/icml/HuangSDLC19,
  added-at = {2019-06-11T00:00:00.000+0200},
  author = {Huang, Chin-Wei and Sankaran, Kris and Dhekane, Eeshan and Lacoste, Alexandre and Courville, Aaron C.},
  biburl = {https://www.bibsonomy.org/bibtex/2f632192c0f2331531565e3cba5693b71/dblp},
  booktitle = {ICML},
  crossref = {conf/icml/2019},
  editor = {Chaudhuri, Kamalika and Salakhutdinov, Ruslan},
  ee = {http://proceedings.mlr.press/v97/huang19d.html},
  interhash = {07f62e79fbb26143735eca1fedbab29f},
  intrahash = {f632192c0f2331531565e3cba5693b71},
  keywords = {dblp},
  pages = {2869-2878},
  publisher = {PMLR},
  series = {Proceedings of Machine Learning Research},
  timestamp = {2019-06-12T11:41:24.000+0200},
  title = {Hierarchical Importance Weighted Autoencoders.},
  volume = 97,
  year = 2019
}

@inproceedings{dai2018diagnosing,
  title={Diagnosing and Enhancing VAE Models},
  author={Dai, Bin and Wipf, David},
  booktitle={International Conference on Learning Representations},
  year={2018}
}

@article{mattei2018leveraging,
  title={Leveraging the exact likelihood of deep latent variable models},
  author={Mattei, Pierre-Alexandre and Frellsen, Jes},
  journal={Advances in Neural Information Processing Systems},
  volume={31},
  year={2018}
}

@article{rezende2018taming,
  title={Taming vaes},
  author={Rezende, Danilo Jimenez and Viola, Fabio},
  journal={arXiv preprint arXiv:1810.00597},
  year={2018}
}

@inproceedings{higgins2016beta,
  title={beta-vae: Learning basic visual concepts with a constrained variational framework},
  author={Higgins, Irina and Matthey, Loic and Pal, Arka and Burgess, Christopher and Glorot, Xavier and Botvinick, Matthew and Mohamed, Shakir and Lerchner, Alexander},
  booktitle={International conference on learning representations},
  year={2016}
}

@inproceedings{takahashi2018student,
  title={Student-t Variational Autoencoder for Robust Density Estimation.},
  author={Takahashi, Hiroshi and Iwata, Tomoharu and Yamanaka, Yuki and Yamada, Masanori and Yagi, Satoshi},
  booktitle={IJCAI},
  pages={2696--2702},
  year={2018}
}
@article{stirn2020variational,
  title={Variational variance: Simple, reliable, calibrated heteroscedastic noise variance parameterization},
  author={Stirn, Andrew and Knowles, David A},
  journal={arXiv preprint arXiv:2006.04910},
  year={2020}
}
@article{chen2018isolating,
  title={Isolating sources of disentanglement in variational autoencoders},
  author={Chen, Ricky TQ and Li, Xuechen and Grosse, Roger B and Duvenaud, David K},
  journal={Advances in neural information processing systems},
  volume={31},
  year={2018}
}
@article{pu2016variational,
  title={Variational autoencoder for deep learning of images, labels and captions},
  author={Pu, Yunchen and Gan, Zhe and Henao, Ricardo and Yuan, Xin and Li, Chunyuan and Stevens, Andrew and Carin, Lawrence},
  journal={Advances in neural information processing systems},
  volume={29},
  year={2016}
}

@inproceedings{bowman2015generating,
  added-at = {2020-01-28T00:00:00.000+0100},
  author = {Bowman, Samuel R. and Vilnis, Luke and Vinyals, Oriol and Dai, Andrew M. and Józefowicz, Rafal and Bengio, Samy},
  biburl = {https://www.bibsonomy.org/bibtex/259ef3d7f34bf4338e0aa6d9ab6bd05df/dblp},
  booktitle = {CoNLL},
  crossref = {conf/conll/2016},
  editor = {Goldberg, Yoav and Riezler, Stefan},
  ee = {https://www.aclweb.org/anthology/K16-1002/},
  interhash = {94a8a67419411177141324952dbba10b},
  intrahash = {59ef3d7f34bf4338e0aa6d9ab6bd05df},
  isbn = {978-1-945626-19-7},
  keywords = {dblp},
  pages = {10-21},
  publisher = {ACL},
  timestamp = {2020-01-29T11:44:18.000+0100},
  title = {Generating Sentences from a Continuous Space.},
  year = 2016
}
@article{raiko2007building,
  title={Building Blocks for Variational Bayesian Learning of Latent Variable Models.},
  author={Raiko, Tapani and Valpola, Harri and Harva, Markus and Karhunen, Juha},
  journal={Journal of Machine Learning Research},
  volume={8},
  number={1},
  year={2007}
}

@article{fu2019cyclical,
  title={Cyclical annealing schedule: A simple approach to mitigating kl vanishing},
  author={Fu, Hao and Li, Chunyuan and Liu, Xiaodong and Gao, Jianfeng and Celikyilmaz, Asli and Carin, Lawrence},
  journal={arXiv preprint arXiv:1903.10145},
  year={2019}
}
@article{skafte2019reliable,
  title={Reliable training and estimation of variance networks},
  author={Skafte, Nicki and J{\o}rgensen, Martin and Hauberg, S{\o}ren},
  journal={Advances in Neural Information Processing Systems},
  volume={32},
  year={2019}
}

@article{lecun1998gradient,
  title={Gradient-based learning applied to document recognition},
  author={LeCun, Yann and Bottou, L{\'e}on and Bengio, Yoshua and Haffner, Patrick},
  journal={Proceedings of the IEEE},
  volume={86},
  number={11},
  pages={2278--2324},
  year={1998},
  publisher={Ieee}
}

@inproceedings{liu2015faceattributes,
  title = {Deep Learning Face Attributes in the Wild},
  author = {Liu, Ziwei and Luo, Ping and Wang, Xiaogang and Tang, Xiaoou},
  booktitle = {Proceedings of International Conference on Computer Vision (ICCV)},
  month = {December},
  year = {2015} 
}

@article{dai2021value,
  title={On the value of infinite gradients in variational autoencoder models},
  author={Dai, Bin and Wenliang, Li and Wipf, David},
  journal={Advances in Neural Information Processing Systems},
  volume={34},
  pages={7180--7192},
  year={2021}
}

@article{zheng2022learning,
  title={Learning manifold dimensions with conditional variational autoencoders},
  author={Zheng, Yijia and He, Tong and Qiu, Yixuan and Wipf, David P},
  journal={Advances in Neural Information Processing Systems},
  volume={35},
  pages={34709--34721},
  year={2022}
}
@article{dai2017hidden,
  title={Hidden talents of the variational autoencoder},
  author={Dai, Bin and Wang, Yu and Aston, John and Hua, Gang and Wipf, David},
  journal={arXiv preprint arXiv:1706.05148},
  year={2017}
}

@misc{martens2020neural,
      title={Neural Decomposition: Functional ANOVA with Variational Autoencoders}, 
      author={Kaspar Märtens and Christopher Yau},
      year={2020},
      eprint={2006.14293},
      archivePrefix={arXiv},
      primaryClass={stat.ML}
}

@article{lucas2019collapse,
  title={Understanding posterior collapse in generative latent variable models},
  author={Lucas, James and Tucker, George and Grosse, Roger and Norouzi, Mohammad},
  year={2019}
}

@inproceedings{he2019lagging,
  title={Lagging Inference Networks and Posterior Collapse in Variational Autoencoders},
  author={He, Junxian and Spokoyny, Daniel and Neubig, Graham and Berg-Kirkpatrick, Taylor},
  booktitle={International Conference on Learning Representations},
  year={2019}
}

@inproceedings{razavi2019preventing,
  title={Preventing Posterior Collapse with delta-VAEs},
  author={Razavi, Ali and van den Oord, Aaron and Poole, Ben and Vinyals, Oriol},
  booktitle={International Conference on Learning Representations},
  year={2019}
}


@article{kaplan1958nonparametric,
  title={Nonparametric estimation from incomplete observations},
  author={Kaplan, Edward L and Meier, Paul},
  journal={Journal of the American statistical association},
  volume={53},
  number={282},
  pages={457--481},
  year={1958},
  publisher={Taylor \& Francis}
}
@article{kvamme2019time,
  title={Time-to-event prediction with neural networks and Cox regression},
  author={Kvamme, H{\aa}vard and Borgan, {\O}rnulf and Scheel, Ida},
  journal={Journal of machine learning research},
  volume={20},
  number={129},
  pages={1--30},
  year={2019}
}
@article{polsterl2020scikit,
  title={scikit-survival: A Library for Time-to-Event Analysis Built on Top of scikit-learn},
  author={P{\"o}lsterl, Sebastian},
  journal={Journal of Machine Learning Research},
  volume={21},
  number={212},
  pages={1--6},
  year={2020}
}
@article{teh2006collapsed,
  title={A collapsed variational Bayesian inference algorithm for latent Dirichlet allocation},
  author={Teh, Yee and Newman, David and Welling, Max},
  journal={Advances in neural information processing systems},
  volume={19},
  year={2006}
}
@inproceedings{ranganath2016deep,
  title={Deep survival analysis},
  author={Ranganath, Rajesh and Perotte, Adler and Elhadad, No{\'e}mie and Blei, David},
  booktitle={Machine Learning for Healthcare Conference},
  pages={101--114},
  year={2016},
  organization={PMLR}
}

@inproceedings{brown1986fundamentals,
  title={Fundamentals of statistical exponential families: with applications in statistical decision theory},
  author={Brown, Lawrence D},
  year={1986},
  organization={Ims}
}

@article{nagpal2021dsm,
  title={Deep survival machines: Fully parametric survival regression and representation learning for censored data with competing risks},
  author={Nagpal, Chirag and Li, Xinyu and Dubrawski, Artur},
  journal={IEEE Journal of Biomedical and Health Informatics},
  volume={25},
  number={8},
  pages={3163--3175},
  year={2021},
  publisher={IEEE}
}

@Article{Apellániz2024,
author={Apell{\'a}niz, Patricia A.
and Parras, Juan
and Zazo, Santiago},
title={Leveraging the variational Bayes autoencoder for survival analysis},
journal={Scientific Reports},
year={2024},
month={Oct},
day={19},
volume={14},
number={1},
pages={24567},
abstract={Survival analysis in medical research has witnessed a growing interest in applying deep learning techniques to model complex, high-dimensional, heterogeneous, incomplete, and censored data. Current methods make assumptions about the relations between data that may not be valid in practice. Therefore, we introduce SAVAE (Survival Analysis Variational Autoencoder). SAVAE, based on Variational Autoencoders, contributes significantly to the field by introducing a tailored Evidence Lower BOund formulation, supporting various parametric distributions for covariates and survival time (if the log-likelihood is differentiable). It offers a general method that demonstrates robustness and stability through different experiments. Our proposal effectively estimates time-to-event, accounting for censoring, covariate interactions, and time-varying risk associations. We validate our model in diverse datasets, including genomic, clinical, and demographic tabular data, with varying levels of censoring. This approach demonstrates competitive performance compared to state-of-the-art techniques, as assessed by the Concordance Index and the Integrated Brier Score. SAVAE also offers an interpretable model that parametrically models covariates and time. Moreover, its generative architecture facilitates further applications such as clustering, data imputation, and synthetic patient data generation through latent space inference from survival data. This approach fosters data sharing and collaboration, improving medical research and personalized patient care.},
issn={2045-2322},
doi={10.1038/s41598-024-76047-z},
}

@inproceedings{xiu2020variational,
  title={Variational learning of individual survival distributions},
  author={Xiu, Zidi and Tao, Chenyang and Henao, Ricardo},
  booktitle={Proceedings of the ACM Conference on Health, Inference, and Learning},
  pages={10--18},
  year={2020}
}

@article{aalen1978nonparametric,
  title={Nonparametric inference for a family of counting processes},
  author={Aalen, Odd},
  journal={The Annals of Statistics},
  pages={701--726},
  year={1978},
  publisher={JSTOR}
}

@article{kullback1951information,
  title={On information and sufficiency},
  author={Kullback, Solomon and Leibler, Richard A},
  journal={The annals of mathematical statistics},
  volume={22},
  number={1},
  pages={79--86},
  year={1951},
  publisher={JSTOR}
}

@inproceedings{ranganath2014black,
  title={Black box variational inference},
  author={Ranganath, Rajesh and Gerrish, Sean and Blei, David},
  booktitle={Artificial intelligence and statistics},
  pages={814--822},
  year={2014},
  organization={PMLR}
}

@inproceedings{fu-etal-2019-cyclical,
    title = "Cyclical Annealing Schedule: A Simple Approach to Mitigating {KL} Vanishing",
    author = "Fu, Hao  and
      Li, Chunyuan  and
      Liu, Xiaodong  and
      Gao, Jianfeng  and
      Celikyilmaz, Asli  and
      Carin, Lawrence",
    editor = "Burstein, Jill  and
      Doran, Christy  and
      Solorio, Thamar",
    booktitle = "Proceedings of the 2019 Conference of the North {A}merican Chapter of the Association for Computational Linguistics: Human Language Technologies, Volume 1 (Long and Short Papers)",
    month = jun,
    year = "2019",
    address = "Minneapolis, Minnesota",
    publisher = "Association for Computational Linguistics",
    doi = "10.18653/v1/N19-1021",
    pages = "240--250",
}

@article{wiegrebe2024deep,
  title={Deep learning for survival analysis: a review},
  author={Wiegrebe, Simon and Kopper, Philipp and Sonabend, Raphael and Bischl, Bernd and Bender, Andreas},
  journal={Artificial Intelligence Review},
  volume={57},
  number={3},
  pages={65},
  year={2024},
  publisher={Springer}
}

@article{antolini2005time,
  title={A time-dependent discrimination index for survival data},
  author={Antolini, Laura and Boracchi, Patrizia and Biganzoli, Elia},
  journal={Statistics in medicine},
  volume={24},
  number={24},
  pages={3927--3944},
  year={2005},
  publisher={Wiley Online Library}
}

@inproceedings{wang2021latent,
 author = {Wang, Yixin and Blei, David and Cunningham, John P},
 booktitle = {Advances in Neural Information Processing Systems},
 title = {Posterior Collapse and Latent Variable Non-identifiability},
 year = {2021}
}

@article{burda2015importance,
  title={Importance weighted autoencoders},
  author={Burda, Yuri and Grosse, Roger and Salakhutdinov, Ruslan},
  journal={arXiv preprint arXiv:1509.00519},
  year={2015}
}