@article{aalen1978nonparametric,
  title={Nonparametric inference for a family of counting processes},
  author={Aalen, Odd},
  journal={The Annals of Statistics},
  pages={701--726},
  year={1978},
  publisher={JSTOR}
}

@article{antolini2005time,
  title={A time-dependent discrimination index for survival data},
  author={Antolini, Laura and Boracchi, Patrizia and Biganzoli, Elia},
  journal={Statistics in medicine},
  volume={24},
  number={24},
  pages={3927--3944},
  year={2005},
  publisher={Wiley Online Library}
}

@inproceedings{chapfuwa2020survival,
  title={Survival cluster analysis},
  author={Chapfuwa, Paidamoyo and Li, Chunyuan and Mehta, Nikhil and Carin, Lawrence and Henao, Ricardo},
  booktitle={Proceedings of the ACM Conference on Health, Inference, and Learning},
  pages={60--68},
  year={2020}
}

@inproceedings{cremer2018inference,
  title={Inference suboptimality in variational autoencoders},
  author={Cremer, Chris and Li, Xuechen and Duvenaud, David},
  booktitle={International Conference on Machine Learning},
  pages={1078--1086},
  year={2018},
  organization={PMLR}
}

@Article{electronics13244866,
AUTHOR = {Cui, Chang and Tang, Yongqiang and Zhang, Wensheng},
TITLE = {Deep Contrastive Survival Analysis with Dual-View Clustering},
JOURNAL = {Electronics},
VOLUME = {13},
YEAR = {2024},
NUMBER = {24},
ARTICLE-NUMBER = {4866},
ISSN = {2079-9292},
DOI = {10.3390/electronics13244866}
}

@article{faraggi1995neural,
  title={A neural network model for survival data},
  author={Faraggi, David and Simon, Richard},
  journal={Statistics in medicine},
  volume={14},
  number={1},
  pages={73--82},
  year={1995},
  publisher={Wiley Online Library}
}

@article{franco2021performance,
  title={Performance comparison of deep learning autoencoders for cancer subtype detection using multi-omics data},
  author={Franco, Edian F and Rana, Pratip and Cruz, Aline and Calderon, Victor V and Azevedo, Vasco and Ramos, Rommel TJ and Ghosh, Preetam},
  journal={Cancers},
  volume={13},
  number={9},
  pages={2013},
  year={2021},
  publisher={MDPI}
}

@inproceedings{fu-etal-2019-cyclical,
    title = "Cyclical Annealing Schedule: A Simple Approach to Mitigating {KL} Vanishing",
    author = "Fu, Hao  and
      Li, Chunyuan  and
      Liu, Xiaodong  and
      Gao, Jianfeng  and
      Celikyilmaz, Asli  and
      Carin, Lawrence",
    editor = "Burstein, Jill  and
      Doran, Christy  and
      Solorio, Thamar",
    booktitle = "Proceedings of the 2019 Conference of the North {A}merican Chapter of the Association for Computational Linguistics: Human Language Technologies, Volume 1 (Long and Short Papers)",
    month = jun,
    year = "2019",
    address = "Minneapolis, Minnesota",
    publisher = "Association for Computational Linguistics",
    doi = "10.18653/v1/N19-1021",
    pages = "240--250",
}

@inproceedings{giunchiglia2018rnn,
  title={Rnn-surv: A deep recurrent model for survival analysis},
  author={Giunchiglia, Eleonora and Nemchenko, Anton and van der Schaar, Mihaela},
  booktitle={Artificial Neural Networks and Machine Learning--ICANN 2018: 27th International Conference on Artificial Neural Networks, Rhodes, Greece, October 4-7, 2018, Proceedings, Part III 27},
  pages={23--32},
  year={2018},
  organization={Springer}
}

@inproceedings{hu2021transformer,
  title={Transformer-based deep survival analysis},
  author={Hu, Shi and Fridgeirsson, Egill and van Wingen, Guido and Welling, Max},
  booktitle={Survival Prediction-Algorithms, Challenges and Applications},
  pages={132--148},
  year={2021},
  organization={PMLR}
}

@article{ishwaran2008random,
  title={Random survival forests},
  author={Ishwaran, Hemant and Kogalur, Udaya B and Blackstone, Eugene H and Lauer, Michael S},
  year={2008}
}

@article{jiang2024autosurv,
  title={Autosurv: interpretable deep learning framework for cancer survival analysis incorporating clinical and multi-omics data},
  author={Jiang, Lindong and Xu, Chao and Bai, Yuntong and Liu, Anqi and Gong, Yun and Wang, Yu-Ping and Deng, Hong-Wen},
  journal={NPJ precision oncology},
  volume={8},
  number={1},
  pages={4},
  year={2024},
  publisher={Nature Publishing Group UK London}
}

@article{katzman2018deepsurv,
  title={DeepSurv: personalized treatment recommender system using a Cox proportional hazards deep neural network},
  author={Katzman, Jared L and Shaham, Uri and Cloninger, Alexander and Bates, Jonathan and Jiang, Tingting and Kluger, Yuval},
  journal={BMC medical research methodology},
  volume={18},
  pages={1--12},
  year={2018},
  publisher={Springer}
}

@inproceedings{lee2018deephit,
  title={Deephit: A deep learning approach to survival analysis with competing risks},
  author={Lee, Changhee and Zame, William and Yoon, Jinsung and Van Der Schaar, Mihaela},
  booktitle={Proceedings of the AAAI conference on artificial intelligence},
  volume={32},
  number={1},
  year={2018}
}

@inproceedings{nagpal2021dcm,
  title={Deep cox mixtures for survival regression},
  author={Nagpal, Chirag and Yadlowsky, Steve and Rostamzadeh, Negar and Heller, Katherine},
  booktitle={Machine Learning for Healthcare Conference},
  pages={674--708},
  year={2021},
  organization={PMLR}
}

