@article{RobbinsMonro,
author = {Herbert Robbins and Sutton Monro},
title = {{A Stochastic Approximation Method}},
volume = {22},
journal = {The Annals of Mathematical Statistics},
number = {3},
publisher = {Institute of Mathematical Statistics},
pages = {400 -- 407},
year = {1951},
}

@inproceedings{anastasiou2019normal,
  title={Normal approximation for stochastic gradient descent via non-asymptotic rates of martingale CLT},
  author={Anastasiou, Andreas and Balasubramanian, Krishnakumar and Erdogdu, Murat A},
  booktitle={Conference on Learning Theory},
  pages={115--137},
  year={2019},
  organization={PMLR}
}

@article{chen2022finite,
  title={Finite-sample analysis of nonlinear stochastic approximation with applications in reinforcement learning},
  author={Chen, Zaiwei and Zhang, Sheng and Doan, Thinh T and Clarke, John-Paul and Maguluri, Siva Theja},
  journal={Automatica},
  volume={146},
  pages={110623},
  year={2022},
  publisher={Elsevier}
}

@inproceedings{dalal2018finite,
  title={Finite sample analysis of two-timescale stochastic approximation with applications to reinforcement learning},
  author={Dalal, Gal and Thoppe, Gugan and Sz{\"o}r{\'e}nyi, Bal{\'a}zs and Mannor, Shie},
  booktitle={Conference On Learning Theory},
  pages={1199--1233},
  year={2018},
  organization={PMLR}
}

@article{durmus2024finite,
  title={Finite-Time High-Probability Bounds for Polyak--Ruppert Averaged Iterates of Linear Stochastic Approximation},
  author={Durmus, Alain and Moulines, Eric and Naumov, Alexey and Samsonov, Sergey},
  journal={Mathematics of Operations Research},
  year={2024},
  publisher={INFORMS}
}

@misc{haque2023tightfinitetimebounds,
  title={Tight finite time bounds of two-time-scale linear stochastic approximation with markovian noise},
  author={Haque, Shaan Ul and Khodadadian, Sajad and Maguluri, Siva Theja},
  journal={arXiv preprint arXiv:2401.00364},
  year={2023}
}

@inproceedings{hu2024central,
  title={Central Limit Theorem for Two-Timescale Stochastic Approximation with Markovian Noise: Theory and Applications},
  author={Hu, Jie and Doshi, Vishwaraj and others},
  booktitle={International Conference on Artificial Intelligence and Statistics},
  pages={1477--1485},
  year={2024},
  organization={PMLR}
}

@inproceedings{kaledin2020finite,
  title={Finite time analysis of linear two-timescale stochastic approximation with Markovian noise},
  author={Kaledin, Maxim and Moulines, Eric and Naumov, Alexey and Tadic, Vladislav and Wai, Hoi-To},
  booktitle={Conference on Learning Theory},
  pages={2144--2203},
  year={2020},
  organization={PMLR}
}

@article{mokkadem2006convergence,
  title={Convergence rate and averaging of nonlinear two-time-scale stochastic approximation algorithms},
  author={Mokkadem, Abdelkader and Pelletier, Mariane},
  year={2006},
  journal = {The Annals of Applied Probability},
}

@misc{mou2020linearstochasticapproximationfinegrained,
      title={On Linear Stochastic Approximation: Fine-grained Polyak-Ruppert and Non-Asymptotic Concentration}, 
      author={Wenlong Mou and Chris Junchi Li and Martin J. Wainwright and Peter L. Bartlett and Michael I. Jordan},
      year={2020},
      eprint={2004.04719},
      archivePrefix={arXiv},
      primaryClass={stat.ML},
}

@article{polyak,
    author = {Boris T. Polyak},
    title = {New Stochastic Approximation Type Procedures},
    journal = {Automat. Remote Control},
    year ={1991}
}

@article{polyakJuditsky,
    author = {Polyak, B. T. and Juditsky, A. B.},
    title = {Acceleration of Stochastic Approximation by Averaging},
    journal = {SIAM Journal on Control and Optimization},
    volume = {30},
    number = {4},
    pages = {838-855},
    year = {1992},
}

@article{ruppert,
    author = {David Ruppert},
    title = {Efficient estimators from a slowly convergent Robbins-Monro process},
    journal = {Tech Report},
    year ={1988} 
}

@article{samsonov2024gaussian,
  title={Gaussian Approximation and Multiplier Bootstrap for Polyak-Ruppert Averaged Linear Stochastic Approximation with Applications to TD Learning},
  author={Samsonov, Sergey and Moulines, Eric and Shao, Qi-Man and Zhang, Zhuo-Song and Naumov, Alexey},
  journal={arXiv preprint arXiv:2405.16644},
  year={2024}
}

@InProceedings{srikant19,
  title = 	 {Finite-Time Error Bounds For Linear Stochastic Approximation andTD Learning},
  author =       {Srikant, R. and Ying, Lei},
  booktitle = 	 {Proceedings of the Thirty-Second Conference on Learning Theory},
  pages = 	 {2803--2830},
  year = 	 {2019},
  volume = 	 {99},
  series = 	 {Proceedings of Machine Learning Research},
  month = 	 {25--28 Jun},
  publisher =    {PMLR},
  pdf = 	 {http://proceedings.mlr.press/v99/srikant19a/srikant19a.pdf},
}

@misc{srikant2024CLT,
      title={Rates of Convergence in the Central Limit Theorem for Markov Chains, with an Application to TD Learning}, 
      author={R. Srikant},
      year={2024},
      eprint={2401.15719},
      archivePrefix={arXiv},
      primaryClass={math.PR},
}

