% Long form of conference & journal abbreviations -- especially for camera ready
@String(PAMI  = {IEEE Trans. Pattern Anal. Mach. Intell.})
@String(IJCV  = {Int. J. Comput. Vis.})
@String(CVPR  = {IEEE Conf. Comput. Vis. Pattern Recog.})
@String(ICCV  = {Int. Conf. Comput. Vis.})
@String(ECCV  = {Eur. Conf. Comput. Vis.})
@String(NeurIPS = {Adv. Neural Inform. Process. Syst.})
@String(ICML  = {Int. Conf. Mach. Learn.})
@String(ICLR  = {Int. Conf. Learn. Represent.})
@String(ACCV  = {Asian Conf. Comput. Vis.})
@String(BMVC  = {Brit. Mach. Vis. Conf.})
@String(CVPRW = {IEEE Conf. Comput. Vis. Pattern Recog. Worksh.})
@String(AAAI  = {AAAI})
@String(IJCAI = {IJCAI})
@String(ICIP  = {IEEE Int. Conf. Image Process.})
@String(ICPR  = {Int. Conf. Pattern Recog.})
@String(ICASSP=	{ICASSP})
@String(ICME  = {Int. Conf. Multimedia and Expo})
@String(JMLR  = {J. Mach. Learn. Res.})
@String(TMLR  = {Trans. Mach. Learn Res.})
@String(TOG   = {ACM Trans. Graph.})
@String(TIP   = {IEEE Trans. Image Process.})
@String(TVCG  = {IEEE Trans. Vis. Comput. Graph.})
@String(TCSVT = {IEEE Trans. Circuit Syst. Video Technol.})
@String(TMM   = {IEEE Trans. Multimedia})
@String(ACMMM = {ACM Int. Conf. Multimedia})
@String(PR    = {Pattern Recognition})

@String(MNI	  = {Nature Mach. Intell.})
@String(SPL	  = {IEEE Sign. Process. Letters})
@String(VR    = {Vis. Res.})
@String(JOV	  = {J. Vis.})
@String(TVC   = {The Vis. Comput.})
@String(JCST  = {J. Comput. Sci. Tech.})
@String(CGF   = {Comput. Graph. Forum})
@String(CVM   = {Computational Visual Media})


% Short form of conference & journal abbreviations -- especially for submission version
% if desired, remove these macros in favor of the above ones
@String(PAMI  = {IEEE TPAMI})
@String(IJCV  = {IJCV})
@String(CVPR  = {CVPR})
@String(ICCV  = {ICCV})
@String(ECCV  = {ECCV})
@String(NeurIPS = {NeurIPS})
@String(ICML  = {ICML})
@String(ICLR  = {ICLR})
@String(ACCV  = {ACCV})
@String(BMVC  =	{BMVC})
@String(CVPRW = {CVPRW})
@String(AAAI  = {AAAI})
@String(IJCAI = {IJCAI})
@String(ICIP  = {ICIP})
@String(ICPR  = {ICPR})
@String(ICASSP=	{ICASSP})
@String(ICME  =	{ICME})
@String(JMLR  = {JMLR})
@String(TMLR  = {TMLR})
@String(TOG   = {ACM TOG})
@String(TIP   = {IEEE TIP})
@String(TVCG  = {IEEE TVCG})
@String(TCSVT = {IEEE TCSVT})
@String(TMM   =	{IEEE TMM})
@String(ACMMM = {ACM MM})
@String(PR    = {PR})

@InProceedings{yan2024pac,
title={Deep Online Probability Aggregation Clustering},
author={Yan, Yuxuan and Lu, Na and Yan, Ruofan},
booktitle={Proceedings of the European Conference on Computer Vision},
year="2024",
}


@article{arabie1996complexity,
	title={COMPLEXITY THEORY: AN INTRODUCTION},
	author={Arabie, P and Hubert, J and Soete, De},
	journal={Clustering and classification},
	pages={199},
	year={1996},
	publisher={World Scientific}
}

@inproceedings{caron2018deep,
	title={Deep clustering for unsupervised learning of visual features},
	author={Caron, Mathilde and Bojanowski, Piotr and Joulin, Armand and Douze, Matthijs},
	booktitle={Proceedings of the European conference on computer vision (ECCV)},
	pages={132--149},
	year={2018}
}

@article{li2020prototypical,
	title={Prototypical contrastive learning of unsupervised representations},
	author={Li, Junnan and Zhou, Pan and Xiong, Caiming and Hoi, Steven CH},
	journal={arXiv preprint arXiv:2005.04966},
	year={2020}
}

@inproceedings{zhan2020online,
	title={Online deep clustering for unsupervised representation learning},
	author={Zhan, Xiaohang and Xie, Jiahao and Liu, Ziwei and Ong, Yew-Soon and Loy, Chen Change},
	booktitle={Proceedings of the IEEE/CVF conference on computer vision and pattern recognition},
	pages={6688--6697},
	year={2020}
}

@inproceedings{qian2022unsupervised,
	title={Unsupervised visual representation learning by online constrained k-means},
	author={Qian, Qi and Xu, Yuanhong and Hu, Juhua and Li, Hao and Jin, Rong},
	booktitle={Proceedings of the IEEE/CVF Conference on Computer Vision and Pattern Recognition},
	pages={16640--16649},
	year={2022}
}

@inproceedings{li2021contrastive,
	title={Contrastive clustering},
	author={Li, Yunfan and Hu, Peng and Liu, Zitao and Peng, Dezhong and Zhou, Joey Tianyi and Peng, Xi},
	booktitle={Proceedings of the AAAI Conference on Artificial Intelligence},
	volume={35},
	number={10},
	pages={8547--8555},
	year={2021}
}


@inproceedings{xie2016unsupervised,
	title={Unsupervised deep embedding for clustering analysis},
	author={Xie, Junyuan and Girshick, Ross and Farhadi, Ali},
	booktitle={International conference on machine learning},
	pages={478--487},
	year={2016},
	organization={PMLR}
}

@inproceedings{yang2017towards,
	title={Towards k-means-friendly spaces: Simultaneous deep learning and clustering},
	author={Yang, Bo and Fu, Xiao and Sidiropoulos, Nicholas D and Hong, Mingyi},
	booktitle={international conference on machine learning},
	pages={3861--3870},
	year={2017},
	organization={PMLR}
}

@inproceedings{guo2017improved,
	title={Improved deep embedded clustering with local structure preservation.},
	author={Guo, Xifeng and Gao, Long and Liu, Xinwang and Yin, Jianping},
	booktitle={Ijcai},
	volume={17},
	pages={1753--1759},
	year={2017}
}

@inproceedings{cai2022efficient,
	title={Efficient deep embedded subspace clustering},
	author={Cai, Jinyu and Fan, Jicong and Guo, Wenzhong and Wang, Shiping and Zhang, Yunhe and Zhang, Zhao},
	booktitle={Proceedings of the IEEE/CVF Conference on Computer Vision and Pattern Recognition},
	pages={1--10},
	year={2022}
}

@inproceedings{jiao2022fine,
	title={Fine-grained fashion representation learning by online deep clustering},
	author={Jiao, Yang and Xie, Ning and Gao, Yan and Wang, Chien-Chih and Sun, Yi},
	booktitle={European Conference on Computer Vision},
	pages={19--35},
	year={2022},
	organization={Springer}
}

@inproceedings{nassar2023protocon,
	title={PROTOCON: Pseudo-label Refinement via Online Clustering and Prototypical Consistency for Efficient Semi-supervised Learning},
	author={Nassar, Islam and Hayat, Munawar and Abbasnejad, Ehsan and Rezatofighi, Hamid and Haffari, Gholamreza},
	booktitle={Proceedings of the IEEE/CVF Conference on Computer Vision and Pattern Recognition},
	pages={11641--11650},
	year={2023}
}

@inproceedings{zhong2005efficient,
	title={Efficient online spherical k-means clustering},
	author={Zhong, Shi},
	booktitle={Proceedings. 2005 IEEE International Joint Conference on Neural Networks, 2005.},
	volume={5},
	pages={3180--3185},
	year={2005},
	organization={IEEE}
}

@article{bradley2000constrained,
	title={Constrained k-means clustering},
	author={Bradley, Paul S and Bennett, Kristin P and Demiriz, Ayhan},
	journal={Microsoft Research, Redmond},
	volume={20},
	number={0},
	pages={0},
	year={2000}
}

@article{bezdek1984fcm,
	title={FCM: The fuzzy c-means clustering algorithm},
	author={Bezdek, James C and Ehrlich, Robert and Full, William},
	journal={Computers \& geosciences},
	volume={10},
	number={2-3},
	pages={191--203},
	year={1984},
	publisher={Elsevier}
}

@inproceedings{arthur2007k,
	title={k-means++: The advantages of careful seeding},
	author={Arthur, David and Vassilvitskii, Sergei and others},
	booktitle={Soda},
	volume={7},
	pages={1027--1035},
	year={2007}
}

@article{franti2019much,
	title={How much can k-means be improved by using better initialization and repeats?},
	author={Fr{\"a}nti, Pasi and Sieranoja, Sami},
	journal={Pattern Recognition},
	volume={93},
	pages={95--112},
	year={2019},
	publisher={Elsevier}
}

@inproceedings{huang2020deep,
	title={Deep semantic clustering by partition confidence maximisation},
	author={Huang, Jiabo and Gong, Shaogang and Zhu, Xiatian},
	booktitle={Proceedings of the IEEE/CVF conference on computer vision and pattern recognition},
	pages={8849--8858},
	year={2020}
}


@article{shen2021you,
	title={You never cluster alone},
	author={Shen, Yuming and Shen, Ziyi and Wang, Menghan and Qin, Jie and Torr, Philip and Shao, Ling},
	journal={Advances in Neural Information Processing Systems},
	volume={34},
	pages={27734--27746},
	year={2021}
}

@article{li2022twin,
	title={Twin contrastive learning for online clustering},
	author={Li, Yunfan and Yang, Mouxing and Peng, Dezhong and Li, Taihao and Huang, Jiantao and Peng, Xi},
	journal={International Journal of Computer Vision},
	volume={130},
	number={9},
	pages={2205--2221},
	year={2022},
	publisher={Springer}
}

@inproceedings{tsai2021mice,
	title={Mice: Mixture of contrastive experts for unsupervised image clustering},
	author={Tsai, Tsung Wei and Li, Chongxuan and Zhu, Jun},
	booktitle={International conference on learning representations},
	year={2021}
}

@inproceedings{znalezniak2023contrastive,
	title={Contrastive hierarchical clustering},
	author={Znalezniak, Micha{\l} and Rola, Przemys{\l}aw and Kaszuba, Patryk and Tabor, Jacek and {\'S}mieja, Marek},
	booktitle={Joint European Conference on Machine Learning and Knowledge Discovery in Databases},
	pages={627--643},
	year={2023},
	organization={Springer}
}

@article{deshmukh2022representation,
	title={Representation learning for clustering via building consensus},
	author={Deshmukh, Aniket Anand and Regatti, Jayanth Reddy and Manavoglu, Eren and Dogan, Urun},
	journal={Machine Learning},
	volume={111},
	number={12},
	pages={4601--4638},
	year={2022},
	publisher={Springer}
}

@inproceedings{ji2019invariant,
	title={Invariant information clustering for unsupervised image classification and segmentation},
	author={Ji, Xu and Henriques, Joao F and Vedaldi, Andrea},
	booktitle={Proceedings of the IEEE/CVF international conference on computer vision},
	pages={9865--9874},
	year={2019}
}

@article{caron2020unsupervised,
	title={Unsupervised learning of visual features by contrasting cluster assignments},
	author={Caron, Mathilde and Misra, Ishan and Mairal, Julien and Goyal, Priya and Bojanowski, Piotr and Joulin, Armand},
	journal={Advances in neural information processing systems},
	volume={33},
	pages={9912--9924},
	year={2020}
}

@article{asano2019self,
	title={Self-labelling via simultaneous clustering and representation learning},
	author={Asano, Yuki Markus and Rupprecht, Christian and Vedaldi, Andrea},
	journal={arXiv preprint arXiv:1911.05371},
	year={2019}
}

@inproceedings{chen2020simple,
	title={A simple framework for contrastive learning of visual representations},
	author={Chen, Ting and Kornblith, Simon and Norouzi, Mohammad and Hinton, Geoffrey},
	booktitle={International conference on machine learning},
	pages={1597--1607},
	year={2020},
	organization={PMLR}
}

@inproceedings{chang2017deep,
	title={Deep adaptive image clustering},
	author={Chang, Jianlong and Wang, Lingfeng and Meng, Gaofeng and Xiang, Shiming and Pan, Chunhong},
	booktitle={Proceedings of the IEEE international conference on computer vision},
	pages={5879--5887},
	year={2017}
}

@inproceedings{wu2019deep,
	title={Deep comprehensive correlation mining for image clustering},
	author={Wu, Jianlong and Long, Keyu and Wang, Fei and Qian, Chen and Li, Cheng and Lin, Zhouchen and Zha, Hongbin},
	booktitle={Proceedings of the IEEE/CVF international conference on computer vision},
	pages={8150--8159},
	year={2019}
}

@inproceedings{dang2021nearest,
	title={Nearest neighbor matching for deep clustering},
	author={Dang, Zhiyuan and Deng, Cheng and Yang, Xu and Wei, Kun and Huang, Heng},
	booktitle={Proceedings of the IEEE/CVF Conference on Computer Vision and Pattern Recognition},
	pages={13693--13702},
	year={2021}
}

@inproceedings{van2020scan,
	title={Scan: Learning to classify images without labels},
	author={Van Gansbeke, Wouter and Vandenhende, Simon and Georgoulis, Stamatios and Proesmans, Marc and Van Gool, Luc},
	booktitle={Computer Vision--ECCV 2020: 16th European Conference, Glasgow, UK, August 23--28, 2020, Proceedings, Part X},
	pages={268--285},
	year={2020},
	organization={Springer}
}

@inproceedings{qian2023stable,
	title={Stable cluster discrimination for deep clustering},
	author={Qian, Qi},
	booktitle={Proceedings of the IEEE/CVF International Conference on Computer Vision},
	pages={16645--16654},
	year={2023}
}

@article{sohn2020fixmatch,
	title={Fixmatch: Simplifying semi-supervised learning with consistency and confidence},
	author={Sohn, Kihyuk and Berthelot, David and Carlini, Nicholas and Zhang, Zizhao and Zhang, Han and Raffel, Colin A and Cubuk, Ekin Dogus and Kurakin, Alexey and Li, Chun-Liang},
	journal={Advances in neural information processing systems},
	volume={33},
	pages={596--608},
	year={2020}
}

@article{krizhevsky2009learning,
	title={Learning multiple layers of features from tiny images},
	author={Krizhevsky, Alex and Hinton, Geoffrey and others},
	year={2009},
	publisher={Toronto, ON, Canada}
}

@inproceedings{coates2011analysis,
	title={An analysis of single-layer networks in unsupervised feature learning},
	author={Coates, Adam and Ng, Andrew and Lee, Honglak},
	booktitle={Proceedings of the fourteenth international conference on artificial intelligence and statistics},
	pages={215--223},
	year={2011},
	organization={JMLR Workshop and Conference Proceedings}
}

@article{nene1996columbia,
	title={Columbia object image library (coil-20)},
	author={Nene, Sameer A and Nayar, Shree K and Murase, Hiroshi and others},
	year={1996},
	publisher={Citeseer}
}

@book{cole1990isolet,
	title={The ISOLET spoken letter database},
	author={Cole, Ron and Muthusamy, Yeshwant and Fanty, Mark},
	year={1990},
	publisher={Oregon Graduate Institute of Science and Technology, Department of Computer~…}
}

@inproceedings{alimoglu1997combining,
	title={Combining multiple representations and classifiers for pen-based handwritten digit recognition},
	author={Alimoglu, Fevzi and Alpaydin, Ethem},
	booktitle={Proceedings of the Fourth International Conference on Document Analysis and Recognition},
	volume={2},
	pages={637--640},
	year={1997},
	organization={IEEE}
}

@article{deng2012mnist,
	title={The mnist database of handwritten digit images for machine learning research [best of the web]},
	author={Deng, Li},
	journal={IEEE signal processing magazine},
	volume={29},
	number={6},
	pages={141--142},
	year={2012},
	publisher={IEEE}
}

@book{celebi2014partitional,
	title={Partitional clustering algorithms},
	author={Celebi, M Emre},
	year={2014},
	publisher={Springer}
}

@article{van2003new,
	title={A new partitioning around medoids algorithm},
	author={Van der Laan, Mark and Pollard, Katherine and Bryan, Jennifer},
	journal={Journal of Statistical Computation and Simulation},
	volume={73},
	number={8},
	pages={575--584},
	year={2003},
	publisher={Taylor \& Francis}
}

@article{hornik2012spherical,
	title={Spherical k-means clustering},
	author={Hornik, Kurt and Feinerer, Ingo and Kober, Martin and Buchta, Christian},
	journal={Journal of statistical software},
	volume={50},
	pages={1--22},
	year={2012}
}

@article{lin2015cann,
	title={CANN: An intrusion detection system based on combining cluster centers and nearest neighbors},
	author={Lin, Wei-Chao and Ke, Shih-Wen and Tsai, Chih-Fong},
	journal={Knowledge-based systems},
	volume={78},
	pages={13--21},
	year={2015},
	publisher={Elsevier}
}

@article{von2007tutorial,
	title={A tutorial on spectral clustering},
	author={Von Luxburg, Ulrike},
	journal={Statistics and computing},
	volume={17},
	pages={395--416},
	year={2007},
	publisher={Springer}
}

@article{pei2022centerless,
	title={Centerless Clustering},
	author={Pei, Shenfei and Chen, Huimin and Nie, Feiping and Wang, Rong and Li, Xuelong},
	journal={IEEE Transactions on Pattern Analysis and Machine Intelligence},
	volume={45},
	number={1},
	pages={167--181},
	year={2022},
	publisher={IEEE}
}

@inproceedings{sarfraz2019efficient,
	title={Efficient parameter-free clustering using first neighbor relations},
	author={Sarfraz, Saquib and Sharma, Vivek and Stiefelhagen, Rainer},
	booktitle={Proceedings of the IEEE/CVF conference on computer vision and pattern recognition},
	pages={8934--8943},
	year={2019}
}

@article{shah2017robust,
	title={Robust continuous clustering},
	author={Shah, Sohil Atul and Koltun, Vladlen},
	journal={Proceedings of the National Academy of Sciences},
	volume={114},
	number={37},
	pages={9814--9819},
	year={2017},
	publisher={National Acad Sciences}
}

@inproceedings{he2016deep,
	title={Deep residual learning for image recognition},
	author={He, Kaiming and Zhang, Xiangyu and Ren, Shaoqing and Sun, Jian},
	booktitle={Proceedings of the IEEE conference on computer vision and pattern recognition},
	pages={770--778},
	year={2016}
}

@article{chen2020big,
	title={Big self-supervised models are strong semi-supervised learners},
	author={Chen, Ting and Kornblith, Simon and Swersky, Kevin and Norouzi, Mohammad and Hinton, Geoffrey E},
	journal={Advances in neural information processing systems},
	volume={33},
	pages={22243--22255},
	year={2020}
}

@inproceedings{cubuk2020randaugment,
	title={Randaugment: Practical automated data augmentation with a reduced search space},
	author={Cubuk, Ekin D and Zoph, Barret and Shlens, Jonathon and Le, Quoc V},
	booktitle={Proceedings of the IEEE/CVF conference on computer vision and pattern recognition workshops},
	pages={702--703},
	year={2020}
}

@article{kingma2014adam,
	title={Adam: A method for stochastic optimization},
	author={Kingma, Diederik P and Ba, Jimmy},
	journal={arXiv preprint arXiv:1412.6980},
	year={2014}
}

@article{niu2022spice,
	title={Spice: Semantic pseudo-labeling for image clustering},
	author={Niu, Chuang and Shan, Hongming and Wang, Ge},
	journal={IEEE Transactions on Image Processing},
	volume={31},
	pages={7264--7278},
	year={2022},
	publisher={IEEE}
}

@inproceedings{zhong2021graph,
	title={Graph contrastive clustering},
	author={Zhong, Huasong and Wu, Jianlong and Chen, Chong and Huang, Jianqiang and Deng, Minghua and Nie, Liqiang and Lin, Zhouchen and Hua, Xian-Sheng},
	booktitle={Proceedings of the IEEE/CVF International Conference on Computer Vision},
	pages={9224--9233},
	year={2021}
}

@article{tao2021clustering,
	title={Clustering-friendly representation learning via instance discrimination and feature decorrelation},
	author={Tao, Yaling and Takagi, Kentaro and Nakata, Kouta},
	journal={arXiv preprint arXiv:2106.00131},
	year={2021}
}

@article{von2007tutorial,
	title={A tutorial on spectral clustering},
	author={Von Luxburg, Ulrike},
	journal={Statistics and computing},
	volume={17},
	pages={395--416},
	year={2007},
	publisher={Springer}
}

@article{wang2014optimized,
	title={Optimized cartesian k-means},
	author={Wang, Jianfeng and Wang, Jingdong and Song, Jingkuan and Xu, Xin-Shun and Shen, Heng Tao and Li, Shipeng},
	journal={IEEE Transactions on Knowledge and Data Engineering},
	volume={27},
	number={1},
	pages={180--192},
	year={2014},
	publisher={IEEE}
}

@inproceedings{cai2022efficient,
	title={Efficient deep embedded subspace clustering},
	author={Cai, Jinyu and Fan, Jicong and Guo, Wenzhong and Wang, Shiping and Zhang, Yunhe and Zhang, Zhao},
	booktitle={Proceedings of the IEEE/CVF Conference on Computer Vision and Pattern Recognition},
	pages={1--10},
	year={2022}
}

@article{wang2023self,
	title={Self-supervised clustering with assistance from off-the-shelf classifier},
	author={Wang, Hanxuan and Lu, Na and Luo, Huan and Liu, Qinyang},
	journal={Pattern Recognition},
	volume={138},
	pages={109350},
	year={2023},
	publisher={Elsevier}
}


@inproceedings{wang2020understanding,
	title={Understanding contrastive representation learning through alignment and uniformity on the hypersphere},
	author={Wang, Tongzhou and Isola, Phillip},
	booktitle={International Conference on Machine Learning},
	pages={9929--9939},
	year={2020},
	organization={PMLR}
}


@inproceedings{dang2021nearest,
	title={Nearest neighbor matching for deep clustering},
	author={Dang, Zhiyuan and Deng, Cheng and Yang, Xu and Wei, Kun and Huang, Heng},
	booktitle={Proceedings of the IEEE/CVF Conference on Computer Vision and Pattern Recognition},
	pages={13693--13702},
	year={2021}
}

@inproceedings{he2020momentum,
  title={Momentum contrast for unsupervised visual representation learning},
  author={He, Kaiming and Fan, Haoqi and Wu, Yuxin and Xie, Saining and Girshick, Ross},
  booktitle={Proceedings of the IEEE/CVF conference on computer vision and pattern recognition},
  pages={9729--9738},
  year={2020}
}

@article{adaloglou2023exploring,
	title={Exploring the limits of deep image clustering using pretrained models},
	author={Adaloglou, Nikolas and Michels, Felix and Kalisch, Hamza and Kollmann, Markus},
	journal={arXiv preprint arXiv:2303.17896},
	year={2023}
}

@inproceedings{ronen2022deepdpm,
	title={Deepdpm: Deep clustering with an unknown number of clusters},
	author={Ronen, Meitar and Finder, Shahaf E and Freifeld, Oren},
	booktitle={Proceedings of the IEEE/CVF Conference on Computer Vision and Pattern Recognition},
	pages={9861--9870},
	year={2022}
}

@article{huang2022learning,
	title={Learning representation for clustering via prototype scattering and positive sampling},
	author={Huang, Zhizhong and Chen, Jie and Zhang, Junping and Shan, Hongming},
	journal={IEEE Transactions on Pattern Analysis and Machine Intelligence},
	volume={45},
	number={6},
	pages={7509--7524},
	year={2022},
	publisher={IEEE}
}

@inproceedings{ester1996density,
	title={A density-based algorithm for discovering clusters in large spatial databases with noise},
	author={Ester, Martin and Kriegel, Hans-Peter and Sander, J{\"o}rg and Xu, Xiaowei and others},
	booktitle={kdd},
	volume={96},
	number={34},
	pages={226--231},
	year={1996}
}

@article{frey2007clustering,
	title={Clustering by passing messages between data points},
	author={Frey, Brendan J and Dueck, Delbert},
	journal={science},
	volume={315},
	number={5814},
	pages={972--976},
	year={2007},
	publisher={American Association for the Advancement of Science}
}

@article{feng2023review,
  title={A review of convex clustering from multiple perspectives: models, optimizations, statistical properties, applications, and connections},
  author={Feng, Qiying and Chen, CL Philip and Liu, Licheng},
  journal={IEEE Transactions on Neural Networks and Learning Systems},
  year={2023},
  publisher={IEEE}
}

@article{handcock2007model,
  title={Model-based clustering for social networks},
  author={Handcock, Mark S and Raftery, Adrian E and Tantrum, Jeremy M},
  journal={Journal of the Royal Statistical Society Series A: Statistics in Society},
  volume={170},
  number={2},
  pages={301--354},
  year={2007},
  publisher={Oxford University Press}
}

@article{khan2004cluster,
  title={Cluster center initialization algorithm for K-means clustering},
  author={Khan, Shehroz S and Ahmad, Amir},
  journal={Pattern recognition letters},
  volume={25},
  number={11},
  pages={1293--1302},
  year={2004},
  publisher={Elsevier}
}

@article{ruspini2019fuzzy,
  title={Fuzzy clustering: A historical perspective},
  author={Ruspini, Enrique H and Bezdek, James C and Keller, James M},
  journal={IEEE Computational Intelligence Magazine},
  volume={14},
  number={1},
  pages={45--55},
  year={2019},
  publisher={IEEE}
}

@book{zimmermann2011fuzzy,
  title={Fuzzy set theory—and its applications},
  author={Zimmermann, Hans-J{\"u}rgen},
  year={2011},
  publisher={Springer Science \& Business Media}
}

@article{krishnapuram1993possibilistic,
  title={A possibilistic approach to clustering},
  author={Krishnapuram, Raghuram and Keller, James M},
  journal={IEEE transactions on fuzzy systems},
  volume={1},
  number={2},
  pages={98--110},
  year={1993},
  publisher={IEEE}
}

@article{liu2022graph,
  title={Graph-based soft-balanced fuzzy clustering},
  author={Liu, Chaodie and Nie, Feiping and Wang, Rong and Li, Xuelong},
  journal={IEEE Transactions on Fuzzy Systems},
  volume={31},
  number={6},
  pages={2044--2055},
  year={2022},
  publisher={IEEE}
}

@article{zhou2003learning,
  title={Learning with local and global consistency},
  author={Zhou, Dengyong and Bousquet, Olivier and Lal, Thomas and Weston, Jason and Sch{\"o}lkopf, Bernhard},
  journal={Advances in neural information processing systems},
  volume={16},
  year={2003}
}

@article{lovasz1993random,
  title={Random walks on graphs},
  author={Lov{\'a}sz, L{\'a}szl{\'o}},
  journal={Combinatorics, Paul erdos is eighty},
  volume={2},
  number={1-46},
  pages={4},
  year={1993}
}

@article{calamai1987projected,
  title={Projected gradient methods for linearly constrained problems},
  author={Calamai, Paul H and Mor{\'e}, Jorge J},
  journal={Mathematical programming},
  volume={39},
  number={1},
  pages={93--116},
  year={1987},
  publisher={Springer}
}

@article{hull1994database,
  title={A database for handwritten text recognition research},
  author={Hull, Jonathan J.},
  journal={IEEE Transactions on pattern analysis and machine intelligence},
  volume={16},
  number={5},
  pages={550--554},
  year={1994},
  publisher={IEEE}
}

@article{bai2022self,
  title={Self-constrained spectral clustering},
  author={Bai, Liang and Liang, Jiye and Zhao, Yunxiao},
  journal={IEEE Transactions on Pattern Analysis and Machine Intelligence},
  volume={45},
  number={4},
  pages={5126--5138},
  year={2022},
  publisher={IEEE}
}

@inproceedings{von2012clustering,
  title={Clustering: Science or art?},
  author={Von Luxburg, Ulrike and Williamson, Robert C and Guyon, Isabelle},
  booktitle={Proceedings of ICML workshop on unsupervised and transfer learning},
  pages={65--79},
  year={2012},
  organization={JMLR Workshop and Conference Proceedings}
}

@inproceedings{aggarwal2004framework,
  title={A framework for projected clustering of high dimensional data streams},
  author={Aggarwal, Charu C and Han, Jiawei and Wang, Jianyong and Yu, Philip S},
  booktitle={Proceedings of the Thirtieth international conference on Very large data bases-Volume 30},
  pages={852--863},
  year={2004}
}

@inproceedings{yang2017towards,
  title={Towards k-means-friendly spaces: Simultaneous deep learning and clustering},
  author={Yang, Bo and Fu, Xiao and Sidiropoulos, Nicholas D and Hong, Mingyi},
  booktitle={international conference on machine learning},
  pages={3861--3870},
  year={2017},
  organization={PMLR}
}

@article{nie2021coordinate,
  title={Coordinate descent method for $ k $ k-means},
  author={Nie, Feiping and Xue, Jingjing and Wu, Danyang and Wang, Rong and Li, Hui and Li, Xuelong},
  journal={IEEE Transactions on Pattern Analysis and Machine Intelligence},
  volume={44},
  number={5},
  pages={2371--2385},
  year={2021},
  publisher={IEEE}
}

@article{nie2022effective,
  title={An effective and efficient algorithm for K-means clustering with new formulation},
  author={Nie, Feiping and Li, Ziheng and Wang, Rong and Li, Xuelong},
  journal={IEEE Transactions on Knowledge and Data Engineering},
  volume={35},
  number={4},
  pages={3433--3443},
  year={2022},
  publisher={IEEE}
}

@article{bradley2000constrained,
  title={Constrained k-means clustering},
  author={Bradley, Paul S and Bennett, Kristin P and Demiriz, Ayhan},
  journal={Microsoft Research, Redmond},
  volume={20},
  number={0},
  pages={0},
  year={2000}
}

@article{gu2017fuzzy,
  title={Fuzzy double c-means clustering based on sparse self-representation},
  author={Gu, Jing and Jiao, Licheng and Yang, Shuyuan and Liu, Fang},
  journal={IEEE Transactions on Fuzzy Systems},
  volume={26},
  number={2},
  pages={612--626},
  year={2017},
  publisher={IEEE}
}

@article{bai2022self,
  title={Self-constrained spectral clustering},
  author={Bai, Liang and Liang, Jiye and Zhao, Yunxiao},
  journal={IEEE Transactions on Pattern Analysis and Machine Intelligence},
  volume={45},
  number={4},
  pages={5126--5138},
  year={2022},
  publisher={IEEE}
}

@techreport{arthur2006k,
  title={k-means++: The advantages of careful seeding},
  author={Arthur, David and Vassilvitskii, Sergei},
  year={2006},
  institution={Stanford}
}

@book{klir1995fuzzy,
  title={Fuzzy sets and fuzzy logic},
  author={Klir, George and Yuan, Bo},
  volume={4},
  year={1995},
  publisher={Prentice hall New Jersey}
}

@article{krishnapuram1993possibilistic,
  title={A possibilistic approach to clustering},
  author={Krishnapuram, Raghuram and Keller, James M},
  journal={IEEE transactions on fuzzy systems},
  volume={1},
  number={2},
  pages={98--110},
  year={1993},
  publisher={IEEE}
}

@inproceedings{pal1997mixed,
  title={A mixed c-means clustering model},
  author={Pal, Nikhil R and Pal, Kuhu and Bezdek, James C},
  booktitle={Proceedings of 6th international fuzzy systems conference},
  volume={1},
  pages={11--21},
  year={1997},
  organization={IEEE}
}

@article{pal2005possibilistic,
  title={A possibilistic fuzzy c-means clustering algorithm},
  author={Pal, Nikhil R and Pal, Kuhu and Keller, James M and Bezdek, James C},
  journal={IEEE transactions on fuzzy systems},
  volume={13},
  number={4},
  pages={517--530},
  year={2005},
  publisher={IEEE}
}

@article{ahmed2002modified,
  title={A modified fuzzy c-means algorithm for bias field estimation and segmentation of MRI data},
  author={Ahmed, Mohamed N and Yamany, Sameh M and Mohamed, Nevin and Farag, Aly A and Moriarty, Thomas},
  journal={IEEE transactions on medical imaging},
  volume={21},
  number={3},
  pages={193--199},
  year={2002},
  publisher={IEEE}
}

@article{nie2021fast,
  title={Fast fuzzy clustering based on anchor graph},
  author={Nie, Feiping and Liu, Chaodie and Wang, Rong and Wang, Zhen and Li, Xuelong},
  journal={IEEE Transactions on Fuzzy Systems},
  volume={30},
  number={7},
  pages={2375--2387},
  year={2021},
  publisher={IEEE}
}

@article{tang2023knowledge,
  title={Knowledge-induced multiple kernel fuzzy clustering},
  author={Tang, Yiming and Pan, Zhifu and Hu, Xianghui and Pedrycz, Witold and Chen, Renhao},
  journal={IEEE Transactions on Pattern Analysis and Machine Intelligence},
  year={2023},
  publisher={IEEE}
}

@article{bai2018ensemble,
  title={An ensemble clusterer of multiple fuzzy $ k $-means clusterings to recognize arbitrarily shaped clusters},
  author={Bai, Liang and Liang, Jiye and Guo, Yike},
  journal={IEEE Transactions on Fuzzy Systems},
  volume={26},
  number={6},
  pages={3524--3533},
  year={2018},
  publisher={IEEE}
}

@article{li2023fuzzy,
  title={Fuzzy Ensemble Clustering Based on Self-Coassociation and Prototype Propagation},
  author={Li, Feijiang and Wang, Jieting and Qian, Yuhua and Liu, Guoqing and Wang, Keqi},
  journal={IEEE Transactions on Fuzzy Systems},
  volume={31},
  number={10},
  pages={3610--3623},
  year={2023},
  publisher={IEEE}
}

@inproceedings{deng2009imagenet,
  title={Imagenet: A large-scale hierarchical image database},
  author={Deng, Jia and Dong, Wei and Socher, Richard and Li, Li-Jia and Li, Kai and Fei-Fei, Li},
  booktitle={2009 IEEE conference on computer vision and pattern recognition},
  pages={248--255},
  year={2009},
  organization={Ieee}
}

@article{murtagh2012algorithms,
  title={Algorithms for hierarchical clustering: an overview},
  author={Murtagh, Fionn and Contreras, Pedro},
  journal={Wiley Interdisciplinary Reviews: Data Mining and Knowledge Discovery},
  volume={2},
  number={1},
  pages={86--97},
  year={2012},
  publisher={Wiley Online Library}
}


@article{schubert2017dbscan,
  title={DBSCAN revisited, revisited: why and how you should (still) use DBSCAN},
  author={Schubert, Erich and Sander, J{\"o}rg and Ester, Martin and Kriegel, Hans Peter and Xu, Xiaowei},
  journal={ACM Transactions on Database Systems (TODS)},
  volume={42},
  number={3},
  pages={1--21},
  year={2017},
  publisher={Acm New York, NY, USA}
}

@article{bai2020new,
  title={New label propagation algorithm with pairwise constraints},
  author={Bai, Liang and Wang, Junbin and Liang, Jiye and Du, Hangyuan},
  journal={Pattern Recognition},
  volume={106},
  pages={107411},
  year={2020},
  publisher={Elsevier}
}

