@article{bai2022self,
  title={Self-constrained spectral clustering},
  author={Bai, Liang and Liang, Jiye and Zhao, Yunxiao},
  journal={IEEE Transactions on Pattern Analysis and Machine Intelligence},
  volume={45},
  number={4},
  pages={5126--5138},
  year={2022},
  publisher={IEEE}
}

@article{bezdek1984fcm,
	title={FCM: The fuzzy c-means clustering algorithm},
	author={Bezdek, James C and Ehrlich, Robert and Full, William},
	journal={Computers \& geosciences},
	volume={10},
	number={2-3},
	pages={191--203},
	year={1984},
	publisher={Elsevier}
}

@article{pei2022centerless,
	title={Centerless Clustering},
	author={Pei, Shenfei and Chen, Huimin and Nie, Feiping and Wang, Rong and Li, Xuelong},
	journal={IEEE Transactions on Pattern Analysis and Machine Intelligence},
	volume={45},
	number={1},
	pages={167--181},
	year={2022},
	publisher={IEEE}
}

@InProceedings{yan2024pac,
title={Deep Online Probability Aggregation Clustering},
author={Yan, Yuxuan and Lu, Na and Yan, Ruofan},
booktitle={Proceedings of the European Conference on Computer Vision},
year="2024",
}

