@INPROCEEDINGS{SVAE,
  author={Huang, Dou and Song, Xuan and Fan, Zipei and Jiang, Renhe and Shibasaki, Ryosuke and Zhang, Yu and Wang, Haizhong and Kato, Yugo},
  booktitle={Proceedings of the 2nd {IEEE} Conference on Multimedia Information Processing and Retrieval}, 
  title={A Variational Autoencoder Based Generative Model of Urban Human Mobility}, 
  year={2019},
  pages={425-430}
}

@inproceedings{Seq2Seq,
  title={Sequence-to-Sequence Prediction of Vehicle Trajectory via LSTM Encoder-Decoder Architecture},
  author={Park, Seong Hyeon and Kim, ByeongDo and Kang, Chang Mook and Chung, Chung Choo and Choi, Jun Won},
  booktitle={2018 IEEE Intelligent Vehicles Symposium (IV)},
  pages={1672--1678},
  year={2018}
}

@inproceedings{SeqGAN,
  title={SeqGAN: Sequence Generative Adversarial Nets with Policy Gradient},
  author={Yu, Lantao and Zhang, Weinan and Wang, Jun and Yu, Yong},
  booktitle={Proceedings of the 31st AAAI Conference on Artificial Intelligence},
  volume={31},
  number={1},
  year={2017}
}

@inproceedings{difftraj,
  author={Zhu, Yuanshao and Ye, Yongchao and Zhang, Shiyao and Zhao, Xiangyu and Yu, James},
  title={DiffTraj: Generating GPS Trajectory with Diffusion Probabilistic Model},
  booktitle={Proceedings of 37th Conference on Neural Information Processing Systems},
  year={2023}
}

@article{epr_1,
  title={Returners and Explorers Dichotomy in Human Mobility},
  author={Pappalardo, Luca and Simini, Filippo and Rinzivillo, Salvatore and Pedreschi, Dino and Giannotti, Fosca and Barab{\'a}si, Albert-L{\'a}szl{\'o}},
  journal={Nature Communications},
  volume={6},
  number={1},
  pages={8166},
  year={2015},
  publisher={Nature Publishing Group UK London}
}

@article{epr_2,
  title={Human Mobility Modelling: Exploration and Preferential Return Meet the Gravity Model},
  author={Pappalardo, Luca and Rinzivillo, Salvatore and Simini, Filippo},
  journal={Procedia Computer Science},
  volume={83},
  pages={934--939},
  year={2016},
  publisher={Elsevier}
}

@article{gravity_1946,
  title={The P1*P2/D Hypothesis: On the Intercity Movement of Persons},
  author={Zipf, George Kingsley},
  journal={American sociological review},
  volume={11},
  number={6},
  pages={677--686},
  year={1946},
  publisher={JSTOR}
}

@inproceedings{he2020human,
  title={What Is the Human Mobility in a New City: Transfer Mobility Knowledge Across Cities},
  author={He, Tianfu and Bao, Jie and Li, Ruiyuan and Ruan, Sijie and Li, Yanhua and Song, Li and He, Hui and Zheng, Yu},
  booktitle={Proceedings of the 29th Web Conference},
  pages={1355--1365},
  year={2020}
}

@article{interventing,
  title={Intervening Opportunities: A Theory Relating Mobility and Distance},
  author={Stouffer, Samuel A},
  journal={American Sociological Review},
  volume={5},
  number={6},
  pages={845--867},
  year={1940},
  publisher={JSTOR}
}

@inproceedings{jin2022selective,
  title={Selective Cross-City Transfer Learning for Traffic Prediction via Source City Region Re-Weighting},
  author={Jin, Yilun and Chen, Kai and Yang, Qiang},
  booktitle={Proceedings of the 28th ACM SIGKDD Conference on Knowledge Discovery and Data Mining},
  pages={731--741},
  year={2022}
}

@inproceedings{predji2023spatio,
  title={Spatio-temporal Self-supervised Learning for Traffic Flow Prediction},
  author={Ji, Jiahao and Wang, Jingyuan and Huang, Chao and Wu, Junjie and Xu, Boren and Wu, Zhenhe and Zhang, Junbo and Zheng, Yu},
  booktitle={Proceedings of the AAAI Conference on Artificial Intelligence},
  volume={37},
  number={4},
  pages={4356--4364},
  year={2023}
}

@inproceedings{predjiang2023pdformer,
  title={PDFormer: Propagation Delay-aware Dynamic Long-range Transformer for Traffic Flow Prediction},
  author={Jiang, Jiawei and Han, Chengkai and Zhao, Wayne Xin and Wang, Jingyuan},
  booktitle={Proceedings of the AAAI Conference on Artificial Intelligence},
  volume={37},
  number={4},
  pages={4365--4373},
  year={2023}
}

@article{predwang2022traffic,
  title={Traffic Flow Prediction Based on Spatiotemporal Potential Energy Fields},
  author={Wang, Jingyuan and Ji, Jiahao and Jiang, Zhe and Sun, Leilei},
  journal={IEEE Transactions on Knowledge and Data Engineering},
  volume={35},
  number={9},
  pages={9073--9087},
  year={2022},
  publisher={IEEE}
}

@inproceedings{ts_trajgen,
  title={Continuous Trajectory Generation Based on Two-stage GAN},
  author={Jiang, Wenjun and Zhao, Wayne Xin and Wang, Jingyuan and Jiang, Jiawei},
  booktitle={Proceedings of the AAAI Conference on Artificial Intelligence},
  volume={37},
  number={4},
  pages={4374--4382},
  year={2023}
}

@inproceedings{volunteer,
  title={Practical synthetic human trajectories generation based on variational point processes},
  author={Long, Qingyue and Wang, Huandong and Li, Tong and Huang, Lisi and Wang, Kun and Wu, Qiong and Li, Guangyu and Liang, Yanping and Yu, Li and Li, Yong},
  booktitle={Proceedings of the 29th ACM SIGKDD Conference on Knowledge Discovery and Data Mining},
  pages={4561--4571},
  year={2023}
}

@article{wang2018cross,
  title={Cross-City Transfer Learning for Deep Spatio-Temporal Prediction},
  author={Wang, Leye and Geng, Xu and Ma, Xiaojuan and Liu, Feng and Yang, Qiang},
  journal={ArXiv Preprint arXiv:1802.00386},
  year={2018}
}

