@article{inductive_gcn,
  title={Inductive Representation Learning on Large Graphs},
  author={Hamilton, Will and Ying, Zhitao and Leskovec, Jure},
  journal={Advances in Neural Information Processing Systems},
  volume={30},
  year={2017}
}

# ITS
@inproceedings{wu2019learning,
  title={Learning to Effectively Estimate the Travel Time for Fastest Route Recommendation},
  author={Wu, Ning and Wang, Jingyuan and Zhao, Wayne Xin and Jin, Yang},
  booktitle={Proceedings of the 28th ACM International Conference on Information and Knowledge Management},
  year={2019}
}

@inproceedings{liu2024full,
  title={Full Bayesian Significance Testing for Neural Networks in Traffic Forecasting},
  author={Liu, Zehua and Wang, Jingyuan and Li, Zimeng and He, Yue},
  booktitle={Proceedings of the 33rd International Joint Conference on Artificial Intelligence},
  year={2024}
}

# smart city
@article{hettige2024airphynet,
  title={AirPhyNet: Harnessing Physics-Guided Neural Networks for Air Quality Prediction},
  author={Hettige, Kethmi Hirushini and Ji, Jiahao and Xiang, Shili and Long, Cheng and Cong, Gao and Wang, Jingyuan},
  journal={arXiv preprint arXiv:2402.03784},
  year={2024}
}

@inproceedings{ji2022precision,
  title={Precision CityShield Against Hazardous Chemicals Threats via Location Mining and Self-supervised Learning},
  author={Ji, Jiahao and Wang, Jingyuan and Wu, Junjie and Han, Boyang and Zhang, Junbo and Zheng, Yu},
  booktitle={Proceedings of the 28th ACM SIGKDD Conference on Knowledge Discovery and Data Mining},
  year={2022}
}

# LBS
@inproceedings{lbs2018,
  title={Inferring Metapopulation Propagation Network for Intra-city Epidemic Control and Prevention},
  author={Wang, Jingyuan and Wang, Xiaojian and Wu, Junjie},
  booktitle={Proceedings of the 24th ACM SIGKDD international conference on knowledge discovery and data mining},
  year={2018}
}

@article{lbs2021dgeye,
  title={DGeye: Probabilistic Risk Perception and Prediction for Urban Dangerous Goods Management},
  author={Wang, Jingyuan and Lin, Xin and Zuo, Yuan and Wu, Junjie},
  journal={ACM Transactions on Information Systems (TOIS)},
  volume={39},
  number={3},
  pages={1--30},
  year={2021},
  publisher={ACM New York, NY}
}


# shortest path preference 
@inproceedings{pref2019,
  title={Empowering A* Search Algorithms with Neural Networks for Personalized Route Recommendation},
  author={Wang, Jingyuan and Wu, Ning and Zhao, Wayne Xin and Peng, Fanzhang and Lin, Xin},
  booktitle={Proceedings of the 25th ACM SIGKDD International Conference on Knowledge Discovery and Data Mining},
  pages={539--547},
  year={2019}
}

@article{pref2021,
  title={Personalized Route Recommendation with Neural Network Enhanced Search Algorithm},
  author={Wang, Jingyuan and Wu, Ning and Zhao, Wayne Xin},
  journal={IEEE Transactions on Knowledge and Data Engineering},
  volume={34},
  number={12},
  pages={5910--5924},
  year={2021},
  publisher={IEEE}
}

# traffic prediction
@inproceedings{predji2023spatio,
  title={Spatio-temporal Self-supervised Learning for Traffic Flow Prediction},
  author={Ji, Jiahao and Wang, Jingyuan and Huang, Chao and Wu, Junjie and Xu, Boren and Wu, Zhenhe and Zhang, Junbo and Zheng, Yu},
  booktitle={Proceedings of the AAAI Conference on Artificial Intelligence},
  volume={37},
  number={4},
  pages={4356--4364},
  year={2023}
}

@inproceedings{predjiang2023pdformer,
  title={PDFormer: Propagation Delay-aware Dynamic Long-range Transformer for Traffic Flow Prediction},
  author={Jiang, Jiawei and Han, Chengkai and Zhao, Wayne Xin and Wang, Jingyuan},
  booktitle={Proceedings of the AAAI Conference on Artificial Intelligence},
  volume={37},
  number={4},
  pages={4365--4373},
  year={2023}
}

@article{predwang2022traffic,
  title={Traffic Flow Prediction Based on Spatiotemporal Potential Energy Fields},
  author={Wang, Jingyuan and Ji, Jiahao and Jiang, Zhe and Sun, Leilei},
  journal={IEEE Transactions on Knowledge and Data Engineering},
  volume={35},
  number={9},
  pages={9073--9087},
  year={2022},
  publisher={IEEE}
}

# traj classification
@inproceedings{traj_clf_wang2018cd,
  title={CD-CNN: A Partially Supervised Cross-domain Deep Learning Model for Urban Resident Recognition},
  author={Wang, Jingyuan and He, Xu and Wang, Ze and Wu, Junjie and Yuan, Nicholas Jing and Xie, Xing and Xiong, Zhang},
  booktitle={Proceedings of the AAAI Conference on Artificial Intelligence},
  volume={32},
  number={1},
  year={2018}
}

# traj recovery
@article{traj_recover_wang2019deep,
  title={Deep Trajectory Recovery with Fine-grained Calibration using Kalman Filter},
  author={Wang, Jingyuan and Wu, Ning and Lu, Xinxi and Zhao, Wayne Xin and Feng, Kai},
  journal={IEEE Transactions on Knowledge and Data Engineering},
  volume={33},
  number={3},
  pages={921--934},
  year={2019},
  publisher={IEEE}
}

# st management
@article{manage_chen2015efficient,
  title={Efficient Metric Indexing for Similarity Search and Similarity Joins},
  author={Chen, Lu and Gao, Yunjun and Li, Xinhan and Jensen, Christian S and Chen, Gang},
  journal={IEEE Transactions on Knowledge and Data Engineering},
  volume={29},
  number={3},
  pages={556--571},
  year={2017},
  publisher={IEEE}
}


@article{manage_ding2018ultraman,
  title={UlTraMan: A Unified Platform for Big Trajectory Data Management and Analytics},
  author={Ding, Xin and Chen, Lu and Gao, Yunjun and Jensen, Christian S and Bao, Hujun},
  journal={Proceedings of the VLDB Endowment},
  volume={11},
  number={7},
  pages={787--799},
  year={2018},
  publisher={VLDB Endowment}
}

@inproceedings{rideshare_chen2018price,
  title={Price-and-time-aware Dynamic Ridesharing},
  author={Chen, Lu and Zhong, Qilu and Xiao, Xiaokui and Gao, Yunjun and Jin, Pengfei and Jensen, Christian S},
  booktitle={Proceedings of the 34th International Conference on Data Engineering},
  pages={1061--1072},
  year={2018},
  organization={IEEE}
}

@article{traj_chen2019real,
  title={Real-time Distributed Co-movement Pattern Detection on Streaming Trajectories},
  author={Chen, Lu and Gao, Yunjun and Fang, Ziquan and Miao, Xiaoye and Jensen, Christian S and Guo, Chenjuan},
  journal={Proceedings of the VLDB Endowment},
  volume={12},
  number={10},
  pages={1208--1220},
  year={2019},
  publisher={VLDB Endowment}
}

# generation 
@article{gravity_1946,
  title={The P1*P2/D Hypothesis: On the Intercity Movement of Persons},
  author={Zipf, George Kingsley},
  journal={American sociological review},
  volume={11},
  number={6},
  pages={677--686},
  year={1946},
  publisher={JSTOR}
}

@article{interventing,
  title={Intervening Opportunities: A Theory Relating Mobility and Distance},
  author={Stouffer, Samuel A},
  journal={American Sociological Review},
  volume={5},
  number={6},
  pages={845--867},
  year={1940},
  publisher={JSTOR}
}

@article{epr_1,
  title={Returners and Explorers Dichotomy in Human Mobility},
  author={Pappalardo, Luca and Simini, Filippo and Rinzivillo, Salvatore and Pedreschi, Dino and Giannotti, Fosca and Barab{\'a}si, Albert-L{\'a}szl{\'o}},
  journal={Nature Communications},
  volume={6},
  number={1},
  pages={8166},
  year={2015},
  publisher={Nature Publishing Group UK London}
}

@article{epr_2,
  title={Human Mobility Modelling: Exploration and Preferential Return Meet the Gravity Model},
  author={Pappalardo, Luca and Rinzivillo, Salvatore and Simini, Filippo},
  journal={Procedia Computer Science},
  volume={83},
  pages={934--939},
  year={2016},
  publisher={Elsevier}
}

@inproceedings{node2vec,
  title={Node2Vec: Scalable Feature Learning for Networks},
  author={Grover, Aditya and Leskovec, Jure},
  booktitle={Proceedings of the 22nd ACM SIGKDD International Conference on Knowledge Discovery and Data Mining},
  pages={855--864},
  year={2016}
}

@inproceedings{markov,
  title={Next Place Prediction Using Mobility Markov Chains},
  author={Gambs, S{\'e}bastien and Killijian, Marc-Olivier and del Prado Cortez, Miguel N{\'u}{\~n}ez},
  booktitle={Proceedings of the 1st Workshop on Measurement, Privacy, and Mobility},
  pages={1--6},
  year={2012}
}

@inproceedings{ts_trajgen,
  title={Continuous Trajectory Generation Based on Two-stage GAN},
  author={Jiang, Wenjun and Zhao, Wayne Xin and Wang, Jingyuan and Jiang, Jiawei},
  booktitle={Proceedings of the AAAI Conference on Artificial Intelligence},
  volume={37},
  number={4},
  pages={4374--4382},
  year={2023}
}

@inproceedings{GATv2,
  author       = {Shaked Brody and
                  Uri Alon and
                  Eran Yahav},
  title        = {How Attentive are Graph Attention Networks?},
  booktitle    = {Proceedings of the 10th International Conference on Learning Representations},
  year         = {2022},
}

@inproceedings{GAT,
    title={Graph Attention Networks},
    author={Petar Veličković and Guillem Cucurull and Arantxa Casanova and Adriana Romero and Pietro Liò and Yoshua Bengio},
    booktitle={Proceedings of the 6th International Conference on Learning Representations},
    year={2018},
}

@article{libcitylong,
  title={Towards Efficient and Comprehensive Urban Spatial-Temporal Prediction: A Unified Library and Performance Benchmark}, 
  author={Jingyuan Wang and Jiawei Jiang and Wenjun Jiang and Chengkai Han and Wayne Xin Zhao},
  journal={arXiv preprint arXiv:2304.14343},
  year={2023}
}

@inproceedings{trajgen,
  title={Generating Mobility Trajectories with Retained Data Utility},
  author={Cao, Chu and Li, Mo},
  booktitle={Proceedings of the 27th ACM SIGKDD Conference on Knowledge Discovery and Data Mining},
  pages={2610--2620},
  year={2021}
}

@INPROCEEDINGS{SVAE,
  author={Huang, Dou and Song, Xuan and Fan, Zipei and Jiang, Renhe and Shibasaki, Ryosuke and Zhang, Yu and Wang, Haizhong and Kato, Yugo},
  booktitle={Proceedings of the 2nd {IEEE} Conference on Multimedia Information Processing and Retrieval}, 
  title={A Variational Autoencoder Based Generative Model of Urban Human Mobility}, 
  year={2019},
  pages={425-430}
}

@inproceedings{MoveSim,
  title={Learning to Simulate Human Mobility},
  author={Feng, Jie and Yang, Zeyu and Xu, Fengli and Yu, Haisu and Wang, Mudan and Li, Yong},
  booktitle={Proceedings of the 26th ACM SIGKDD International Conference on Knowledge Discovery and Data Mining},
  pages={3426--3433},
  year={2020}
}

@article{fmm,
  author = {Can Yang and Gyozo Gidofalvi},
  title = {Fast Map Matching, an Algorithm Integrating Hidden Markov Model with Precomputation},
  journal = {International Journal of Geographical Information Science},
  volume = {32},
  number = {3},
  pages = {547-570},
  year  = {2018},
  publisher = {Taylor and Francis}
}

@inproceedings{SeqGAN,
  title={SeqGAN: Sequence Generative Adversarial Nets with Policy Gradient},
  author={Yu, Lantao and Zhang, Weinan and Wang, Jun and Yu, Yong},
  booktitle={Proceedings of the 31st AAAI Conference on Artificial Intelligence},
  volume={31},
  number={1},
  year={2017}
}

@inproceedings{LSTPM,
  title={Where to Go Next: Modeling Long-and short-term User Preferences for Point-of-interest Recommendation},
  author={Sun, Ke and Qian, Tieyun and Chen, Tong and Liang, Yile and Nguyen, Quoc Viet Hung and Yin, Hongzhi},
  booktitle={Proceedings of the AAAI Conference on Artificial Intelligence},
  volume={34},
  number={01},
  pages={214--221},
  year={2020}
}

@inproceedings{DeepMove,
  title={DeepMove: Predicting Human Mobility with Attentional Recurrent Networks},
  author={Feng, Jie and Li, Yong and Zhang, Chao and Sun, Funing and Meng, Fanchao and Guo, Ang and Jin, Depeng},
  booktitle={Proceedings of the 2018 World Wide Web Conference},
  pages={1459--1468},
  year={2018}
}

@inproceedings{libcity,
  title={LibCity: An Open Library for Traffic Prediction},
  author={Wang, Jingyuan and Jiang, Jiawei and Jiang, Wenjun and Li, Chao and Zhao, Wayne Xin},
  booktitle={Proceedings of the 29th International Conference on Advances in Geographic Information Systems},
  pages={145--148},
  year={2021}
}

@inproceedings{difftraj,
  author={Zhu, Yuanshao and Ye, Yongchao and Zhang, Shiyao and Zhao, Xiangyu and Yu, James},
  title={DiffTraj: Generating GPS Trajectory with Diffusion Probabilistic Model},
  booktitle={Proceedings of 37th Conference on Neural Information Processing Systems},
  year={2023}
}

@inproceedings{volunteer,
  title={Practical synthetic human trajectories generation based on variational point processes},
  author={Long, Qingyue and Wang, Huandong and Li, Tong and Huang, Lisi and Wang, Kun and Wu, Qiong and Li, Guangyu and Liang, Yanping and Yu, Li and Li, Yong},
  booktitle={Proceedings of the 29th ACM SIGKDD Conference on Knowledge Discovery and Data Mining},
  pages={4561--4571},
  year={2023}
}

@article{kong2023mobility,
  title={Mobility Trajectory Generation: a Survey},
  author={Kong, Xiangjie and Chen, Qiao and Hou, Mingliang and Wang, Hui and Xia, Feng},
  journal={Artificial Intelligence Review},
  volume={56},
  number={Suppl 3},
  pages={3057--3098},
  year={2023},
  publisher={Springer}
}

@article{max_ent,
  title={Maximum Entropy Deep Inverse Reinforcement Learning},
  author={Wulfmeier, Markus and Ondruska, Peter and Posner, Ingmar},
  journal={ArXiv Preprint arXiv:1507.04888},
  year={2015}
}

@inproceedings{Seq2Seq,
  title={Sequence-to-Sequence Prediction of Vehicle Trajectory via LSTM Encoder-Decoder Architecture},
  author={Park, Seong Hyeon and Kim, ByeongDo and Kang, Chang Mook and Chung, Chung Choo and Choi, Jun Won},
  booktitle={2018 IEEE Intelligent Vehicles Symposium (IV)},
  pages={1672--1678},
  year={2018}
}


@inproceedings{ClusterGCN,
  title={Cluster-GCN: An efficient algorithm for training deep and large graph convolutional networks},
  author={Chiang, Wei-Lin and Liu, Xuanqing and Si, Si and Li, Yang and Bengio, Samy and Hsieh, Cho-Jui},
  booktitle={Proceedings of the 25th ACM SIGKDD International Conference on Knowledge Discovery and Data Mining},
  pages={257--266},
  year={2019}
}

@article{metis,
  title={METIS: A Software Package for Partitioning Unstructured Graphs, Partitioning Meshes, and Computing Fill-Reducing Orderings of Sparse Matrices},
  author={Karypis, George and Kumar, Vipin},
  year={1997}
}

@inproceedings{disent_ijcai,
  title={Learning Disentangled Semantic Representation for Domain Adaptation},
  author={Cai, Ruichu and Li, Zijian and Wei, Pengfei and Qiao, Jie and Zhang, Kun and Hao, Zhifeng},
  booktitle={Proceedings of the 33rd International Joint Conference on Artificial Intelligence},
  pages={2060},
  year={2019},
  organization={NIH Public Access}
}

@inproceedings{ziebart2008maximum,
  title={Maximum Entropy Inverse Reinforcement Learning},
  author={Ziebart, Brian D and Maas, Andrew L and Bagnell, J Andrew and Dey, Anind K and others},
  booktitle={AAAI},
  volume={8},
  pages={1433--1438},
  year={2008},
  organization={Chicago, IL, USA}
}


@inproceedings{ranknet,
  title={Learning to Rank Using Gradient Descent},
  author={Burges, Chris and Shaked, Tal and Renshaw, Erin and Lazier, Ari and Deeds, Matt and Hamilton, Nicole and Hullender, Greg},
  booktitle={Proceedings of the 22nd International Conference on Machine Learning},
  pages={89--96},
  year={2005}
}


@article{hillier1976space,
  title={Space Syntax},
  author={Hillier, Bill and Leaman, Adrian and Stansall, Paul and Bedford, Michael},
  journal={Environment and Planning B: Planning and design},
  volume={3},
  number={2},
  pages={147--185},
  year={1976},
  publisher={SAGE Publications Sage UK: London, England}
}

@misc{OpenStreetMap,
    author = {{OpenStreetMap contributors}},
    title = {{Planet Dump Retrieved from https://planet.osm.org }},
    howpublished = "\url{ https://www.openstreetmap.org }",
    year = {2017},
}

@article{wang2018cross,
  title={Cross-City Transfer Learning for Deep Spatio-Temporal Prediction},
  author={Wang, Leye and Geng, Xu and Ma, Xiaojuan and Liu, Feng and Yang, Qiang},
  journal={ArXiv Preprint arXiv:1802.00386},
  year={2018}
}

@inproceedings{jin2022selective,
  title={Selective Cross-City Transfer Learning for Traffic Prediction via Source City Region Re-Weighting},
  author={Jin, Yilun and Chen, Kai and Yang, Qiang},
  booktitle={Proceedings of the 28th ACM SIGKDD Conference on Knowledge Discovery and Data Mining},
  pages={731--741},
  year={2022}
}

@inproceedings{he2020human,
  title={What Is the Human Mobility in a New City: Transfer Mobility Knowledge Across Cities},
  author={He, Tianfu and Bao, Jie and Li, Ruiyuan and Ruan, Sijie and Li, Yanhua and Song, Li and He, Hui and Zheng, Yu},
  booktitle={Proceedings of the 29th Web Conference},
  pages={1355--1365},
  year={2020}
}

@inproceedings{yao2019learning,
  title={Learning from Multiple Cities: A Meta-learning Approach for Spatial-Temporal Prediction},
  author={Yao, Huaxiu and Liu, Yiding and Wei, Ying and Tang, Xianfeng and Li, Zhenhui},
  booktitle={The World Wide Web Conference},
  pages={2181--2191},
  year={2019}
}
