@INPROCEEDINGS{10160749,
  author={Hussaini, Somayeh and Milford, Michael and Fischer, Tobias},
  booktitle={2023 IEEE International Conference on Robotics and Automation (ICRA)}, 
  title={Ensembles of Compact, Region-specific \& Regularized Spiking Neural Networks for Scalable Place Recognition}, 
  year={2023},
  volume={},
  number={},
  pages={4200-4207},
  keywords={Location awareness;Costs;Scalability;Neurons;Benchmark testing;Hardware;Energy efficiency}}

@INPROCEEDINGS{7966177,
  author={Panda, Priyadarshini and Srinivasan, Gopalakrishnan and Roy, Kaushik},
  booktitle={2017 International Joint Conference on Neural Networks (IJCNN)}, 
  title={EnsembleSNN: Distributed assistive STDP learning for energy-efficient recognition in spiking neural networks}, 
  year={2017},
  volume={},
  number={},
  pages={2629-2635},
  keywords={Neurons;Training;Computer architecture;Biological neural networks;Neuromorphics;Pattern recognition;Energy efficiency;Spiking Neural Networks;Ensemble Learning;Energy-Efficiency;STDP;Unsupervised learning;Object Recognition}}

@INPROCEEDINGS{9308568,
  author={Elbrecht, Daniel and Kulkarni, Shruti R. and Parsa, Maryam and Mitchell, J. Parker and Schuman, Catherine D.},
  booktitle={2020 IEEE Symposium Series on Computational Intelligence (SSCI)}, 
  title={Evolving Ensembles of Spiking Neural Networks for Neuromorphic Systems}, 
  year={2020},
  volume={},
  number={},
  pages={1989-1994}}

@INPROCEEDINGS{9677845,
  author={Ali, Muhammad Ammar and Sahin, Yusuf and Özöğür-Akyüz, Süreyya and Unal, Gozde and Otar, Buse Cisil},
  booktitle={2021 13th International Conference on Electrical and Electronics Engineering (ELECO)}, 
  title={Tuning Accuracy-Diversity Trade-off in Neural Network Ensemble via Novel Entropy Loss Function}, 
  year={2021},
  volume={},
  number={},
  pages={365-368},}

@inproceedings{NEURIPS2020_b86e8d03,
 author = {Zhang, Shaofeng and Liu, Meng and Yan, Junchi},
 booktitle = {Advances in Neural Information Processing Systems},
 editor = {H. Larochelle and M. Ranzato and R. Hadsell and M.F. Balcan and H. Lin},
 pages = {16001--16011},
 publisher = {Curran Associates, Inc.},
 title = {The Diversified Ensemble Neural Network},
 volume = {33},
 year = {2020}
}

@inproceedings{RuanSMAIFD23,
  author={Yangjun Ruan and Saurabh Singh and Warren Richard Morningstar and Alexander A. Alemi and Sergey Ioffe and Ian Fischer and Joshua V. Dillon},
  title={Weighted Ensemble Self-Supervised Learning},
  year={2023},
  cdate={1672531200000},
  booktitle={ICLR},
}

@article{STBP,
  title={Spatio-temporal backpropagation for training high-performance spiking neural networks},
  author={Wu, Yujie and Deng, Lei and Li, Guoqi and Zhu, Jun and Shi, Luping},
  journal={Frontiers in neuroscience},
  volume={12},
  pages={331},
  year={2018},
  publisher={Frontiers Media SA}
}

@InProceedings{Shi_2024_CVPR,
    author    = {Shi, Xinyu and Hao, Zecheng and Yu, Zhaofei},
    title     = {SpikingResformer: Bridging ResNet and Vision Transformer in Spiking Neural Networks},
    booktitle = {Proceedings of the IEEE/CVF Conference on Computer Vision and Pattern Recognition (CVPR)},
    month     = {June},
    year      = {2024},
    pages     = {5610-5619}
}

@ARTICLE{TKS,
  author={Dong, Yiting and Zhao, Dongcheng and Zeng, Yi},
  journal={IEEE Transactions on Artificial Intelligence},
  title={Temporal Knowledge Sharing Enable Spiking Neural Network Learning From Past and Future}, 
  year={2024},
  volume={5},
  number={7},
  pages={3524-3534}}

@article{TSSD,
  title={Self-Distillation Learning Based on Temporal-Spatial Consistency for Spiking Neural Networks},
  author={Zuo, Lin and Ding, Yongqi and Jing, Mengmeng and Yang, Kunshan and Yu, Yunqian},
  journal={arXiv preprint arXiv:2406.07862},
  year={2024}
}

@article{allen2020towards,
  title={Towards understanding ensemble, knowledge distillation and self-distillation in deep learning},
  author={Allen-Zhu, Zeyuan and Li, Yuanzhi},
  journal={arXiv preprint arXiv:2012.09816},
  year={2020}
}

@article{ding2023improved,
  title={An improved probabilistic spiking neural network with enhanced discriminative ability},
  author={Ding, Yongqi and Zuo, Lin and Yang, Kunshan and Chen, Zhongshu and Hu, Jian and Xiahou, Tangfan},
  journal={Knowledge-Based Systems},
  volume={280},
  pages={111024},
  year={2023},
  publisher={Elsevier}
}

@inproceedings{furlanello2018born,
  title={Born again neural networks},
  author={Furlanello, Tommaso and Lipton, Zachary and Tschannen, Michael and Itti, Laurent and Anandkumar, Anima},
  booktitle={International conference on machine learning},
  pages={1607--1616},
  year={2018},
  organization={PMLR}
}

@inproceedings{guo2024ternary,
  title={Ternary spike: Learning ternary spikes for spiking neural networks},
  author={Guo, Yufei and Chen, Yuanpei and Liu, Xiaode and Peng, Weihang and Zhang, Yuhan and Huang, Xuhui and Ma, Zhe},
  booktitle={Proceedings of the AAAI Conference on Artificial Intelligence},
  volume={38},
  number={11},
  pages={12244--12252},
  year={2024}
}

@article{lee2022learning,
  title={Learning from Data with Noisy Labels Using Temporal Self-Ensemble},
  author={Lee, Jun Ho and Baik, Jae Soon and Hwang, Tae Hwan and Choi, Jun Won},
  journal={arXiv preprint arXiv:2207.10354},
  year={2022}
}

@misc{neculae2021ensemblesspikingneuralnetworks,
      title={Ensembles of Spiking Neural Networks}, 
      author={Georgiana Neculae and Oliver Rhodes and Gavin Brown},
      year={2021},
      eprint={2010.14619},
      archivePrefix={arXiv},
      primaryClass={cs.NE}}, 
}

@article{rokach2010ensemble,
  title={Ensemble-based classifiers},
  author={Rokach, Lior},
  journal={Artificial intelligence review},
  volume={33},
  pages={1--39},
  year={2010},
  publisher={Springer}
}

@article{rueckauer2017conversion,
  title={Conversion of continuous-valued deep networks to efficient event-driven networks for image classification},
  author={Rueckauer, Bodo and Lungu, Iulia-Alexandra and Hu, Yuhuang and Pfeiffer, Michael and Liu, Shih-Chii},
  journal={Frontiers in neuroscience},
  volume={11},
  pages={682},
  year={2017},
  publisher={Frontiers Media SA}
}

@InProceedings{temporalcontrastivelearningspiking,
author="Qiu, Haonan
and Song, Zeyin
and Chen, Yanqi
and Ning, Munan
and Fang, Wei
and Sun, Tao
and Ma, Zhengyu
and Yuan, Li
and Tian, Yonghong",
title="Temporal Contrastive Learning for Spiking Neural Networks",
booktitle="Artificial Neural Networks and Machine Learning -- ICANN 2024",
year="2024",
pages="422--436",
}

@article{tran2020hydra,
  title={Hydra: Preserving ensemble diversity for model distillation},
  author={Tran, Linh and Veeling, Bastiaan S and Roth, Kevin and Swiatkowski, Jakub and Dillon, Joshua V and Snoek, Jasper and Mandt, Stephan and Salimans, Tim and Nowozin, Sebastian and Jenatton, Rodolphe},
  journal={arXiv preprint arXiv:2001.04694},
  year={2020}
}

