@article{maass1997networks,
  title={Networks of spiking neurons: the third generation of neural network models},
  author={Maass, Wolfgang},
  journal={Neural networks},
  volume={10},
  number={9},
  pages={1659--1671},
  year={1997},
  publisher={Elsevier}
}

@inproceedings{
wang2024autaptic,
title={Autaptic Synaptic Circuit Enhances Spatio-temporal Predictive Learning of Spiking Neural Networks},
author={Lihao Wang and Zhaofei Yu},
booktitle={Forty-first International Conference on Machine Learning},
year={2024}}
}

@inproceedings{
chakraborty2024sparse,
title={Sparse Spiking Neural Network: Exploiting Heterogeneity in Timescales for Pruning Recurrent {SNN}},
author={Biswadeep Chakraborty and Beomseok Kang and Harshit Kumar and Saibal Mukhopadhyay},
booktitle={The Twelfth International Conference on Learning Representations},
year={2024}}
}

@inproceedings{
yao2024spikedriven,
title={Spike-driven Transformer V2: Meta Spiking Neural Network Architecture Inspiring the Design of Next-generation Neuromorphic Chips},
author={Man Yao and JiaKui Hu and Tianxiang Hu and Yifan Xu and Zhaokun Zhou and Yonghong Tian and Bo XU and Guoqi Li},
booktitle={The Twelfth International Conference on Learning Representations},
year={2024}}
}

@inproceedings{
yao2023spikedriven,
title={Spike-driven Transformer},
author={Man Yao and JiaKui Hu and Zhaokun Zhou and Li Yuan and Yonghong Tian and Bo XU and Guoqi Li},
booktitle={Thirty-seventh Conference on Neural Information Processing Systems},
year={2023}
}

@inproceedings{ding2024shrinking,
  title={Shrinking Your TimeStep: Towards Low-Latency Neuromorphic Object Recognition with Spiking Neural Networks},
  author={Ding, Yongqi and Zuo, Lin and Jing, Mengmeng and He, Pei and Xiao, Yongjun},
  booktitle={Proceedings of the AAAI Conference on Artificial Intelligence},
  volume={38},
  number={10},
  pages={11811--11819},
  year={2024}
}

@article{STBP,
  title={Spatio-temporal backpropagation for training high-performance spiking neural networks},
  author={Wu, Yujie and Deng, Lei and Li, Guoqi and Zhu, Jun and Shi, Luping},
  journal={Frontiers in neuroscience},
  volume={12},
  pages={331},
  year={2018},
  publisher={Frontiers Media SA}
}

@inproceedings{
bu2022optimal,
title={Optimal {ANN}-{SNN} Conversion for High-accuracy and Ultra-low-latency Spiking Neural Networks},
author={Tong Bu and Wei Fang and Jianhao Ding and PENGLIN DAI and Zhaofei Yu and Tiejun Huang},
booktitle={International Conference on Learning Representations},
year={2022}}
}

@inproceedings{
taylor2023addressing,
title={Addressing the speed-accuracy simulation trade-off for adaptive spiking neurons},
author={Luke Taylor and Andrew J King and Nicol Spencer Harper},
booktitle={Thirty-seventh Conference on Neural Information Processing Systems},
year={2023}}
}

@InProceedings{PLIF,
    author    = {Fang, Wei and Yu, Zhaofei and Chen, Yanqi and Masquelier, Timoth\'ee and Huang, Tiejun and Tian, Yonghong},
    title     = {Incorporating Learnable Membrane Time Constant To Enhance Learning of Spiking Neural Networks},
    booktitle = {Proceedings of the IEEE/CVF International Conference on Computer Vision (ICCV)},
    month     = {October},
    year      = {2021},
    pages     = {2661-2671}
}

@article{ding2023improved,
  title={An improved probabilistic spiking neural network with enhanced discriminative ability},
  author={Ding, Yongqi and Zuo, Lin and Yang, Kunshan and Chen, Zhongshu and Hu, Jian and Xiahou, Tangfan},
  journal={Knowledge-Based Systems},
  volume={280},
  pages={111024},
  year={2023},
  publisher={Elsevier}
}

@article{TRT,
  title={Temporal Reversed Training for Spiking Neural Networks with Generalized Spatio-Temporal Representation},
  author={Zuo, Lin and Ding, Yongqi and Luo, Wenwei and Jing, Mengmeng and Tian, Xianlong and Yang, Kunshan},
  journal={arXiv preprint arXiv:2408.09108},
  year={2024}
}

@InProceedings{Shi_2024_CVPR,
    author    = {Shi, Xinyu and Hao, Zecheng and Yu, Zhaofei},
    title     = {SpikingResformer: Bridging ResNet and Vision Transformer in Spiking Neural Networks},
    booktitle = {Proceedings of the IEEE/CVF Conference on Computer Vision and Pattern Recognition (CVPR)},
    month     = {June},
    year      = {2024},
    pages     = {5610-5619}
}

@article{rueckauer2017conversion,
  title={Conversion of continuous-valued deep networks to efficient event-driven networks for image classification},
  author={Rueckauer, Bodo and Lungu, Iulia-Alexandra and Hu, Yuhuang and Pfeiffer, Michael and Liu, Shih-Chii},
  journal={Frontiers in neuroscience},
  volume={11},
  pages={682},
  year={2017},
  publisher={Frontiers Media SA}
}

@article{TSSD,
  title={Self-Distillation Learning Based on Temporal-Spatial Consistency for Spiking Neural Networks},
  author={Zuo, Lin and Ding, Yongqi and Jing, Mengmeng and Yang, Kunshan and Yu, Yunqian},
  journal={arXiv preprint arXiv:2406.07862},
  year={2024}
}

@inproceedings{
deng2021optimal,
title={Optimal Conversion of Conventional Artificial Neural Networks to Spiking Neural Networks},
author={Shikuang Deng and Shi Gu},
booktitle={International Conference on Learning Representations},
year={2021}}
}

@inproceedings{
you2024spikeziptf,
title={Spike{ZIP}-{TF}: Conversion is All You Need for Transformer-based {SNN}},
author={kang you and Zekai Xu and Chen Nie and Zhijie Deng and Qinghai Guo and Xiang Wang and Zhezhi He},
booktitle={Forty-first International Conference on Machine Learning},
year={2024}}
}


@inproceedings{
hu2024highperformance,
title={High-Performance Temporal Reversible Spiking Neural Networks with \${\textbackslash}mathcal\{O\}(L)\$ Training Memory and \${\textbackslash}mathcal\{O\}(1)\$ Inference Cost},
author={JiaKui Hu and Man Yao and Xuerui Qiu and Yuhong Chou and Yuxuan Cai and Ning Qiao and Yonghong Tian and Bo XU and Guoqi Li},
booktitle={Forty-first International Conference on Machine Learning},
year={2024}}
}

@inproceedings{guo2024ternary,
  title={Ternary spike: Learning ternary spikes for spiking neural networks},
  author={Guo, Yufei and Chen, Yuanpei and Liu, Xiaode and Peng, Weihang and Zhang, Yuhan and Huang, Xuhui and Ma, Zhe},
  booktitle={Proceedings of the AAAI Conference on Artificial Intelligence},
  volume={38},
  number={11},
  pages={12244--12252},
  year={2024}
}

@article{rokach2010ensemble,
  title={Ensemble-based classifiers},
  author={Rokach, Lior},
  journal={Artificial intelligence review},
  volume={33},
  pages={1--39},
  year={2010},
  publisher={Springer}
}

@article{allen2020towards,
  title={Towards understanding ensemble, knowledge distillation and self-distillation in deep learning},
  author={Allen-Zhu, Zeyuan and Li, Yuanzhi},
  journal={arXiv preprint arXiv:2012.09816},
  year={2020}
}

@article{tran2020hydra,
  title={Hydra: Preserving ensemble diversity for model distillation},
  author={Tran, Linh and Veeling, Bastiaan S and Roth, Kevin and Swiatkowski, Jakub and Dillon, Joshua V and Snoek, Jasper and Mandt, Stephan and Salimans, Tim and Nowozin, Sebastian and Jenatton, Rodolphe},
  journal={arXiv preprint arXiv:2001.04694},
  year={2020}
}

@inproceedings{RuanSMAIFD23,
  author={Yangjun Ruan and Saurabh Singh and Warren Richard Morningstar and Alexander A. Alemi and Sergey Ioffe and Ian Fischer and Joshua V. Dillon},
  title={Weighted Ensemble Self-Supervised Learning},
  year={2023},
  cdate={1672531200000},
  booktitle={ICLR},
}

@article{lee2022learning,
  title={Learning from Data with Noisy Labels Using Temporal Self-Ensemble},
  author={Lee, Jun Ho and Baik, Jae Soon and Hwang, Tae Hwan and Choi, Jun Won},
  journal={arXiv preprint arXiv:2207.10354},
  year={2022}
}

@inproceedings{furlanello2018born,
  title={Born again neural networks},
  author={Furlanello, Tommaso and Lipton, Zachary and Tschannen, Michael and Itti, Laurent and Anandkumar, Anima},
  booktitle={International conference on machine learning},
  pages={1607--1616},
  year={2018},
  organization={PMLR}
}

@inproceedings{
ren2023spiking,
title={Spiking PointNet: Spiking Neural Networks for Point Clouds},
author={Dayong Ren and Zhe Ma and Yuanpei Chen and Weihang Peng and Xiaode Liu and Yuhan Zhang and Yufei Guo},
booktitle={Thirty-seventh Conference on Neural Information Processing Systems},
year={2023}}
}
@InProceedings{Meng_2023_ICCV,
    author    = {Meng, Qingyan and Xiao, Mingqing and Yan, Shen and Wang, Yisen and Lin, Zhouchen and Luo, Zhi-Quan},
    title     = {Towards Memory- and Time-Efficient Backpropagation for Training Spiking Neural Networks},
    booktitle = {Proceedings of the IEEE/CVF International Conference on Computer Vision (ICCV)},
    month     = {October},
    year      = {2023},
    pages     = {6166-6176}
}

@inproceedings{
huang2024clif,
title={{CLIF}: Complementary Leaky Integrate-and-Fire Neuron for Spiking Neural Networks},
author={Yulong Huang and Xiaopeng LIN and Hongwei Ren and Haotian FU and Yue Zhou and Zunchang LIU and biao pan and Bojun Cheng},
booktitle={Forty-first International Conference on Machine Learning},
year={2024}
}

@article{hinton2015distilling,
  title={Distilling the Knowledge in a Neural Network},
  author={Hinton, Geoffrey},
  journal={arXiv preprint arXiv:1503.02531},
  year={2015}
}

@misc{UNIC,
      title={UNIC: Universal Classification Models via Multi-teacher Distillation}, 
      author={Mert Bulent Sariyildiz and Philippe Weinzaepfel and Thomas Lucas and Diane Larlus and Yannis Kalantidis},
      year={2024},
      eprint={2408.05088},
      archivePrefix={arXiv},
      primaryClass={cs.CV}
}

@ARTICLE{CIFAR10-DVS,
AUTHOR={Li, Hongmin and Liu, Hanchao and Ji, Xiangyang and Li, Guoqi and Shi, Luping},   
TITLE={CIFAR10-DVS: An Event-Stream Dataset for Object Classification},     
JOURNAL={Frontiers in Neuroscience},      
VOLUME={11},           
YEAR={2017}}
}

@ARTICLE{N-Caltech101,
AUTHOR={Orchard, Garrick and Jayawant, Ajinkya and Cohen, Gregory K. and Thakor, Nitish},   
TITLE={Converting Static Image Datasets to Spiking Neuromorphic Datasets Using Saccades},      
JOURNAL={Frontiers in Neuroscience},      
VOLUME={9},           
YEAR={2015}}}

@INPROCEEDINGS{DVS-Gesture,
  author={Amir, Arnon and others},
  booktitle={2017 IEEE Conference on Computer Vision and Pattern Recognition (CVPR)}, 
  title={A Low Power, Fully Event-Based Gesture Recognition System}, 
  year={2017},
  volume={},
  number={},
  pages={7388-7397}}
  
  @article{eventmix,
  title={Eventmix: An efficient data augmentation strategy for event-based learning},
  author={Shen, Guobin and Zhao, Dongcheng and Zeng, Yi},
  journal={Information Sciences},
  volume={644},
  pages={119170},
  year={2023},
  publisher={Elsevier}
}

@inproceedings{NDA,
  title={Neuromorphic data augmentation for training spiking neural networks},
  author={Li, Yuhang and Kim, Youngeun and Park, Hyoungseob and Geller, Tamar and Panda, Priyadarshini},
  booktitle={European Conference on Computer Vision},
  pages={631--649},
  year={2022},
  organization={Springer}
}

@inproceedings{SLT,
  title={Enhancing Training of Spiking Neural Network with Stochastic Latency},
  author={Anumasa, Srinivas and Mukhoty, Bhaskar and Bojkovic, Velibor and De Masi, Giulia and Xiong, Huan and Gu, Bin},
  booktitle={Proceedings of the AAAI Conference on Artificial Intelligence},
  volume={38},
  number={10},
  pages={10900--10908},
  year={2024}
}

@inproceedings{
NDOT,
title={{NDOT}: Neuronal Dynamics-based Online Training for Spiking Neural Networks},
author={Haiyan Jiang and Giulia De Masi and Huan Xiong and Bin Gu},
booktitle={Forty-first International Conference on Machine Learning},
year={2024}
}


@InProceedings{Guo_2023_ICCV,
    author    = {Guo, Yufei and Liu, Xiaode and Chen, Yuanpei and Zhang, Liwen and Peng, Weihang and Zhang, Yuhan and Huang, Xuhui and Ma, Zhe},
    title     = {RMP-Loss: Regularizing Membrane Potential Distribution for Spiking Neural Networks},
    booktitle = {Proceedings of the IEEE/CVF International Conference on Computer Vision (ICCV)},
    month     = {October},
    year      = {2023},
    pages     = {17391-17401}
}

@ARTICLE{TCJA,
  author={Zhu, Rui-Jie and Zhang, Malu and Zhao, Qihang and Deng, Haoyu and Duan, Yule and Deng, Liang-Jian},
  journal={IEEE Transactions on Neural Networks and Learning Systems}, 
  title={TCJA-SNN: Temporal-Channel Joint Attention for Spiking Neural Networks}, 
  year={2024},
  volume={},
  number={},
  pages={1-14}}

@misc{TIM,
      title={TIM: An Efficient Temporal Interaction Module for Spiking Transformer}, 
      author={Sicheng Shen and Dongcheng Zhao and Guobin Shen and Yi Zeng},
      year={2024},
      eprint={2401.11687},
      archivePrefix={arXiv},
      primaryClass={cs.NE}
}

@misc{SWformer,
      title={Spiking Wavelet Transformer}, 
      author={Yuetong Fang and Ziqing Wang and Lingfeng Zhang and Jiahang Cao and Honglei Chen and Renjing Xu},
      year={2024},
      eprint={2403.11138},
      archivePrefix={arXiv},
      primaryClass={cs.NE}
}

@InProceedings{MST,
    author    = {Wang, Ziqing and Fang, Yuetong and Cao, Jiahang and Zhang, Qiang and Wang, Zhongrui and Xu, Renjing},
    title     = {Masked Spiking Transformer},
    booktitle = {Proceedings of the IEEE/CVF International Conference on Computer Vision (ICCV)},
    month     = {October},
    year      = {2023},
    pages     = {1761-1771}
}

@InProceedings{Xu_2023_CVPR,
    author    = {Xu, Qi and Li, Yaxin and Shen, Jiangrong and Liu, Jian K. and Tang, Huajin and Pan, Gang},
    title     = {Constructing Deep Spiking Neural Networks From Artificial Neural Networks With Knowledge Distillation},
    booktitle = {Proceedings of the IEEE/CVF Conference on Computer Vision and Pattern Recognition (CVPR)},
    month     = {June},
    year      = {2023},
    pages     = {7886-7895}
}


@article{guo2023joint,
  title={Joint a-snn: Joint training of artificial and spiking neural networks via self-distillation and weight factorization},
  author={Guo, Yufei and Peng, Weihang and Chen, Yuanpei and Zhang, Liwen and Liu, Xiaode and Huang, Xuhui and Ma, Zhe},
  journal={Pattern Recognition},
  volume={142},
  pages={109639},
  year={2023},
  publisher={Elsevier}
}

@ARTICLE{TKS,
  author={Dong, Yiting and Zhao, Dongcheng and Zeng, Yi},
  journal={IEEE Transactions on Artificial Intelligence},
  title={Temporal Knowledge Sharing Enable Spiking Neural Network Learning From Past and Future}, 
  year={2024},
  volume={5},
  number={7},
  pages={3524-3534}}

@InProceedings{temporalcontrastivelearningspiking,
author="Qiu, Haonan
and Song, Zeyin
and Chen, Yanqi
and Ning, Munan
and Fang, Wei
and Sun, Tao
and Ma, Zhengyu
and Yuan, Li
and Tian, Yonghong",
title="Temporal Contrastive Learning for Spiking Neural Networks",
booktitle="Artificial Neural Networks and Machine Learning -- ICANN 2024",
year="2024",
pages="422--436",
}

@inproceedings{zhang2024enhancing,
  title={Enhancing Representation of Spiking Neural Networks via Similarity-Sensitive Contrastive Learning},
  author={Zhang, Yuhan and Liu, Xiaode and Chen, Yuanpei and Peng, Weihang and Guo, Yufei and Huang, Xuhui and Ma, Zhe},
  booktitle={Proceedings of the AAAI Conference on Artificial Intelligence},
  volume={38},
  number={15},
  pages={16926--16934},
  year={2024}
}

@INPROCEEDINGS{10491173,
  author={Bahariasl, Yeganeh and Kheradpisheh, Saeed Reza},
  booktitle={2024 13th Iranian/3rd International Machine Vision and Image Processing Conference (MVIP)}, 
  title={Self-Supervised Contrastive Learning In Spiking Neural Networks}, 
  year={2024},
  volume={},
  number={},
  pages={1-5},}


@inproceedings{
TEBN,
title={Temporal Effective Batch Normalization in Spiking Neural Networks},
author={Chaoteng Duan and Jianhao Ding and Shiyan Chen and Zhaofei Yu and Tiejun Huang},
booktitle={Advances in Neural Information Processing Systems},
editor={Alice H. Oh and Alekh Agarwal and Danielle Belgrave and Kyunghyun Cho},
year={2022}
}

@inproceedings{NIPS2017_d8bf84be,
 author = {Qi, Charles Ruizhongtai and Yi, Li and Su, Hao and Guibas, Leonidas J},
 booktitle = {Advances in Neural Information Processing Systems},
 editor = {I. Guyon and U. Von Luxburg and S. Bengio and H. Wallach and R. Fergus and S. Vishwanathan and R. Garnett},
 publisher = {Curran Associates, Inc.},
 title = {PointNet++: Deep Hierarchical Feature Learning on Point Sets in a Metric Space},
 volume = {30},
 year = {2017}
}

@InProceedings{Lan_2023_ICCV,
    author    = {Lan, Yuxiang and Zhang, Yachao and Ma, Xu and Qu, Yanyun and Fu, Yun},
    title     = {Efficient Converted Spiking Neural Network for 3D and 2D Classification},
    booktitle = {Proceedings of the IEEE/CVF International Conference on Computer Vision (ICCV)},
    month     = {October},
    year      = {2023},
    pages     = {9211-9220}
}

@inproceedings{wu2024point,
  title={Point-to-Spike Residual Learning for Energy-Efficient 3D Point Cloud Classification},
  author={Wu, Qiaoyun and Zhang, Quanxiao and Tan, Chunyu and Zhou, Yun and Sun, Changyin},
  booktitle={Proceedings of the AAAI Conference on Artificial Intelligence},
  volume={38},
  number={6},
  pages={6092--6099},
  year={2024}
}

@InProceedings{Wu_2015_CVPR,
author = {Wu, Zhirong and Song, Shuran and Khosla, Aditya and Yu, Fisher and Zhang, Linguang and Tang, Xiaoou and Xiao, Jianxiong},
title = {3D ShapeNets: A Deep Representation for Volumetric Shapes},
booktitle = {Proceedings of the IEEE Conference on Computer Vision and Pattern Recognition (CVPR)},
month = {June},
year = {2015}
}

@inproceedings{
TAB,
title={{TAB}: Temporal Accumulated Batch Normalization in Spiking Neural Networks},
author={Haiyan Jiang and Vincent Zoonekynd and Giulia De Masi and Bin Gu and Huan Xiong},
booktitle={The Twelfth International Conference on Learning Representations},
year={2024}
}

@inproceedings{
zhou2023spikformer,
title={Spikformer: When Spiking Neural Network Meets Transformer },
author={Zhaokun Zhou and Yuesheng Zhu and Chao He and Yaowei Wang and Shuicheng YAN and Yonghong Tian and Li Yuan},
booktitle={The Eleventh International Conference on Learning Representations },
year={2023}
}

@inproceedings{he2024efficient,
  title={An Efficient Knowledge Transfer Strategy for Spiking Neural Networks from Static to Event Domain},
  author={He, Xiang and Zhao, Dongcheng and Li, Yang and Shen, Guobin and Kong, Qingqun and Zeng, Yi},
  booktitle={Proceedings of the AAAI Conference on Artificial Intelligence},
  volume={38},
  number={1},
  pages={512--520},
  year={2024}
}

@article{
SpikingJelly,
author = {Wei Fang  and Yanqi Chen  and Jianhao Ding  and Zhaofei Yu  and Timothée Masquelier  and Ding Chen  and Liwei Huang  and Huihui Zhou  and Guoqi Li  and Yonghong Tian },
title = {SpikingJelly: An open-source machine learning infrastructure platform for spike-based intelligence},
journal = {Science Advances},
volume = {9},
number = {40},
pages = {eadi1480},
year = {2023}}

@article{CIFAR,
  title={Learning multiple layers of features from tiny images},
  author={Krizhevsky, Alex and Hinton, Geoffrey and others},
  year={2009},
  publisher={Toronto, ON, Canada}
}

@INPROCEEDINGS{10160749,
  author={Hussaini, Somayeh and Milford, Michael and Fischer, Tobias},
  booktitle={2023 IEEE International Conference on Robotics and Automation (ICRA)}, 
  title={Ensembles of Compact, Region-specific \& Regularized Spiking Neural Networks for Scalable Place Recognition}, 
  year={2023},
  volume={},
  number={},
  pages={4200-4207},
  keywords={Location awareness;Costs;Scalability;Neurons;Benchmark testing;Hardware;Energy efficiency}}

@INPROCEEDINGS{7966177,
  author={Panda, Priyadarshini and Srinivasan, Gopalakrishnan and Roy, Kaushik},
  booktitle={2017 International Joint Conference on Neural Networks (IJCNN)}, 
  title={EnsembleSNN: Distributed assistive STDP learning for energy-efficient recognition in spiking neural networks}, 
  year={2017},
  volume={},
  number={},
  pages={2629-2635},
  keywords={Neurons;Training;Computer architecture;Biological neural networks;Neuromorphics;Pattern recognition;Energy efficiency;Spiking Neural Networks;Ensemble Learning;Energy-Efficiency;STDP;Unsupervised learning;Object Recognition}}

@misc{neculae2021ensemblesspikingneuralnetworks,
      title={Ensembles of Spiking Neural Networks}, 
      author={Georgiana Neculae and Oliver Rhodes and Gavin Brown},
      year={2021},
      eprint={2010.14619},
      archivePrefix={arXiv},
      primaryClass={cs.NE}}, 
}

@INPROCEEDINGS{9308568,
  author={Elbrecht, Daniel and Kulkarni, Shruti R. and Parsa, Maryam and Mitchell, J. Parker and Schuman, Catherine D.},
  booktitle={2020 IEEE Symposium Series on Computational Intelligence (SSCI)}, 
  title={Evolving Ensembles of Spiking Neural Networks for Neuromorphic Systems}, 
  year={2020},
  volume={},
  number={},
  pages={1989-1994}}

@article{PSN,
  title={Parallel spiking neurons with high efficiency and ability to learn long-term dependencies},
  author={Fang, Wei and Yu, Zhaofei and Zhou, Zhaokun and Chen, Ding and Chen, Yanqi and Ma, Zhengyu and Masquelier, Timoth{\'e}e and Tian, Yonghong},
  journal={Advances in Neural Information Processing Systems},
  volume={36},
  year={2023}
}

@article{fang2021deep,
  title={Deep residual learning in spiking neural networks},
  author={Fang, Wei and Yu, Zhaofei and Chen, Yanqi and Huang, Tiejun and Masquelier, Timoth{\'e}e and Tian, Yonghong},
  journal={Advances in Neural Information Processing Systems},
  volume={34},
  pages={21056--21069},
  year={2021}
}

@InProceedings{RecDis,
    author    = {Guo, Yufei and Tong, Xinyi and Chen, Yuanpei and Zhang, Liwen and Liu, Xiaode and Ma, Zhe and Huang, Xuhui},
    title     = {RecDis-SNN: Rectifying Membrane Potential Distribution for Directly Training Spiking Neural Networks},
    booktitle = {Proceedings of the IEEE/CVF Conference on Computer Vision and Pattern Recognition (CVPR)},
    month     = {June},
    year      = {2022},
    pages     = {326-335}
}

@article{SpikeYOLO,
  title={Integer-valued training and spike-driven inference spiking neural network for high-performance and energy-efficient object detection},
  author={Luo, Xinhao and Yao, Man and Chou, Yuhong and Xu, Bo and Li, Guoqi},
  journal={arXiv preprint arXiv:2407.20708},
  year={2024}
}

@inproceedings{spikingyolo,
  title={Spiking-yolo: spiking neural network for energy-efficient object detection},
  author={Kim, Seijoon and Park, Seongsik and Na, Byunggook and Yoon, Sungroh},
  booktitle={Proceedings of the AAAI conference on artificial intelligence},
  volume={34},
  number={07},
  pages={11270--11277},
  year={2020}
}

@InProceedings{EMSYOLO,
    author    = {Su, Qiaoyi and Chou, Yuhong and Hu, Yifan and Li, Jianing and Mei, Shijie and Zhang, Ziyang and Li, Guoqi},
    title     = {Deep Directly-Trained Spiking Neural Networks for Object Detection},
    booktitle = {Proceedings of the IEEE/CVF International Conference on Computer Vision (ICCV)},
    month     = {October},
    year      = {2023},
    pages     = {6555-6565}
}

@ARTICLE{SHD,
  author={Cramer, Benjamin and Stradmann, Yannik and Schemmel, Johannes and Zenke, Friedemann},
  journal={IEEE Transactions on Neural Networks and Learning Systems}, 
  title={The Heidelberg Spiking Data Sets for the Systematic Evaluation of Spiking Neural Networks}, 
  year={2022},
  volume={33},
  number={7},
  pages={2744-2757}}

@article{DHLIF,
  title={Temporal dendritic heterogeneity incorporated with spiking neural networks for learning multi-timescale dynamics},
  author={Zheng, Hanle and Zheng, Zhong and Hu, Rui and Xiao, Bo and Wu, Yujie and Yu, Fangwen and Liu, Xue and Li, Guoqi and Deng, Lei},
  journal={Nature Communications},
  volume={15},
  number={1},
  pages={277},
  year={2024},
  publisher={Nature Publishing Group UK London}
}

@inproceedings{
imagenethard,
title={ImageNet-Hard: The Hardest Images Remaining from a Study of the Power of Zoom and Spatial Biases in Image Classification},
author={Mohammad Reza Taesiri and Giang Nguyen and Sarra Habchi and Cor-Paul Bezemer and Anh Totti Nguyen},
booktitle={Thirty-seventh Conference on Neural Information Processing Systems Datasets and Benchmarks Track},
year={2023}
}

@inproceedings{
Localtandem,
title={Training Spiking Neural Networks with Local Tandem Learning},
author={Qu Yang and Jibin Wu and Malu Zhang and Yansong Chua and Xinchao Wang and Haizhou Li},
booktitle={Advances in Neural Information Processing Systems},
editor={Alice H. Oh and Alekh Agarwal and Danielle Belgrave and Kyunghyun Cho},
year={2022}
}

@InProceedings{ASGL,
  title = 	 {Adaptive Smoothing Gradient Learning for Spiking Neural Networks},
  author =       {Wang, Ziming and Jiang, Runhao and Lian, Shuang and Yan, Rui and Tang, Huajin},
  booktitle = 	 {Proceedings of the 40th International Conference on Machine Learning},
  pages = 	 {35798--35816},
  year = 	 {2023},
  editor = 	 {Krause, Andreas and Brunskill, Emma and Cho, Kyunghyun and Engelhardt, Barbara and Sabato, Sivan and Scarlett, Jonathan},
  volume = 	 {202},
  series = 	 {Proceedings of Machine Learning Research},
  month = 	 {23--29 Jul},
  publisher =    {PMLR},
}

@inproceedings{NEURIPS2020_b86e8d03,
 author = {Zhang, Shaofeng and Liu, Meng and Yan, Junchi},
 booktitle = {Advances in Neural Information Processing Systems},
 editor = {H. Larochelle and M. Ranzato and R. Hadsell and M.F. Balcan and H. Lin},
 pages = {16001--16011},
 publisher = {Curran Associates, Inc.},
 title = {The Diversified Ensemble Neural Network},
 volume = {33},
 year = {2020}
}

@INPROCEEDINGS{9677845,
  author={Ali, Muhammad Ammar and Sahin, Yusuf and Özöğür-Akyüz, Süreyya and Unal, Gozde and Otar, Buse Cisil},
  booktitle={2021 13th International Conference on Electrical and Electronics Engineering (ELECO)}, 
  title={Tuning Accuracy-Diversity Trade-off in Neural Network Ensemble via Novel Entropy Loss Function}, 
  year={2021},
  volume={},
  number={},
  pages={365-368},}
  
@inproceedings{NIPS1994_b8c37e33,
 author = {Krogh, Anders and Vedelsby, Jesper},
 booktitle = {Advances in Neural Information Processing Systems},
 editor = {G. Tesauro and D. Touretzky and T. Leen},
 pages = {},
 publisher = {MIT Press},
 title = {Neural Network Ensembles, Cross Validation, and Active Learning},
 volume = {7},
 year = {1994}
}

@InProceedings{pmlr-v119-frankle20a,
  title = 	 {Linear Mode Connectivity and the Lottery Ticket Hypothesis},
  author =       {Frankle, Jonathan and Dziugaite, Gintare Karolina and Roy, Daniel and Carbin, Michael},
  booktitle = 	 {Proceedings of the 37th International Conference on Machine Learning},
  pages = 	 {3259--3269},
  year = 	 {2020},
  editor = 	 {III, Hal Daumé and Singh, Aarti},
  volume = 	 {119},
  series = 	 {Proceedings of Machine Learning Research},
  month = 	 {13--18 Jul},
  publisher =    {PMLR},
}

@InProceedings{pmlr-v80-draxler18a,
  title = 	 {Essentially No Barriers in Neural Network Energy Landscape},
  author =       {Draxler, Felix and Veschgini, Kambis and Salmhofer, Manfred and Hamprecht, Fred},
  booktitle = 	 {Proceedings of the 35th International Conference on Machine Learning},
  pages = 	 {1309--1318},
  year = 	 {2018},
  editor = 	 {Dy, Jennifer and Krause, Andreas},
  volume = 	 {80},
  series = 	 {Proceedings of Machine Learning Research},
  month = 	 {10--15 Jul},
  publisher =    {PMLR},
}

@inproceedings{NEURIPS2018_be3087e7,
 author = {Garipov, Timur and Izmailov, Pavel and Podoprikhin, Dmitrii and Vetrov, Dmitry P and Wilson, Andrew G},
 booktitle = {Advances in Neural Information Processing Systems},
 editor = {S. Bengio and H. Wallach and H. Larochelle and K. Grauman and N. Cesa-Bianchi and R. Garnett},
 pages = {},
 publisher = {Curran Associates, Inc.},
 title = {Loss Surfaces, Mode Connectivity, and Fast Ensembling of DNNs},
 volume = {31},
 year = {2018}
}

@InProceedings{pmlr-v97-nguyen19a,
  title = 	 {On Connected Sublevel Sets in Deep Learning},
  author =       {Nguyen, Quynh},
  booktitle = 	 {Proceedings of the 36th International Conference on Machine Learning},
  pages = 	 {4790--4799},
  year = 	 {2019},
  editor = 	 {Chaudhuri, Kamalika and Salakhutdinov, Ruslan},
  volume = 	 {97},
  series = 	 {Proceedings of Machine Learning Research},
  month = 	 {09--15 Jun},
  publisher =    {PMLR},
}

@InProceedings{Jain_2023_CVPR,
    author    = {Jain, Samyak and Addepalli, Sravanti and Sahu, Pawan Kumar and Dey, Priyam and Babu, R. Venkatesh},
    title     = {DART: Diversify-Aggregate-Repeat Training Improves Generalization of Neural Networks},
    booktitle = {Proceedings of the IEEE/CVF Conference on Computer Vision and Pattern Recognition (CVPR)},
    month     = {June},
    year      = {2023},
    pages     = {16048-16059}
}

@inproceedings{zhang2024tc,
  title={Tc-lif: A two-compartment spiking neuron model for long-term sequential modelling},
  author={Zhang, Shimin and Yang, Qu and Ma, Chenxiang and Wu, Jibin and Li, Haizhou and Tan, Kay Chen},
  booktitle={Proceedings of the AAAI Conference on Artificial Intelligence},
  volume={38},
  number={15},
  pages={16838--16847},
  year={2024}
}