@book{Gardiner2010,
  title = {Quantum Noise: A Handbook of {{Markovian}} and Non-{{Markovian}} Quantum Stochastic Methods with Applications to Quantum Optics},
  shorttitle = {Quantum Noise},
  author = {Gardiner, Crispin W. and Zoller, Peter},
  year = {2010},
  series = {Springer Series in Synergetics},
  edition = {3. ed., [Nachdr.]},
  publisher = {Springer},
  address = {Berlin Heidelberg},
  isbn = {978-3-540-22301-6},
  langid = {english}
}

@inproceedings{langley00,
 author    = {P. Langley},
 title     = {Crafting Papers on Machine Learning},
 year      = {2000},
 pages     = {1207--1216},
 editor    = {Pat Langley},
 booktitle     = {Proceedings of the 17th International Conference
              on Machine Learning (ICML 2000)},
 address   = {Stanford, CA},
 publisher = {Morgan Kaufmann}
}

@TechReport{mitchell80,
  author = 	 "T. M. Mitchell",
  title = 	 "The Need for Biases in Learning Generalizations",
  institution =  "Computer Science Department, Rutgers University",
  year = 	 "1980",
  address =	 "New Brunswick, MA",
}

@phdthesis{kearns89,
  author = {M. J. Kearns},
  title =  {Computational Complexity of Machine Learning},
  school = {Department of Computer Science, Harvard University},
  year =   {1989}
}

@Book{MachineLearningI,
  editor = 	 "R. S. Michalski and J. G. Carbonell and T.
		  M. Mitchell",
  title = 	 "Machine Learning: An Artificial Intelligence
		  Approach, Vol. I",
  publisher = 	 "Tioga",
  year = 	 "1983",
  address =	 "Palo Alto, CA"
}

@Book{DudaHart2nd,
  author =       "R. O. Duda and P. E. Hart and D. G. Stork",
  title =        "Pattern Classification",
  publisher =    "John Wiley and Sons",
  edition =      "2nd",
  year =         "2000"
}

@misc{anonymous,
  title= {Suppressed for Anonymity},
  author= {Author, N. N.},
  year= {2021}
}

@InCollection{Newell81,
  author =       "A. Newell and P. S. Rosenbloom",
  title =        "Mechanisms of Skill Acquisition and the Law of
                  Practice", 
  booktitle =    "Cognitive Skills and Their Acquisition",
  pages =        "1--51",
  publisher =    "Lawrence Erlbaum Associates, Inc.",
  year =         "1981",
  editor =       "J. R. Anderson",
  chapter =      "1",
  address =      "Hillsdale, NJ"
}


@Article{Samuel59,
  author = 	 "A. L. Samuel",
  title = 	 "Some Studies in Machine Learning Using the Game of
		  Checkers",
  journal =	 "IBM Journal of Research and Development",
  year =	 "1959",
  volume =	 "3",
  number =	 "3",
  pages =	 "211--229"
}


@article{ghadami2022data,
  title={Data-driven prediction in dynamical systems: recent developments},
  author={Ghadami, Amin and Epureanu, Bogdan I},
  journal={Philosophical Transactions of the Royal Society A},
  volume={380},
  number={2229},
  pages={20210213},
  year={2022},
  publisher={The Royal Society}
}

@misc{chen2020symplecticrecurrentneuralnetworks,
      title={Symplectic Recurrent Neural Networks}, 
      author={Zhengdao Chen and Jianyu Zhang and Martin Arjovsky and Léon Bottou},
      year={2020},
      eprint={1909.13334},
      archivePrefix={arXiv},
      primaryClass={cs.LG},
      url={https://arxiv.org/abs/1909.13334}, 
}

@misc{chen2019neuralordinarydifferentialequations,
      title={Neural Ordinary Differential Equations}, 
      author={Ricky T. Q. Chen and Yulia Rubanova and Jesse Bettencourt and David Duvenaud},
      year={2019},
      eprint={1806.07366},
      archivePrefix={arXiv},
      primaryClass={cs.LG},
      url={https://arxiv.org/abs/1806.07366}, 
}

@misc{li2021fourierneuraloperatorparametric,
      title={Fourier Neural Operator for Parametric Partial Differential Equations}, 
      author={Zongyi Li and Nikola Kovachki and Kamyar Azizzadenesheli and Burigede Liu and Kaushik Bhattacharya and Andrew Stuart and Anima Anandkumar},
      year={2021},
      eprint={2010.08895},
      archivePrefix={arXiv},
      primaryClass={cs.LG},
      url={https://arxiv.org/abs/2010.08895}, 
}

@INPROCEEDINGS{quad_citation,
  author={Geisert, Mathieu and Mansard, Nicolas},
  booktitle={2016 IEEE International Conference on Robotics and Automation (ICRA)}, 
  title={Trajectory generation for quadrotor based systems using numerical optimal control}, 
  year={2016},
  volume={},
  number={},
  pages={2958-2964},
  keywords={Trajectory;Optimal control;Heuristic algorithms;Manipulators;Load modeling;Optimization},
  doi={10.1109/ICRA.2016.7487460}}


@misc{greydanus2019hamiltonianneuralnetworks,
      title={Hamiltonian Neural Networks}, 
      author={Sam Greydanus and Misko Dzamba and Jason Yosinski},
      year={2019},
      eprint={1906.01563},
      archivePrefix={arXiv},
      primaryClass={cs.NE},
      url={https://arxiv.org/abs/1906.01563}, 
}
@misc{jin2020sympnetsintrinsicstructurepreservingsymplectic,
      title={SympNets: Intrinsic structure-preserving symplectic networks for identifying Hamiltonian systems}, 
      author={Pengzhan Jin and Zhen Zhang and Aiqing Zhu and Yifa Tang and George Em Karniadakis},
      year={2020},
      eprint={2001.03750},
      archivePrefix={arXiv},
      primaryClass={cs.LG},
      url={https://arxiv.org/abs/2001.03750}, 
}

@misc{sanyal2023rampnetrobustadaptivempc,
      title={RAMP-Net: A Robust Adaptive MPC for Quadrotors via Physics-informed Neural Network}, 
      author={Sourav Sanyal and Kaushik Roy},
      year={2023},
      eprint={2209.09025},
      archivePrefix={arXiv},
      primaryClass={cs.RO},
      url={https://arxiv.org/abs/2209.09025}, 
}

@INPROCEEDINGS{8953486,
  author={Zhou, Yi and Barnes, Connelly and Lu, Jingwan and Yang, Jimei and Li, Hao},
  booktitle={2019 IEEE/CVF Conference on Computer Vision and Pattern Recognition (CVPR)}, 
  title={On the Continuity of Rotation Representations in Neural Networks}, 
  year={2019},
  volume={},
  number={},
  pages={5738-5746},
  keywords={Motion and Tracking;3D from Single Image; Deep Learning ; Face;Gesture;and Body Pose ; Robotics + Driving},
  doi={10.1109/CVPR.2019.00589}}


@misc{CAVIA,
      title={Fast Context Adaptation via Meta-Learning}, 
      author={Luisa M Zintgraf and Kyriacos Shiarlis and Vitaly Kurin and Katja Hofmann and Shimon Whiteson},
      year={2019},
      eprint={1810.03642},
      archivePrefix={arXiv},
      primaryClass={cs.LG},
      url={https://arxiv.org/abs/1810.03642}, 
}

@misc{finn2017modelagnosticmetalearningfastadaptation,
      title={Model-Agnostic Meta-Learning for Fast Adaptation of Deep Networks}, 
      author={Chelsea Finn and Pieter Abbeel and Sergey Levine},
      year={2017},
      eprint={1703.03400},
      archivePrefix={arXiv},
      primaryClass={cs.LG},
      url={https://arxiv.org/abs/1703.03400}, 
}

@article{PhysRevLett.131.067301,
  title = {Metalearning Generalizable Dynamics from Trajectories},
  author = {Li, Qiaofeng and Wang, Tianyi and Roychowdhury, Vwani and Jawed, M. K.},
  journal = {Phys. Rev. Lett.},
  volume = {131},
  issue = {6},
  pages = {067301},
  numpages = {6},
  year = {2023},
  month = {Aug},
  publisher = {American Physical Society},
  doi = {10.1103/PhysRevLett.131.067301},
  url = {https://link.aps.org/doi/10.1103/PhysRevLett.131.067301}
}


@misc{sosanya2022dissipativehamiltonianneuralnetworks,
      title={Dissipative Hamiltonian Neural Networks: Learning Dissipative and Conservative Dynamics Separately}, 
      author={Andrew Sosanya and Sam Greydanus},
      year={2022},
      eprint={2201.10085},
      archivePrefix={arXiv},
      primaryClass={cs.LG},
      url={https://arxiv.org/abs/2201.10085}, 
}

@article{vaswani2017attention,
  title={Attention is all you need},
  author={Vaswani, A},
  journal={Advances in Neural Information Processing Systems},
  year={2017}
}

@book{kibble2004classical,
  title={Classical mechanics},
  author={Kibble, Tom and Berkshire, Frank H},
  year={2004},
  publisher={world scientific publishing company}
}

@article{royer1991wigner,
  title={Wigner function in Liouville space: a canonical formalism},
  author={Royer, Antoine},
  journal={Physical Review A},
  volume={43},
  number={1},
  pages={44},
  year={1991},
  publisher={APS}
}

@misc{cranmer2020lagrangianneuralnetworks,
      title={Lagrangian Neural Networks}, 
      author={Miles Cranmer and Sam Greydanus and Stephan Hoyer and Peter Battaglia and David Spergel and Shirley Ho},
      year={2020},
      eprint={2003.04630},
      archivePrefix={arXiv},
      primaryClass={cs.LG},
      url={https://arxiv.org/abs/2003.04630}, 
}

@article{nichol2018first,
  title={On first-order meta-learning algorithms},
  author={Nichol, A},
  journal={arXiv preprint arXiv:1803.02999},
  year={2018}
}

@article{rajeswaran2019meta,
  title={Meta-learning with implicit gradients},
  author={Rajeswaran, Aravind and Finn, Chelsea and Kakade, Sham M and Levine, Sergey},
  journal={Advances in neural information processing systems},
  volume={32},
  year={2019}
}

@inproceedings{zintgraf2019fast,
  title={Fast context adaptation via meta-learning},
  author={Zintgraf, Luisa and Shiarli, Kyriacos and Kurin, Vitaly and Hofmann, Katja and Whiteson, Shimon},
  booktitle={International Conference on Machine Learning},
  pages={7693--7702},
  year={2019},
  organization={PMLR}
}

@misc{choe2023makingscalablemetalearning,
      title={Making Scalable Meta Learning Practical}, 
      author={Sang Keun Choe and Sanket Vaibhav Mehta and Hwijeen Ahn and Willie Neiswanger and Pengtao Xie and Emma Strubell and Eric Xing},
      year={2023},
      eprint={2310.05674},
      archivePrefix={arXiv},
      primaryClass={cs.LG},
      url={https://arxiv.org/abs/2310.05674}, 
}

@article{Geneva_2022,
   title={Transformers for modeling physical systems},
   volume={146},
   ISSN={0893-6080},
   url={http://dx.doi.org/10.1016/j.neunet.2021.11.022},
   DOI={10.1016/j.neunet.2021.11.022},
   journal={Neural Networks},
   publisher={Elsevier BV},
   author={Geneva, Nicholas and Zabaras, Nicholas},
   year={2022},
   month=feb, pages={272–289} }

@article{allen1971mean,
  title={Mean square error of prediction as a criterion for selecting variables},
  author={Allen, David M},
  journal={Technometrics},
  volume={13},
  number={3},
  pages={469--475},
  year={1971},
  publisher={Taylor \& Francis}
}

@misc{otness2021extensiblebenchmarksuitelearning,
      title={An Extensible Benchmark Suite for Learning to Simulate Physical Systems}, 
      author={Karl Otness and Arvi Gjoka and Joan Bruna and Daniele Panozzo and Benjamin Peherstorfer and Teseo Schneider and Denis Zorin},
      year={2021},
      eprint={2108.07799},
      archivePrefix={arXiv},
      primaryClass={cs.LG},
      url={https://arxiv.org/abs/2108.07799}, 
}

@misc{okamoto2024learningdeepdissipativedynamics,
      title={Learning Deep Dissipative Dynamics}, 
      author={Yuji Okamoto and Ryosuke Kojima},
      year={2024},
      eprint={2408.11479},
      archivePrefix={arXiv},
      primaryClass={cs.LG},
      url={https://arxiv.org/abs/2408.11479}, 
}

@misc{zhong2020dissipativesymodenencodinghamiltonian,
      title={Dissipative SymODEN: Encoding Hamiltonian Dynamics with Dissipation and Control into Deep Learning}, 
      author={Yaofeng Desmond Zhong and Biswadip Dey and Amit Chakraborty},
      year={2020},
      eprint={2002.08860},
      archivePrefix={arXiv},
      primaryClass={cs.LG},
      url={https://arxiv.org/abs/2002.08860}, 
}

@misc{zhong2024symplecticodenetlearninghamiltonian,
      title={Symplectic ODE-Net: Learning Hamiltonian Dynamics with Control}, 
      author={Yaofeng Desmond Zhong and Biswadip Dey and Amit Chakraborty},
      year={2024},
      eprint={1909.12077},
      archivePrefix={arXiv},
      primaryClass={cs.LG},
      url={https://arxiv.org/abs/1909.12077}, 
}

@misc{zhang2024artificialintelligencesciencequantum,
      title={Artificial Intelligence for Science in Quantum, Atomistic, and Continuum Systems}, 
      author={Xuan Zhang and Limei Wang and Jacob Helwig and Youzhi Luo and Cong Fu and Yaochen Xie and Meng Liu and Yuchao Lin and Zhao Xu and Keqiang Yan and Keir Adams and Maurice Weiler and Xiner Li and Tianfan Fu and Yucheng Wang and Haiyang Yu and YuQing Xie and Xiang Fu and Alex Strasser and Shenglong Xu and Yi Liu and Yuanqi Du and Alexandra Saxton and Hongyi Ling and Hannah Lawrence and Hannes Stärk and Shurui Gui and Carl Edwards and Nicholas Gao and Adriana Ladera and Tailin Wu and Elyssa F. Hofgard and Aria Mansouri Tehrani and Rui Wang and Ameya Daigavane and Montgomery Bohde and Jerry Kurtin and Qian Huang and Tuong Phung and Minkai Xu and Chaitanya K. Joshi and Simon V. Mathis and Kamyar Azizzadenesheli and Ada Fang and Alán Aspuru-Guzik and Erik Bekkers and Michael Bronstein and Marinka Zitnik and Anima Anandkumar and Stefano Ermon and Pietro Liò and Rose Yu and Stephan Günnemann and Jure Leskovec and Heng Ji and Jimeng Sun and Regina Barzilay and Tommi Jaakkola and Connor W. Coley and Xiaoning Qian and Xiaofeng Qian and Tess Smidt and Shuiwang Ji},
      year={2024},
      eprint={2307.08423},
      archivePrefix={arXiv},
      primaryClass={cs.LG},
      url={https://arxiv.org/abs/2307.08423}, 
}

@misc{vaidhyanathan2024quantumfeedbackcontroltransformer,
      title={Quantum feedback control with a transformer neural network architecture}, 
      author={Pranav Vaidhyanathan and Florian Marquardt and Mark T. Mitchison and Natalia Ares},
      year={2024},
      eprint={2411.19253},
      archivePrefix={arXiv},
      primaryClass={quant-ph},
      url={https://arxiv.org/abs/2411.19253}, 
}

@article{bausch2024learning,
  title={Learning high-accuracy error decoding for quantum processors},
  author={Bausch, Johannes and Senior, Andrew W and Heras, Francisco JH and Edlich, Thomas and Davies, Alex and Newman, Michael and Jones, Cody and Satzinger, Kevin and Niu, Murphy Yuezhen and Blackwell, Sam and others},
  journal={Nature},
  pages={1--7},
  year={2024},
  publisher={Nature Publishing Group UK London}
}

@article{Jacobs_2006,
   title={A straightforward introduction to continuous quantum measurement},
   volume={47},
   ISSN={1366-5812},
   url={http://dx.doi.org/10.1080/00107510601101934},
   DOI={10.1080/00107510601101934},
   number={5},
   journal={Contemporary Physics},
   publisher={Informa UK Limited},
   author={Jacobs, Kurt and Steck, Daniel A.},
   year={2006},
   month=sep, pages={279–303} }


@INPROCEEDINGS{10801374,
  author={Papatheodorou, Aristotelis and Merkt, Wolfgang and Mitchell, Alexander L. and Havoutis, Ioannis},
  booktitle={2024 IEEE/RSJ International Conference on Intelligent Robots and Systems (IROS)}, 
  title={Momentum-Aware Trajectory Optimisation using Full-Centroidal Dynamics and Implicit Inverse Kinematics}, 
  year={2024},
  volume={},
  number={},
  pages={11940-11947},
  keywords={Legged locomotion;Technological innovation;Dynamics;Kinematics;Real-time systems;Trajectory;Planning;Quadrupedal robots;Tuning;Intelligent robots;trajectory optimisation;agile manoeuvres;full-centroidal dynamics},
  doi={10.1109/IROS58592.2024.10801374}}

@article{Johansson_2012,
   title={QuTiP: An open-source Python framework for the dynamics of open quantum systems},
   volume={183},
   ISSN={0010-4655},
   url={http://dx.doi.org/10.1016/j.cpc.2012.02.021},
   DOI={10.1016/j.cpc.2012.02.021},
   number={8},
   journal={Computer Physics Communications},
   publisher={Elsevier BV},
   author={Johansson, J.R. and Nation, P.D. and Nori, Franco},
   year={2012},
   month=aug, pages={1760–1772} }


@misc{alexeev2024artificialintelligencequantumcomputing,
      title={Artificial Intelligence for Quantum Computing}, 
      author={Yuri Alexeev and Marwa H. Farag and Taylor L. Patti and Mark E. Wolf and Natalia Ares and Alán Aspuru-Guzik and Simon C. Benjamin and Zhenyu Cai and Zohim Chandani and Federico Fedele and Nicholas Harrigan and Jin-Sung Kim and Elica Kyoseva and Justin G. Lietz and Tom Lubowe and Alexander McCaskey and Roger G. Melko and Kouhei Nakaji and Alberto Peruzzo and Sam Stanwyck and Norm M. Tubman and Hanrui Wang and Timothy Costa},
      year={2024},
      eprint={2411.09131},
      archivePrefix={arXiv},
      primaryClass={quant-ph},
      url={https://arxiv.org/abs/2411.09131}, 
}

@article{Manzano_2020,
   title={A short introduction to the Lindblad master equation},
   volume={10},
   ISSN={2158-3226},
   url={http://dx.doi.org/10.1063/1.5115323},
   DOI={10.1063/1.5115323},
   number={2},
   journal={AIP Advances},
   publisher={AIP Publishing},
   author={Manzano, Daniel},
   year={2020},
   month=feb }

@article{RevModPhys.91.045002,
  title = {Machine learning and the physical sciences},
  author = {Carleo, Giuseppe and Cirac, Ignacio and Cranmer, Kyle and Daudet, Laurent and Schuld, Maria and Tishby, Naftali and Vogt-Maranto, Leslie and Zdeborov\'a, Lenka},
  journal = {Rev. Mod. Phys.},
  volume = {91},
  issue = {4},
  pages = {045002},
  numpages = {39},
  year = {2019},
  month = {Dec},
  publisher = {American Physical Society},
  doi = {10.1103/RevModPhys.91.045002},
  url = {https://link.aps.org/doi/10.1103/RevModPhys.91.045002}
}

@inproceedings{li2025meta,
  title={META-LORA: Memory-Efficient Sample Reweighting for Fine-Tuning Large Language Models},
  author={Li, Weicheng and Zou, Lixin and Tang, Min and Yu, Qing and Li, Wanli and Li, Chenliang},
  booktitle={Proceedings of the 31st International Conference on Computational Linguistics},
  pages={8504--8517},
  year={2025}
}
@misc{pfaff2021learningmeshbasedsimulationgraph,
      title={Learning Mesh-Based Simulation with Graph Networks}, 
      author={Tobias Pfaff and Meire Fortunato and Alvaro Sanchez-Gonzalez and Peter W. Battaglia},
      year={2021},
      eprint={2010.03409},
      archivePrefix={arXiv},
      primaryClass={cs.LG},
      url={https://arxiv.org/abs/2010.03409}, 
}

@article{PhysRevX.10.011006,
  title = {Using a Recurrent Neural Network to Reconstruct Quantum Dynamics of a Superconducting Qubit from Physical Observations},
  author = {Flurin, E. and Martin, L. S. and Hacohen-Gourgy, S. and Siddiqi, I.},
  journal = {Phys. Rev. X},
  volume = {10},
  issue = {1},
  pages = {011006},
  numpages = {10},
  year = {2020},
  month = {Jan},
  publisher = {American Physical Society},
  doi = {10.1103/PhysRevX.10.011006},
  url = {https://link.aps.org/doi/10.1103/PhysRevX.10.011006}
}


@misc{lim2020temporalfusiontransformersinterpretable,
      title={Temporal Fusion Transformers for Interpretable Multi-horizon Time Series Forecasting}, 
      author={Bryan Lim and Sercan O. Arik and Nicolas Loeff and Tomas Pfister},
      year={2020},
      eprint={1912.09363},
      archivePrefix={arXiv},
      primaryClass={stat.ML},
      url={https://arxiv.org/abs/1912.09363}, 
}

@inproceedings{mastalli20crocoddyl,
  author={Mastalli, Carlos and Budhiraja, Rohan and Merkt, Wolfgang and Saurel, Guilhem and Hammoud, Bilal
  and Naveau, Maximilien and Carpentier, Justin and Righetti, Ludovic and Vijayakumar, Sethu and Mansard, Nicolas},
  title={{Crocoddyl: An Efficient and Versatile Framework for Multi-Contact Optimal Control}},
  booktitle = {IEEE International Conference on Robotics and Automation (ICRA)},
  year={2020}
}

@inproceedings{bansal2016learning,
  title={Learning quadrotor dynamics using neural network for flight control},
  author={Bansal, Somil and Akametalu, Anayo K and Jiang, Frank J and Laine, Forrest and Tomlin, Claire J},
  booktitle={2016 IEEE 55th Conference on Decision and Control (CDC)},
  pages={4653--4660},
  year={2016},
  organization={IEEE}
}


@misc{bai2024closesim2realgapphysicallybased,
      title={Close the Sim2real Gap via Physically-based Structured Light Synthetic Data Simulation}, 
      author={Kaixin Bai and Lei Zhang and Zhaopeng Chen and Fang Wan and Jianwei Zhang},
      year={2024},
      eprint={2407.12449},
      archivePrefix={arXiv},
      primaryClass={cs.CV},
      url={https://arxiv.org/abs/2407.12449}, 
}

@article{Reuer_2023,
   title={Realizing a deep reinforcement learning agent for real-time quantum feedback},
   volume={14},
   ISSN={2041-1723},
   url={http://dx.doi.org/10.1038/s41467-023-42901-3},
   DOI={10.1038/s41467-023-42901-3},
   number={1},
   journal={Nature Communications},
   publisher={Springer Science and Business Media LLC},
   author={Reuer, Kevin and Landgraf, Jonas and Fösel, Thomas and O’Sullivan, James and Beltrán, Liberto and Akin, Abdulkadir and Norris, Graham J. and Remm, Ants and Kerschbaum, Michael and Besse, Jean-Claude and Marquardt, Florian and Wallraff, Andreas and Eichler, Christopher},
   year={2023},
   month=nov }

@article{ares2021machine,
  title={Machine learning as an enabler of qubit scalability},
  author={Ares, Natalia},
  journal={Nature Reviews Materials},
  volume={6},
  number={10},
  pages={870--871},
  year={2021},
  publisher={Nature Publishing Group UK London}
}

@article{gebhart2023learning,
  title={Learning quantum systems},
  author={Gebhart, Valentin and Santagati, Raffaele and Gentile, Antonio Andrea and Gauger, Erik M and Craig, David and Ares, Natalia and Banchi, Leonardo and Marquardt, Florian and Pezz{\`e}, Luca and Bonato, Cristian},
  journal={Nature Reviews Physics},
  volume={5},
  number={3},
  pages={141--156},
  year={2023},
  publisher={Nature Publishing Group UK London}
}

@article{PhysRevA.36.5271,
  title = {Quantum measurement theory of optical heterodyne detection},
  author = {Milburn, G. J.},
  journal = {Phys. Rev. A},
  volume = {36},
  issue = {11},
  pages = {5271--5279},
  numpages = {0},
  year = {1987},
  month = {Dec},
  publisher = {American Physical Society},
  doi = {10.1103/PhysRevA.36.5271},
  url = {https://link.aps.org/doi/10.1103/PhysRevA.36.5271}
}
