@misc{chen2020symplecticrecurrentneuralnetworks,
      title={Symplectic Recurrent Neural Networks}, 
      author={Zhengdao Chen and Jianyu Zhang and Martin Arjovsky and LÃ©on Bottou},
      year={2020},
      eprint={1909.13334},
      archivePrefix={arXiv},
      primaryClass={cs.LG},
      url={https://arxiv.org/abs/1909.13334}, 
}

@misc{choe2023makingscalablemetalearning,
      title={Making Scalable Meta Learning Practical}, 
      author={Sang Keun Choe and Sanket Vaibhav Mehta and Hwijeen Ahn and Willie Neiswanger and Pengtao Xie and Emma Strubell and Eric Xing},
      year={2023},
      eprint={2310.05674},
      archivePrefix={arXiv},
      primaryClass={cs.LG},
      url={https://arxiv.org/abs/2310.05674}, 
}

@misc{cranmer2020lagrangianneuralnetworks,
      title={Lagrangian Neural Networks}, 
      author={Miles Cranmer and Sam Greydanus and Stephan Hoyer and Peter Battaglia and David Spergel and Shirley Ho},
      year={2020},
      eprint={2003.04630},
      archivePrefix={arXiv},
      primaryClass={cs.LG},
      url={https://arxiv.org/abs/2003.04630}, 
}

@misc{finn2017modelagnosticmetalearningfastadaptation,
      title={Model-Agnostic Meta-Learning for Fast Adaptation of Deep Networks}, 
      author={Chelsea Finn and Pieter Abbeel and Sergey Levine},
      year={2017},
      eprint={1703.03400},
      archivePrefix={arXiv},
      primaryClass={cs.LG},
      url={https://arxiv.org/abs/1703.03400}, 
}

@misc{greydanus2019hamiltonianneuralnetworks,
      title={Hamiltonian Neural Networks}, 
      author={Sam Greydanus and Misko Dzamba and Jason Yosinski},
      year={2019},
      eprint={1906.01563},
      archivePrefix={arXiv},
      primaryClass={cs.NE},
      url={https://arxiv.org/abs/1906.01563}, 
}

@misc{jin2020sympnetsintrinsicstructurepreservingsymplectic,
      title={SympNets: Intrinsic structure-preserving symplectic networks for identifying Hamiltonian systems}, 
      author={Pengzhan Jin and Zhen Zhang and Aiqing Zhu and Yifa Tang and George Em Karniadakis},
      year={2020},
      eprint={2001.03750},
      archivePrefix={arXiv},
      primaryClass={cs.LG},
      url={https://arxiv.org/abs/2001.03750}, 
}

@book{kibble2004classical,
  title={Classical mechanics},
  author={Kibble, Tom and Berkshire, Frank H},
  year={2004},
  publisher={world scientific publishing company}
}

@article{nichol2018first,
  title={On first-order meta-learning algorithms},
  author={Nichol, A},
  journal={arXiv preprint arXiv:1803.02999},
  year={2018}
}

@misc{okamoto2024learningdeepdissipativedynamics,
      title={Learning Deep Dissipative Dynamics}, 
      author={Yuji Okamoto and Ryosuke Kojima},
      year={2024},
      eprint={2408.11479},
      archivePrefix={arXiv},
      primaryClass={cs.LG},
      url={https://arxiv.org/abs/2408.11479}, 
}

@article{rajeswaran2019meta,
  title={Meta-learning with implicit gradients},
  author={Rajeswaran, Aravind and Finn, Chelsea and Kakade, Sham M and Levine, Sergey},
  journal={Advances in neural information processing systems},
  volume={32},
  year={2019}
}

@article{royer1991wigner,
  title={Wigner function in Liouville space: a canonical formalism},
  author={Royer, Antoine},
  journal={Physical Review A},
  volume={43},
  number={1},
  pages={44},
  year={1991},
  publisher={APS}
}

@misc{zhong2020dissipativesymodenencodinghamiltonian,
      title={Dissipative SymODEN: Encoding Hamiltonian Dynamics with Dissipation and Control into Deep Learning}, 
      author={Yaofeng Desmond Zhong and Biswadip Dey and Amit Chakraborty},
      year={2020},
      eprint={2002.08860},
      archivePrefix={arXiv},
      primaryClass={cs.LG},
      url={https://arxiv.org/abs/2002.08860}, 
}

@misc{zhong2024symplecticodenetlearninghamiltonian,
      title={Symplectic ODE-Net: Learning Hamiltonian Dynamics with Control}, 
      author={Yaofeng Desmond Zhong and Biswadip Dey and Amit Chakraborty},
      year={2024},
      eprint={1909.12077},
      archivePrefix={arXiv},
      primaryClass={cs.LG},
      url={https://arxiv.org/abs/1909.12077}, 
}

@inproceedings{zintgraf2019fast,
  title={Fast context adaptation via meta-learning},
  author={Zintgraf, Luisa and Shiarli, Kyriacos and Kurin, Vitaly and Hofmann, Katja and Whiteson, Shimon},
  booktitle={International Conference on Machine Learning},
  pages={7693--7702},
  year={2019},
  organization={PMLR}
}

