@article{adarm,
  title={Deep sequential model for anchor recommendation on live streaming platforms},
  author={Zhang, Shuai and Liu, Hongyan and He, Jun and Han, Sanpu and Du, Xiaoyong},
  journal={Big Data Mining and Analytics},
  volume={4},
  number={3},
  pages={173--182},
  year={2021},
  publisher={TUP}
}

@inproceedings{adsnet,
  title={ADSNet: Cross-Domain LTV Prediction with an Adaptive Siamese Network in Advertising},
  author={Wang, Ruize and Xu, Hui and Cheng, Ying and He, Qi and Zhou, Xing and Feng, Rui and Xu, Wei and Huang, Lei and Jiang, Jie},
  booktitle={Proceedings of the 30th ACM SIGKDD Conference on Knowledge Discovery and Data Mining},
  pages={5872--5881},
  year={2024}
}

@inproceedings{bsarec,
  title={An attentive inductive bias for sequential recommendation beyond the self-attention},
  author={Shin, Yehjin and Choi, Jeongwhan and Wi, Hyowon and Park, Noseong},
  booktitle={Proceedings of the AAAI Conference on Artificial Intelligence},
  volume={38},
  number={8},
  pages={8984--8992},
  year={2024}
}

@inproceedings{cdanet,
  title={Enhancing cross-domain click-through rate prediction via explicit feature augmentation},
  author={Chen, Xu and Cheng, Zida and Yao, Jiangchao and Ju, Chen and Huang, Weilin and Lan, Jinsong and Zeng, Xiaoyi and Xiao, Shuai},
  booktitle={Companion Proceedings of the ACM on Web Conference 2024},
  pages={423--432},
  year={2024}
}

@inproceedings{cdrib,
  title={Cross-domain recommendation to cold-start users via variational information bottleneck},
  author={Cao, Jiangxia and Sheng, Jiawei and Cong, Xin and Liu, Tingwen and Wang, Bin},
  booktitle={2022 IEEE 38th International Conference on Data Engineering (ICDE)},
  year={2022}
}

@inproceedings{cdrnp,
  title={CDRNP: Cross-Domain Recommendation to Cold-Start Users via Neural Process},
  author={Li, Xiaodong and Sheng, Jiawei and Cao, Jiangxia and Zhang, Wenyuan and Li, Quangang and Liu, Tingwen},
  booktitle={Proceedings of the 17th ACM International Conference on Web Search and Data Mining},
  pages={378--386},
  year={2024}
}

@article{contentctr,
  title={ContentCTR: Frame-level Live Streaming Click-Through Rate Prediction with Multimodal Transformer},
  author={Deng, Jiaxin and Shen, Dong and Wang, Shiyao and Wu, Xiangyu and Yang, Fan and Zhou, Guorui and Meng, Gaofeng},
  journal={arXiv preprint arXiv:2306.14392},
  year={2023}
}

@inproceedings{cvrdd,
  title={Counterfactual video recommendation for duration debiasing},
  author={Tang, Shisong and Li, Qing and Wang, Dingmin and Gao, Ci and Xiao, Wentao and Zhao, Dan and Jiang, Yong and Ma, Qian and Zhang, Aoyang},
  booktitle={Proceedings of the 29th ACM SIGKDD Conference on Knowledge Discovery and Data Mining},
  pages={4894--4903},
  year={2023}
}

@inproceedings{ddcdr,
  title={DDCDR: A Disentangle-based Distillation Framework for Cross-Domain Recommendation},
  author={An, Zhicheng and Gu, Zhexu and Yu, Li and Tu, Ke and Wu, Zhengwei and Hu, Binbin and Zhang, Zhiqiang and Gu, Lihong and Gu, Jinjie},
  booktitle={Proceedings of the 30th ACM SIGKDD Conference on Knowledge Discovery and Data Mining},
  pages={4764--4773},
  year={2024}
}

@article{dmcdr,
  title={Exploring Preference-Guided Diffusion Model for Cross-Domain Recommendation},
  author={Li, Xiaodong and Tang, Hengzhu and Sheng, Jiawei and Zhang, Xinghua and Gao, Li and Cheng, Suqi and Yin, Dawei and Liu, Tingwen},
  journal={arXiv preprint arXiv:2501.11671},
  year={2025}
}

@article{end4rec,
  title={END4Rec: Efficient Noise-Decoupling for Multi-Behavior Sequential Recommendation},
  author={Han, Yongqiang and Wang, Hao and Wang, Kefan and Wu, Likang and Li, Zhi and Guo, Wei and Liu, Yong and Lian, Defu and Chen, Enhong},
  journal={arXiv preprint arXiv:2403.17603},
  year={2024}
}

@inproceedings{farima,
  title={Daily-aware personalized recommendation based on feature-level time series analysis},
  author={Zhang, Yongfeng and Zhang, Min and Zhang, Yi and Lai, Guokun and Liu, Yiqun and Zhang, Honghui and Ma, Shaoping},
  booktitle={Proceedings of the 24th international conference on world wide web},
  pages={1373--1383},
  year={2015}
}

@book{fft,
  title={Computational frameworks for the fast Fourier transform},
  author={Van Loan, Charles},
  year={1992},
  publisher={SIAM}
}

@inproceedings{fmlp-rec,
  title={Filter-enhanced MLP is all you need for sequential recommendation},
  author={Zhou, Kun and Yu, Hui and Zhao, Wayne Xin and Wen, Ji-Rong},
  booktitle={Proceedings of the ACM web conference 2022},
  pages={2388--2399},
  year={2022}
}

@article{kda,
  title={Toward dynamic user intention: Temporal evolutionary effects of item relations in sequential recommendation},
  author={Wang, Chenyang and Ma, Weizhi and Zhang, Min and Chen, Chong and Liu, Yiqun and Ma, Shaoping},
  journal={ACM Transactions on Information Systems (TOIS)},
  volume={39},
  number={2},
  pages={1--33},
  year={2020},
  publisher={ACM New York, NY, USA}
}

@inproceedings{kuaihl,
  title={A Multimodal Transformer for Live Streaming Highlight Prediction},
  author={Deng, Jiaxin and Wang, Shiyao and Shen, Dong and Zhao, Liqin and Yang, Fan and Zhou, Guorui and Meng, Gaofeng},
  booktitle={2024 IEEE International Conference on Multimedia and Expo (ICME)},
  year={2024}
}

@inproceedings{lcn,
  title={Cross-Domain LifeLong Sequential Modeling for Online Click-Through Rate Prediction},
  author={Hou, Ruijie and Yang, Zhaoyang and Ming, Yu and Lu, Hongyu and Zheng, Zhuobin and Chen, Yu and Zeng, Qinsong and Chen, Ming},
  booktitle={Proceedings of the 30th ACM SIGKDD Conference on Knowledge Discovery and Data Mining},
  pages={5116--5125},
  year={2024}
}

@inproceedings{liverec,
  title={Recommendation on live-streaming platforms: Dynamic availability and repeat consumption},
  author={Rappaz, J{\'e}r{\'e}mie and McAuley, Julian and Aberer, Karl},
  booktitle={Proceedings of the 15th ACM Conference on Recommender Systems},
  pages={390--399},
  year={2021}
}

@inproceedings{m3csr,
  title={A Multi-modal Modeling Framework for Cold-start Short-video Recommendation},
  author={Chen, Gaode and Sun, Ruina and Jiang, Yuezihan and Cao, Jiangxia and Zhang, Qi and Lin, Jingjian and Li, Han and Gai, Kun and Zhang, Xinghua},
  booktitle={Proceedings of the 18th ACM Conference on Recommender Systems},
  pages={391--400},
  year={2024}
}

@inproceedings{mmbee,
  title={MMBee: Live Streaming Gift-Sending Recommendations via Multi-Modal Fusion and Behaviour Expansion},
  author={Deng, Jiaxin and Wang, Shiyao and Wang, Yuchen and Qi, Jiansong and Zhao, Liqin and Zhou, Guorui and Meng, Gaofeng},
  booktitle={Proceedings of the 30th ACM SIGKDD Conference on Knowledge Discovery and Data Mining},
  pages={4896--4905},
  year={2024}
}

@article{moment_cross,
  title={Moment\&Cross: Next-Generation Real-Time Cross-Domain CTR Prediction for Live-Streaming Recommendation at Kuaishou},
  author={Cao, Jiangxia and Wang, Shen and Li, Yue and Wang, Shenghui and Tang, Jian and Wang, Shiyao and Yang, Shuang and Liu, Zhaojie and Zhou, Guorui},
  journal={arXiv preprint arXiv:2408.05709},
  year={2024}
}

@inproceedings{pepnet,
  title={Pepnet: Parameter and embedding personalized network for infusing with personalized prior information},
  author={Chang, Jianxin and Zhang, Chenbin and Hui, Yiqun and Leng, Dewei and Niu, Yanan and Song, Yang and Gai, Kun},
  booktitle={Proceedings of the 29th ACM SIGKDD Conference on Knowledge Discovery and Data Mining},
  pages={3795--3804},
  year={2023}
}

@inproceedings{sim,
  title={Search-based user interest modeling with lifelong sequential behavior data for click-through rate prediction},
  author={Pi, Qi and Zhou, Guorui and Zhang, Yujing and Wang, Zhe and Ren, Lejian and Fan, Ying and Zhu, Xiaoqiang and Gai, Kun},
  booktitle={Proceedings of the 29th ACM International Conference on Information \& Knowledge Management},
  year={2020}
}

