@article{BPR,
  title={BPR: Bayesian personalized ranking from implicit feedback},
  author={Rendle, Steffen and Freudenthaler, Christoph and Gantner, Zeno and Schmidt-Thieme, Lars},
  journal={arXiv preprint arXiv:1205.2618},
  year={2012}
}


@inproceedings{ncf,
  title={Neural collaborative filtering},
  author={He, Xiangnan and Liao, Lizi and Zhang, Hanwang and Nie, Liqiang and Hu, Xia and Chua, Tat-Seng},
  booktitle={Proceedings of the 26th international conference on world wide web},
  pages={173--182},
  year={2017}
}

@inproceedings{ngcf,
  title={Neural graph collaborative filtering},
  author={Wang, Xiang and He, Xiangnan and Wang, Meng and Feng, Fuli and Chua, Tat-Seng},
  booktitle={Proceedings of the 42nd international ACM SIGIR conference on Research and development in Information Retrieval},
  pages={165--174},
  year={2019}
}


@inproceedings{cdcfsr,
  title={Can movies and books collaborate? cross-domain collaborative filtering for sparsity reduction},
  author={Li, Bin and Yang, Qiang and Xue, Xiangyang},
  booktitle={Twenty-First international joint conference on artificial intelligence},
  year={2009}
}


@inproceedings{cmf,
  title={Relational learning via collective matrix factorization},
  author={Singh, Ajit P and Gordon, Geoffrey J},
  booktitle={Proceedings of the 14th ACM SIGKDD international conference on Knowledge discovery and data mining},
  pages={650--658},
  year={2008}
}


@inproceedings{tmcdr,
  title={Transfer-meta framework for cross-domain recommendation to cold-start users},
  author={Zhu, Yongchun and Ge, Kaikai and Zhuang, Fuzhen and Xie, Ruobing and Xi, Dongbo and Zhang, Xu and Lin, Leyu and He, Qing},
  booktitle={Proceedings of the 44th International ACM SIGIR Conference on Research and Development in Information Retrieval},
  pages={1813--1817},
  year={2021}
}


@inproceedings{ddtcdr,
  title={Ddtcdr: Deep dual transfer cross domain recommendation},
  author={Li, Pan and Tuzhilin, Alexander},
  booktitle={Proceedings of the 13th International Conference on Web Search and Data Mining},
  pages={331--339},
  year={2020}
}


@inproceedings{cdrbtgcf,
  title={Cross domain recommendation via bi-directional transfer graph collaborative filtering networks},
  author={Liu, Meng and Li, Jianjun and Li, Guohui and Pan, Peng},
  booktitle={Proceedings of the 29th ACM international conference on information \& knowledge management},
  pages={885--894},
  year={2020}
}

@inproceedings{emcdr,
  title={Cross-domain recommendation: An embedding and mapping approach.},
  author={Man, Tong and Shen, Huawei and Jin, Xiaolong and Cheng, Xueqi},
  booktitle={IJCAI},
  volume={17},
  pages={2464--2470},
  year={2017}
}


@inproceedings{sscdr,
  title={Semi-supervised learning for cross-domain recommendation to cold-start users},
  author={Kang, SeongKu and Hwang, Junyoung and Lee, Dongha and Yu, Hwanjo},
  booktitle={Proceedings of the 28th ACM International Conference on Information and Knowledge Management},
  pages={1563--1572},
  year={2019}
}


@inproceedings{tsvcdr,
  title={Towards source-aligned variational models for cross-domain recommendation},
  author={Salah, Aghiles and Tran, Thanh Binh and Lauw, Hady},
  booktitle={Proceedings of the 15th ACM Conference on Recommender Systems},
  pages={176--186},
  year={2021}
}


@inproceedings{cdrva,
  title={Cross-domain variational autoencoder for recommender systems},
  author={Shi, Jiarui and Wang, Quanmin},
  booktitle={2019 IEEE 11th International Conference on Advanced Infocomm Technology (ICAIT)},
  pages={67--72},
  year={2019},
  organization={IEEE}
}



@inproceedings{conet,
  title={Conet: Collaborative cross networks for cross-domain recommendation},
  author={Hu, Guangneng and Zhang, Yu and Yang, Qiang},
  booktitle={Proceedings of the 27th ACM international conference on information and knowledge management},
  pages={667--676},
  year={2018}
}


@inproceedings{ptupcdr,
  title={Personalized transfer of user preferences for cross-domain recommendation},
  author={Zhu, Yongchun and Tang, Zhenwei and Liu, Yudan and Zhuang, Fuzhen and Xie, Ruobing and Zhang, Xu and Lin, Leyu and He, Qing},
  booktitle={Proceedings of the Fifteenth ACM International Conference on Web Search and Data Mining},
  pages={1507--1515},
  year={2022}
}


@article{dlbc,
  title={Deep learning based recommender system: A survey and new perspectives},
  author={Zhang, Shuai and Yao, Lina and Sun, Aixin and Tay, Yi},
  journal={ACM computing surveys (CSUR)},
  volume={52},
  number={1},
  pages={1--38},
  year={2019},
  publisher={ACM New York, NY, USA}
}



@article{np,
  title={Neural processes},
  author={Garnelo, Marta and Schwarz, Jonathan and Rosenbaum, Dan and Viola, Fabio and Rezende, Danilo J and Eslami, SM and Teh, Yee Whye},
  journal={arXiv preprint arXiv:1807.01622},
  year={2018}
}


@inproceedings{cnp,
  title={Conditional neural processes},
  author={Garnelo, Marta and Rosenbaum, Dan and Maddison, Christopher and Ramalho, Tiago and Saxton, David and Shanahan, Murray and Teh, Yee Whye and Rezende, Danilo and Eslami, SM Ali},
  booktitle={International conference on machine learning},
  pages={1704--1713},
  year={2018},
  organization={PMLR}
}


@article{aevb,
  title={Auto-encoding variational bayes},
  author={Kingma, Diederik P and Welling, Max},
  journal={arXiv preprint arXiv:1312.6114},
  year={2013}
}


@article{htmaml,
  title={How to train your MAML},
  author={Antoniou, Antreas and Edwards, Harrison and Storkey, Amos},
  journal={arXiv preprint arXiv:1810.09502},
  year={2018}
}


@inproceedings{mamo,
  title={Mamo: Memory-augmented meta-optimization for cold-start recommendation},
  author={Dong, Manqing and Yuan, Feng and Yao, Lina and Xu, Xiwei and Zhu, Liming},
  booktitle={Proceedings of the 26th ACM SIGKDD international conference on knowledge discovery \& data mining},
  pages={688--697},
  year={2020}
}


@article{cbmf,
  title={Improving top-n recommendation for cold-start users via cross-domain information},
  author={Mirbakhsh, Nima and Ling, Charles X},
  journal={ACM Transactions on Knowledge Discovery from Data (TKDD)},
  volume={9},
  number={4},
  pages={1--19},
  year={2015},
  publisher={ACM New York, NY, USA}
}


@inproceedings{cst,
  title={Transfer learning in collaborative filtering for sparsity reduction},
  author={Pan, Weike and Xiang, Evan and Liu, Nathan and Yang, Qiang},
  booktitle={Proceedings of the AAAI conference on artificial intelligence},
  volume={24},
  number={1},
  pages={230--235},
  year={2010}
}


@inproceedings{catn,
  title={CATN: Cross-domain recommendation for cold-start users via aspect transfer network},
  author={Zhao, Cheng and Li, Chenliang and Xiao, Rong and Deng, Hongbo and Sun, Aixin},
  booktitle={Proceedings of the 43rd International ACM SIGIR Conference on Research and Development in Information Retrieval},
  pages={229--238},
  year={2020}
}

@inproceedings{cdfm,
  title={Cross-domain collaborative filtering with factorization machines},
  author={Loni, Babak and Shi, Yue and Larson, Martha and Hanjalic, Alan},
  booktitle={Advances in Information Retrieval: 36th European Conference on IR Research, ECIR 2014, Amsterdam, The Netherlands, April 13-16, 2014. Proceedings 36},
  pages={656--661},
  year={2014},
  organization={Springer}
}


@inproceedings{cdtf,
  title={Personalized recommendation via cross-domain triadic factorization},
  author={Hu, Liang and Cao, Jian and Xu, Guandong and Cao, Longbing and Gu, Zhiping and Zhu, Can},
  booktitle={Proceedings of the 22nd international conference on World Wide Web},
  pages={595--606},
  year={2013}
}


@inproceedings{ppgn,
  title={Cross-domain recommendation via preference propagation graphnet},
  author={Zhao, Cheng and Li, Chenliang and Fu, Cong},
  booktitle={Proceedings of the 28th ACM international conference on information and knowledge management},
  pages={2165--2168},
  year={2019}
}


@inproceedings{bitgcf,
  title={Cross domain recommendation via bi-directional transfer graph collaborative filtering networks},
  author={Liu, Meng and Li, Jianjun and Li, Guohui and Pan, Peng},
  booktitle={Proceedings of the 29th ACM international conference on information \& knowledge management},
  pages={885--894},
  year={2020}
}


@inproceedings{mamlfa,
  title={Model-agnostic meta-learning for fast adaptation of deep networks},
  author={Finn, Chelsea and Abbeel, Pieter and Levine, Sergey},
  booktitle={International conference on machine learning},
  pages={1126--1135},
  year={2017},
  organization={PMLR}
}


@article{reptile,
  title={Reptile: a scalable metalearning algorithm},
  author={Nichol, Alex and Schulman, John},
  journal={arXiv preprint arXiv:1803.02999},
  volume={2},
  number={3},
  pages={4},
  year={2018}
}


@article{pnfsl,
  title={Prototypical networks for few-shot learning},
  author={Snell, Jake and Swersky, Kevin and Zemel, Richard},
  journal={Advances in neural information processing systems},
  volume={30},
  year={2017}
}


@article{mnosl,
  title={Matching networks for one shot learning},
  author={Vinyals, Oriol and Blundell, Charles and Lillicrap, Timothy and Wierstra, Daan and others},
  journal={Advances in neural information processing systems},
  volume={29},
  year={2016}
}


@inproceedings{metanet,
  title={Meta networks},
  author={Munkhdalai, Tsendsuren and Yu, Hong},
  booktitle={International conference on machine learning},
  pages={2554--2563},
  year={2017},
  organization={PMLR}
}


@inproceedings{omfsl,
  title={Optimization as a model for few-shot learning},
  author={Ravi, Sachin and Larochelle, Hugo},
  booktitle={International conference on learning representations},
  year={2017}
}


@article{anp,
  title={Attentive neural processes},
  author={Kim, Hyunjik and Mnih, Andriy and Schwarz, Jonathan and Garnelo, Marta and Eslami, Ali and Rosenbaum, Dan and Vinyals, Oriol and Teh, Yee Whye},
  journal={arXiv preprint arXiv:1901.05761},
  year={2019}
}


@article{ccnp,
  title={Convolutional conditional neural processes},
  author={Gordon, Jonathan and Bruinsma, Wessel P and Foong, Andrew YK and Requeima, James and Dubois, Yann and Turner, Richard E},
  journal={arXiv preprint arXiv:1910.13556},
  year={2019}
}


@article{mtcnp,
  title={Fast and flexible multi-task classification using conditional neural adaptive processes},
  author={Requeima, James and Gordon, Jonathan and Bronskill, John and Nowozin, Sebastian and Turner, Richard E},
  journal={Advances in Neural Information Processing Systems},
  volume={32},
  year={2019}
}


@inproceedings{ctcnp,
  title={Contrastive conditional neural processes},
  author={Ye, Zesheng and Yao, Lina},
  booktitle={Proceedings of the IEEE/CVF Conference on Computer Vision and Pattern Recognition},
  pages={9687--9696},
  year={2022}
}


@inproceedings{tanp,
  title={Task-adaptive neural process for user cold-start recommendation},
  author={Lin, Xixun and Wu, Jia and Zhou, Chuan and Pan, Shirui and Cao, Yanan and Wang, Bin},
  booktitle={Proceedings of the Web Conference 2021},
  pages={1306--1316},
  year={2021}
}


@inproceedings{idnp,
  title={IDNP: Interest Dynamics Modeling using Generative Neural Processes for Sequential Recommendation},
  author={Du, Jing and Ye, Zesheng and Guo, Bin and Yu, Zhiwen and Yao, Lina},
  booktitle={Proceedings of the Sixteenth ACM International Conference on Web Search and Data Mining},
  pages={481--489},
  year={2023}
}


@inproceedings{film,
  title={Film: Visual reasoning with a general conditioning layer},
  author={Perez, Ethan and Strub, Florian and De Vries, Harm and Dumoulin, Vincent and Courville, Aaron},
  booktitle={Proceedings of the AAAI Conference on Artificial Intelligence},
  volume={32},
  number={1},
  year={2018}
}


@inproceedings{gnnfilm,
  title={Gnn-film: Graph neural networks with feature-wise linear modulation},
  author={Brockschmidt, Marc},
  booktitle={International Conference on Machine Learning},
  pages={1144--1152},
  year={2020},
  organization={PMLR}
}


@inproceedings{murel,
  title={Murel: Multimodal relational reasoning for visual question answering},
  author={Cadene, Remi and Ben-Younes, Hedi and Cord, Matthieu and Thome, Nicolas},
  booktitle={Proceedings of the IEEE/CVF conference on computer vision and pattern recognition},
  pages={1989--1998},
  year={2019}
}



@inproceedings{dfrcdr,
  title={Deeply fusing reviews and contents for cold start users in cross-domain recommendation systems},
  author={Fu, Wenjing and Peng, Zhaohui and Wang, Senzhang and Xu, Yang and Li, Jin},
  booktitle={Proceedings of the AAAI Conference on Artificial Intelligence},
  volume={33},
  number={01},
  pages={94--101},
  year={2019}
}


@inproceedings{dcdcsr,
  title={A deep framework for cross-domain and cross-system recommendations},
  author={Zhu, Feng and Wang, Yan and Chen, Chaochao and Liu, Guanfeng and Orgun, Mehmet and Wu, Jia},
  booktitle={Proceedings of the 27th International Joint Conference on Artificial Intelligence},
  year={2018}
}


@inproceedings{nvi,
  title={Neural variational inference and learning in belief networks},
  author={Mnih, Andriy and Gregor, Karol},
  booktitle={International Conference on Machine Learning},
  pages={1791--1799},
  year={2014},
  organization={PMLR}
}


@book{stochastic13,
  title={Stochastic differential equations: an introduction with applications},
  author={Oksendal, Bernt},
  year={2013},
  publisher={Springer Science \& Business Media}
}


@book{stochastic03,
  title={Stochastic differential equations},
  author={{\O}ksendal, Bernt and {\O}ksendal, Bernt},
  year={2003},
  publisher={Springer}
}


@article{agm,
  title={Attentional factorization machines: Learning the weight of feature interactions via attention networks},
  author={Xiao, Jun and Ye, Hao and He, Xiangnan and Zhang, Hanwang and Wu, Fei and Chua, Tat-Seng},
  journal={arXiv preprint arXiv:1708.04617},
  year={2017}
}


@inproceedings{mlcdr,
  title={Meta-learning for user cold-start recommendation},
  author={Bharadhwaj, Homanga},
  booktitle={2019 International Joint Conference on Neural Networks (IJCNN)},
  pages={1--8},
  year={2019},
  organization={IEEE}
}


@inproceedings{melu,
  title={Melu: Meta-learned user preference estimator for cold-start recommendation},
  author={Lee, Hoyeop and Im, Jinbae and Jang, Seongwon and Cho, Hyunsouk and Chung, Sehee},
  booktitle={Proceedings of the 25th ACM SIGKDD International Conference on Knowledge Discovery \& Data Mining},
  pages={1073--1082},
  year={2019}
}


@article{mlcri,
  title={A meta-learning perspective on cold-start recommendations for items},
  author={Vartak, Manasi and Thiagarajan, Arvind and Miranda, Conrado and Bratman, Jeshua and Larochelle, Hugo},
  journal={Advances in neural information processing systems},
  volume={30},
  year={2017}
}


@inproceedings{mlhin,
  title={Meta-learning on heterogeneous information networks for cold-start recommendation},
  author={Lu, Yuanfu and Fang, Yuan and Shi, Chuan},
  booktitle={Proceedings of the 26th ACM SIGKDD International Conference on Knowledge Discovery \& Data Mining},
  pages={1563--1573},
  year={2020}
}


@inproceedings{ada,
  title={Ada-Ranker: A Data Distribution Adaptive Ranking Paradigm for Sequential Recommendation},
  author={Fan, Xinyan and Lian, Jianxun and Zhao, Wayne Xin and Liu, Zheng and Li, Chaozhuo and Xie, Xing},
  booktitle={Proceedings of the 45th International ACM SIGIR Conference on Research and Development in Information Retrieval},
  pages={1599--1610},
  year={2022}
}


@inproceedings{cdrib,
  title={Cross-domain recommendation to cold-start users via variational information bottleneck},
  author={Cao, Jiangxia and Sheng, Jiawei and Cong, Xin and Liu, Tingwen and Wang, Bin},
  booktitle={2022 IEEE 38th International Conference on Data Engineering (ICDE)},
  year={2022}
}


@inproceedings{ibp,
  title={Deep learning and the information bottleneck principle},
  author={Tishby, Naftali and Zaslavsky, Noga},
  booktitle={2015 ieee information theory workshop (itw)},
  pages={1--5},
  year={2015},
  organization={IEEE}
}


@inproceedings{mlmann,
  title={Meta-learning with memory-augmented neural networks},
  author={Santoro, Adam and Bartunov, Sergey and Botvinick, Matthew and Wierstra, Daan and Lillicrap, Timothy},
  booktitle={International conference on machine learning},
  pages={1842--1850},
  year={2016},
  organization={PMLR}
}


@inproceedings{oslhnb,
  title={One-shot learning with a hierarchical nonparametric bayesian model},
  author={Salakhutdinov, Ruslan and Tenenbaum, Joshua and Torralba, Antonio},
  booktitle={Proceedings of ICML Workshop on Unsupervised and Transfer Learning},
  pages={195--206},
  year={2012},
  organization={JMLR Workshop and Conference Proceedings}
}


@inproceedings{npmatch,
  title={Np-match: When neural processes meet semi-supervised learning},
  author={Wang, Jianfeng and Lukasiewicz, Thomas and Massiceti, Daniela and Hu, Xiaolin and Pavlovic, Vladimir and Neophytou, Alexandros},
  booktitle={International Conference on Machine Learning},
  pages={22919--22934},
  year={2022},
  organization={PMLR}
}


@article{bnp,
  title={Bootstrapping neural processes},
  author={Lee, Juho and Lee, Yoonho and Kim, Jungtaek and Yang, Eunho and Hwang, Sung Ju and Teh, Yee Whye},
  journal={Advances in neural information processing systems},
  volume={33},
  pages={6606--6615},
  year={2020}
}


@inproceedings{lieinp,
  title={Learning Intrinsic and Extrinsic Intentions for Cold-start Recommendation with Neural Stochastic Processes},
  author={Liu, Huafeng and Jing, Liping and Yu, Dahai and Zhou, Mingjie and Ng, Michael},
  booktitle={Proceedings of the 30th ACM International Conference on Multimedia},
  pages={491--500},
  year={2022}
}


@inproceedings{wide_deep,
  title={Wide \& deep learning for recommender systems},
  author={Cheng, Heng-Tze and Koc, Levent and Harmsen, Jeremiah and Shaked, Tal and Chandra, Tushar and Aradhye, Hrishi and Anderson, Glen and Corrado, Greg and Chai, Wei and Ispir, Mustafa and others},
  booktitle={Proceedings of the 1st workshop on deep learning for recommender systems},
  pages={7--10},
  year={2016}
}


@inproceedings{nfmspa,
  title={Neural factorization machines for sparse predictive analytics},
  author={He, Xiangnan and Chua, Tat-Seng},
  booktitle={Proceedings of the 40th International ACM SIGIR conference on Research and Development in Information Retrieval},
  pages={355--364},
  year={2017}
}


@inproceedings{atnn,
  title={ATNN: adversarial two-tower neural network for new item’s popularity prediction in E-commerce},
  author={Xin, SHEN and Li, Zhao and Zou, Pengcheng and Long, Cheng and Zhang, Jie and Bu, Jiajun and Zhou, Jingren},
  booktitle={2021 IEEE 37th International Conference on Data Engineering (ICDE)},
  pages={2499--2510},
  year={2021},
  organization={IEEE}
}


@inproceedings{dcdir,
  title={DCDIR: A deep cross-domain recommendation system for cold start users in insurance domain},
  author={Bi, Ye and Song, Liqiang and Yao, Mengqiu and Wu, Zhenyu and Wang, Jianming and Xiao, Jing},
  booktitle={Proceedings of the 43rd international ACM SIGIR conference on research and development in information retrieval},
  pages={1661--1664},
  year={2020}
}


@inproceedings{hcdir,
  title={A heterogeneous information network based cross domain insurance recommendation system for cold start users},
  author={Bi, Ye and Song, Liqiang and Yao, Mengqiu and Wu, Zhenyu and Wang, Jianming and Xiao, Jing},
  booktitle={Proceedings of the 43rd international ACM SIGIR conference on research and development in information retrieval},
  pages={2211--2220},
  year={2020}
}


@article{metacdr,
  title={Cross-Domain Meta-Learner for Cold-Start Recommendation},
  author={Guan, Renchu and Pang, Haoyu and Giunchiglia, Fausto and Liang, Yanchun and Feng, Xiaoyue},
  journal={IEEE Transactions on Knowledge and Data Engineering},
  year={2022},
  publisher={IEEE}
}


@article{nf,
  title={Normalizing flows for probabilistic modeling and inference},
  author={Papamakarios, George and Nalisnick, Eric and Rezende, Danilo Jimenez and Mohamed, Shakir and Lakshminarayanan, Balaji},
  journal={The Journal of Machine Learning Research},
  volume={22},
  number={1},
  pages={2617--2680},
  year={2021},
  publisher={JMLRORG}
}


@inproceedings{vinf,
  title={Variational inference with normalizing flows},
  author={Rezende, Danilo and Mohamed, Shakir},
  booktitle={International conference on machine learning},
  pages={1530--1538},
  year={2015},
  organization={PMLR}
}


@article{nodep,
  title={Neural ode processes},
  author={Norcliffe, Alexander and Bodnar, Cristian and Day, Ben and Moss, Jacob and Li{\`o}, Pietro},
  journal={arXiv preprint arXiv:2103.12413},
  year={2021}
}


@inproceedings{planarflow,
  title={Variational inference with normalizing flows},
  author={Rezende, Danilo and Mohamed, Shakir},
  booktitle={International conference on machine learning},
  pages={1530--1538},
  year={2015},
  organization={PMLR}
}


@article{realnvpflow,
  title={Density estimation using real nvp},
  author={Dinh, Laurent and Sohl-Dickstein, Jascha and Bengio, Samy},
  journal={arXiv preprint arXiv:1605.08803},
  year={2016}
}


@article{mafflow,
  title={Masked autoregressive flow for density estimation},
  author={Papamakarios, George and Pavlakou, Theo and Murray, Iain},
  journal={Advances in neural information processing systems},
  volume={30},
  year={2017}
}


@article{mcs,
  title={Monte Carlo sampling methods},
  author={Shapiro, Alexander},
  journal={Handbooks in operations research and management science},
  volume={10},
  pages={353--425},
  year={2003},
  publisher={Elsevier}
}



@inproceedings{fmf,
  title={Fast matrix factorization for online recommendation with implicit feedback},
  author={He, Xiangnan and Zhang, Hanwang and Kan, Min-Yen and Chua, Tat-Seng},
  booktitle={Proceedings of the 39th International ACM SIGIR conference on Research and Development in Information Retrieval},
  pages={549--558},
  year={2016}
}


@inproceedings{ctml,
  title={Collaborative translational metric learning},
  author={Park, Chanyoung and Kim, Donghyun and Xie, Xing and Yu, Hwanjo},
  booktitle={2018 IEEE international conference on data mining (ICDM)},
  pages={367--376},
  year={2018},
  organization={IEEE}
}


@inproceedings{cml,
  title={Collaborative metric learning},
  author={Hsieh, Cheng-Kang and Yang, Longqi and Cui, Yin and Lin, Tsung-Yi and Belongie, Serge and Estrin, Deborah},
  booktitle={Proceedings of the 26th international conference on world wide web},
  pages={193--201},
  year={2017}
}


@inproceedings{dlcdr,
  title={Debiasing learning based cross-domain recommendation},
  author={Li, Siqing and Yao, Liuyi and Mu, Shanlei and Zhao, Wayne Xin and Li, Yaliang and Guo, Tonglei and Ding, Bolin and Wen, Ji-Rong},
  booktitle={Proceedings of the 27th ACM SIGKDD Conference on Knowledge Discovery \& Data Mining},
  pages={3190--3199},
  year={2021}
}


@inproceedings{abrccdr,
  title={Attacking black-box recommendations via copying cross-domain user profiles},
  author={Fan, Wenqi and Derr, Tyler and Zhao, Xiangyu and Ma, Yao and Liu, Hui and Wang, Jianping and Tang, Jiliang and Li, Qing},
  booktitle={2021 IEEE 37th International Conference on Data Engineering (ICDE)},
  pages={1583--1594},
  year={2021},
  organization={IEEE}
}



@inproceedings{disencdr,
  title={Disencdr: Learning disentangled representations for cross-domain recommendation},
  author={Cao, Jiangxia and Lin, Xixun and Cong, Xin and Ya, Jing and Liu, Tingwen and Wang, Bin},
  booktitle={Proceedings of the 45th International ACM SIGIR Conference on Research and Development in Information Retrieval},
  pages={267--277},
  year={2022}
}


@article{ib,
  title={The information bottleneck method},
  author={Tishby, Naftali and Pereira, Fernando C and Bialek, William},
  journal={arXiv preprint physics/0004057},
  year={2000}
}


@inproceedings{dlib,
  title={Deep learning and the information bottleneck principle},
  author={Tishby, Naftali and Zaslavsky, Noga},
  booktitle={2015 ieee information theory workshop (itw)},
  pages={1--5},
  year={2015},
  organization={IEEE}
}


@article{nfs,
  title={Normalizing flows: An introduction and review of current methods},
  author={Kobyzev, Ivan and Prince, Simon JD and Brubaker, Marcus A},
  journal={IEEE transactions on pattern analysis and machine intelligence},
  volume={43},
  number={11},
  pages={3964--3979},
  year={2020},
  publisher={IEEE}
}


@inproceedings{lenf,
  title={Leveraging exploration in off-policy algorithms via normalizing flows},
  author={Mazoure, Bogdan and Doan, Thang and Durand, Audrey and Pineau, Joelle and Hjelm, R Devon},
  booktitle={Conference on Robot Learning},
  pages={430--444},
  year={2020},
  organization={PMLR}
}


@article{ienf,
  title={Improving exploration in soft-actor-critic with normalizing flows policies},
  author={Ward, Patrick Nadeem and Smofsky, Ariella and Bose, Avishek Joey},
  journal={arXiv preprint arXiv:1906.02771},
  year={2019}
}


@inproceedings{rvfnf,
  title={Randomized value functions via multiplicative normalizing flows},
  author={Touati, Ahmed and Satija, Harsh and Romoff, Joshua and Pineau, Joelle and Vincent, Pascal},
  booktitle={Uncertainty in Artificial Intelligence},
  pages={422--432},
  year={2020},
  organization={PMLR}
}


@article{graphnvp,
  title={Graphnvp: An invertible flow model for generating molecular graphs},
  author={Madhawa, Kaushalya and Ishiguro, Katushiko and Nakago, Kosuke and Abe, Motoki},
  journal={arXiv preprint arXiv:1905.11600},
  year={2019}
}


@article{npfkgc,
  title={Normalizing flow-based neural process for few-shot knowledge graph completion},
  author={Luo, Linhao and Li, Yuan-Fang and Haffari, Gholamreza and Pan, Shirui},
  journal={arXiv preprint arXiv:2304.08183},
  year={2023}
}


@inproceedings{udeca,
  title={Unsupervised deep embedding for clustering analysis},
  author={Xie, Junyuan and Girshick, Ross and Farhadi, Ali},
  booktitle={International conference on machine learning},
  pages={478--487},
  year={2016},
  organization={PMLR}
}


@article{t_sne,
  title={Visualizing data using t-SNE.},
  author={Van der Maaten, Laurens and Hinton, Geoffrey},
  journal={Journal of machine learning research},
  volume={9},
  number={11},
  year={2008}
}


@inproceedings{cmiffr,
  title={Controllable multi-interest framework for recommendation},
  author={Cen, Yukuo and Zhang, Jianwei and Zou, Xu and Zhou, Chang and Yang, Hongxia and Tang, Jie},
  booktitle={Proceedings of the 26th ACM SIGKDD International Conference on Knowledge Discovery \& Data Mining},
  pages={2942--2951},
  year={2020}
}


@article{epimifsr,
  title={Exploring periodicity and interactivity in multi-interest framework for sequential recommendation},
  author={Chen, Gaode and Zhang, Xinghua and Zhao, Yanyan and Xue, Cong and Xiang, Ji},
  journal={arXiv preprint arXiv:2106.04415},
  year={2021}
}


@inproceedings{remit,
  title={REMIT: reinforced multi-interest transfer for cross-domain recommendation},
  author={Sun, Caiqi and Gu, Jiewei and Hu, BinBin and Dong, Xin and Li, Hai and Cheng, Lei and Mo, Linjian},
  booktitle={Proceedings of the AAAI Conference on Artificial Intelligence},
  volume={37},
  number={8},
  pages={9900--9908},
  year={2023}
}


@article{adam,
  title={Adam: A method for stochastic optimization},
  author={Kingma, Diederik P and Ba, Jimmy},
  journal={arXiv preprint arXiv:1412.6980},
  year={2014}
}


@inproceedings{cdrnp,
  title={CDRNP: Cross-Domain Recommendation to Cold-Start Users via Neural Process},
  author={Li, Xiaodong and Sheng, Jiawei and Cao, Jiangxia and Zhang, Wenyuan and Li, Quangang and Liu, Tingwen},
  booktitle={Proceedings of the 17th ACM International Conference on Web Search and Data Mining},
  pages={378--386},
  year={2024}
}


@article{tgt,
  title={Probabilistic matrix factorization},
  author={Mnih, Andriy and Salakhutdinov, Russ R},
  journal={Advances in neural information processing systems},
  volume={20},
  year={2007}
}


@inproceedings{lacdr,
  title={Low-dimensional alignment for cross-domain recommendation},
  author={Wang, Tianxin and Zhuang, Fuzhen and Zhang, Zhiqiang and Wang, Daixin and Zhou, Jun and He, Qing},
  booktitle={Proceedings of the 30th ACM international conference on information \& knowledge management},
  pages={3508--3512},
  year={2021}
}


@inproceedings{recguru,
  title={Recguru: Adversarial learning of generalized user representations for cross-domain recommendation},
  author={Li, Chenglin and Zhao, Mingjun and Zhang, Huanming and Yu, Chenyun and Cheng, Lei and Shu, Guoqiang and Kong, Beibei and Niu, Di},
  booktitle={Proceedings of the fifteenth ACM international conference on web search and data mining},
  pages={571--581},
  year={2022}
}


@article{dmbgans,
  title={Diffusion models beat gans on image synthesis},
  author={Dhariwal, Prafulla and Nichol, Alexander},
  journal={Advances in neural information processing systems},
  volume={34},
  pages={8780--8794},
  year={2021}
}


@article{ddpm,
  title={Denoising diffusion probabilistic models},
  author={Ho, Jonathan and Jain, Ajay and Abbeel, Pieter},
  journal={Advances in neural information processing systems},
  volume={33},
  pages={6840--6851},
  year={2020}
}

@inproceedings{iddpm,
  title={Improved denoising diffusion probabilistic models},
  author={Nichol, Alexander Quinn and Dhariwal, Prafulla},
  booktitle={International conference on machine learning},
  pages={8162--8171},
  year={2021},
  organization={PMLR}
}

@article{ddim,
  title={Denoising diffusion implicit models},
  author={Song, Jiaming and Meng, Chenlin and Ermon, Stefano},
  journal={International Conference on Learning Representations},
  year={2021}
}

@article{diffuseq,
  title={Diffuseq: Sequence to sequence text generation with diffusion models},
  author={Gong, Shansan and Li, Mukai and Feng, Jiangtao and Wu, Zhiyong and Kong, LingPeng},
  journal={arXiv preprint arXiv:2210.08933},
  year={2022}
}

@article{diffusion-lm,
  title={Diffusion-lm improves controllable text generation},
  author={Li, Xiang and Thickstun, John and Gulrajani, Ishaan and Liang, Percy S and Hashimoto, Tatsunori B},
  journal={Advances in Neural Information Processing Systems},
  volume={35},
  pages={4328--4343},
  year={2022}
}

@inproceedings{dulunt,
  title={Deep unsupervised learning using nonequilibrium thermodynamics},
  author={Sohl-Dickstein, Jascha and Weiss, Eric and Maheswaranathan, Niru and Ganguli, Surya},
  booktitle={International conference on machine learning},
  pages={2256--2265},
  year={2015},
  organization={PMLR}
}

@inproceedings{drm,
  title={Diffusion recommender model},
  author={Wang, Wenjie and Xu, Yiyan and Feng, Fuli and Lin, Xinyu and He, Xiangnan and Chua, Tat-Seng},
  booktitle={Proceedings of the 46th International ACM SIGIR Conference on Research and Development in Information Retrieval},
  pages={832--841},
  year={2023}
}

@inproceedings{diffkg,
  title={Diffkg: Knowledge graph diffusion model for recommendation},
  author={Jiang, Yangqin and Yang, Yuhao and Xia, Lianghao and Huang, Chao},
  booktitle={Proceedings of the 17th ACM International Conference on Web Search and Data Mining},
  pages={313--321},
  year={2024}
}

@article{udmaup,
  title={Understanding diffusion models: A unified perspective},
  author={Luo, Calvin},
  journal={arXiv preprint arXiv:2208.11970},
  year={2022}
}

@article{dreamrec,
  title={Generate What You Prefer: Reshaping Sequential Recommendation via Guided Diffusion},
  author={Yang, Zhengyi and Wu, Jiancan and Wang, Zhicai and Wang, Xiang and Yuan, Yancheng and He, Xiangnan},
  journal={Advances in Neural Information Processing Systems},
  volume={36},
  year={2024}
}


@article{trans,
  title={Attention is all you need},
  author={Vaswani, Ashish and Shazeer, Noam and Parmar, Niki and Uszkoreit, Jakob and Jones, Llion and Gomez, Aidan N and Kaiser, {\L}ukasz and Polosukhin, Illia},
  journal={Advances in neural information processing systems},
  volume={30},
  year={2017}
}


@article{cfdg,
  title={Classifier-free diffusion guidance},
  author={Ho, Jonathan and Salimans, Tim},
  journal={arXiv preprint arXiv:2207.12598},
  year={2022}
}

@inproceedings{difashion,
  title={Diffusion Models for Generative Outfit Recommendation},
  author={Xu, Yiyan and Wang, Wenjie and Feng, Fuli and Ma, Yunshan and Zhang, Jizhi and He, Xiangnan},
  booktitle={Proceedings of the 47th International ACM SIGIR Conference on Research and Development in Information Retrieval},
  pages={1350--1359},
  year={2024}
}

@inproceedings{mcdrec,
  title={Multimodal Conditioned Diffusion Model for Recommendation},
  author={Ma, Haokai and Yang, Yimeng and Meng, Lei and Xie, Ruobing and Meng, Xiangxu},
  booktitle={Companion Proceedings of the ACM on Web Conference 2024},
  pages={1733--1740},
  year={2024}
}

@article{rlesacdsr,
  title={Reinforcement learning-enhanced shared-account cross-domain sequential recommendation},
  author={Guo, Lei and Zhang, Jinyu and Chen, Tong and Wang, Xinhua and Yin, Hongzhi},
  journal={IEEE Transactions on Knowledge and Data Engineering},
  volume={35},
  number={7},
  pages={7397--7411},
  year={2022},
  publisher={IEEE}
}

@article{tiegnncdr,
  title={Time interval-enhanced graph neural network for shared-account cross-domain sequential recommendation},
  author={Guo, Lei and Zhang, Jinyu and Tang, Li and Chen, Tong and Zhu, Lei and Yin, Hongzhi},
  journal={IEEE Transactions on Neural Networks and Learning Systems},
  volume={35},
  number={3},
  pages={4002--4016},
  year={2022},
  publisher={IEEE}
}

@inproceedings{gwgrlcdr,
  title={Gromov-wasserstein guided representation learning for cross-domain recommendation},
  author={Li, Xinhang and Qiu, Zhaopeng and Zhao, Xiangyu and Wang, Zihao and Zhang, Yong and Xing, Chunxiao and Wu, Xian},
  booktitle={Proceedings of the 31st ACM International Conference on Information \& Knowledge Management},
  pages={1199--1208},
  year={2022}
}

@inproceedings{sdtl,
  title={A survey on deep transfer learning},
  author={Tan, Chuanqi and Sun, Fuchun and Kong, Tao and Zhang, Wenchang and Yang, Chao and Liu, Chunfang},
  booktitle={Artificial Neural Networks and Machine Learning--ICANN 2018: 27th International Conference on Artificial Neural Networks, Rhodes, Greece, October 4-7, 2018, Proceedings, Part III 27},
  pages={270--279},
  year={2018},
  organization={Springer}
}

@article{kerkt,
  title={A cross-domain recommender system with kernel-induced knowledge transfer for overlapping entities},
  author={Zhang, Qian and Lu, Jie and Wu, Dianshuang and Zhang, Guangquan},
  journal={IEEE transactions on neural networks and learning systems},
  volume={30},
  number={7},
  pages={1998--2012},
  year={2018},
  publisher={IEEE}
}

@inproceedings{darec,
  title={DARec: deep domain adaptation for cross-domain recommendation via transferring rating patterns},
  author={Yuan, Feng and Yao, Lina and Benatallah, Boualem},
  booktitle={Proceedings of the 28th International Joint Conference on Artificial Intelligence},
  pages={4227--4233},
  year={2019}
}

@inproceedings{tdar,
  title={Semi-supervised collaborative filtering by text-enhanced domain adaptation},
  author={Yu, Wenhui and Lin, Xiao and Ge, Junfeng and Ou, Wenwu and Qin, Zheng},
  booktitle={Proceedings of the 26th ACM SIGKDD international conference on knowledge discovery \& data mining},
  pages={2136--2144},
  year={2020}
}

@inproceedings{cfaa,
  title={Collaborative filtering with attribution alignment for review-based non-overlapped cross domain recommendation},
  author={Liu, Weiming and Zheng, Xiaolin and Hu, Mengling and Chen, Chaochao},
  booktitle={Proceedings of the ACM web conference 2022},
  pages={1181--1190},
  year={2022}
}

@article{doml,
  title={Dual metric learning for effective and efficient cross-domain recommendations},
  author={Li, Pan and Tuzhilin, Alexander},
  journal={IEEE Transactions on Knowledge and Data Engineering},
  volume={35},
  number={1},
  pages={321--334},
  year={2021},
  publisher={IEEE}
}

@article{dfsurvey,
  title={Diffusion models: A comprehensive survey of methods and applications},
  author={Yang, Ling and Zhang, Zhilong and Song, Yang and Hong, Shenda and Xu, Runsheng and Zhao, Yue and Zhang, Wentao and Cui, Bin and Yang, Ming-Hsuan},
  journal={ACM Computing Surveys},
  volume={56},
  number={4},
  pages={1--39},
  year={2023},
  publisher={ACM New York, NY, USA}
}

@article{wavegrad,
  title={Wavegrad: Estimating gradients for waveform generation},
  author={Chen, Nanxin and Zhang, Yu and Zen, Heiga and Weiss, Ron J and Norouzi, Mohammad and Chan, William},
  journal={arXiv preprint arXiv:2009.00713},
  year={2020}
}

@article{diffwave,
  title={Diffwave: A versatile diffusion model for audio synthesis},
  author={Kong, Zhifeng and Ping, Wei and Huang, Jiaji and Zhao, Kexin and Catanzaro, Bryan},
  journal={arXiv preprint arXiv:2009.09761},
  year={2020}
}

@inproceedings{hrisld,
  title={High-resolution image synthesis with latent diffusion models},
  author={Rombach, Robin and Blattmann, Andreas and Lorenz, Dominik and Esser, Patrick and Ommer, Bj{\"o}rn},
  booktitle={Proceedings of the IEEE/CVF conference on computer vision and pattern recognition},
  pages={10684--10695},
  year={2022}
}

@inproceedings{diff_msr,
  title={Diff-MSR: A Diffusion Model Enhanced Paradigm for Cold-Start Multi-Scenario Recommendation},
  author={Wang, Yuhao and Liu, Ziru and Wang, Yichao and Zhao, Xiangyu and Chen, Bo and Guo, Huifeng and Tang, Ruiming},
  booktitle={Proceedings of the 17th ACM International Conference on Web Search and Data Mining},
  pages={779--787},
  year={2024}
}

@inproceedings{diff4rec,
  title={Diff4rec: Sequential recommendation with curriculum-scheduled diffusion augmentation},
  author={Wu, Zihao and Wang, Xin and Chen, Hong and Li, Kaidong and Han, Yi and Sun, Lifeng and Zhu, Wenwu},
  booktitle={Proceedings of the 31st ACM International Conference on Multimedia},
  pages={9329--9335},
  year={2023}
}


@inproceedings{pdrec,
  title={Plug-in diffusion model for sequential recommendation},
  author={Ma, Haokai and Xie, Ruobing and Meng, Lei and Chen, Xin and Zhang, Xu and Lin, Leyu and Kang, Zhanhui},
  booktitle={Proceedings of the AAAI Conference on Artificial Intelligence},
  volume={38},
  number={8},
  pages={8886--8894},
  year={2024}
}

@article{tslcdr,
  title={Triple sequence learning for cross-domain recommendation},
  author={Ma, Haokai and Xie, Ruobing and Meng, Lei and Chen, Xin and Zhang, Xu and Lin, Leyu and Zhou, Jie},
  journal={ACM Transactions on Information Systems},
  volume={42},
  number={4},
  pages={1--29},
  year={2024},
  publisher={ACM New York, NY}
}

@inproceedings{jpedet,
  title={Learning Accurate and Bidirectional Transformation via Dynamic Embedding Transportation for Cross-Domain Recommendation},
  author={Liu, Weiming and Chen, Chaochao and Liao, Xinting and Hu, Mengling and Tan, Yanchao and Wang, Fan and Zheng, Xiaolin and Ong, Yew Soon},
  booktitle={Proceedings of the AAAI Conference on Artificial Intelligence},
  volume={38},
  number={8},
  pages={8815--8823},
  year={2024}
}

@article{diffcdr,
  title={Diffusion Cross-domain Recommendation},
  author={Xuan, Yuner},
  journal={arXiv preprint arXiv:2402.02182},
  year={2024}
}


@inproceedings{ccdr,
  title={Contrastive cross-domain recommendation in matching},
  author={Xie, Ruobing and Liu, Qi and Wang, Liangdong and Liu, Shukai and Zhang, Bo and Lin, Leyu},
  booktitle={Proceedings of the 28th ACM SIGKDD conference on knowledge discovery and data mining},
  pages={4226--4236},
  year={2022}
}

@inproceedings{mvdg,
  title={Multi-view denoising graph auto-encoders on heterogeneous information networks for cold-start recommendation},
  author={Zheng, Jiawei and Ma, Qianli and Gu, Hao and Zheng, Zhenjing},
  booktitle={Proceedings of the 27th ACM SIGKDD conference on knowledge discovery \& data mining},
  pages={2338--2348},
  year={2021}
}


@inproceedings{sgnn,
  title={How powerful are spectral graph neural networks},
  author={Wang, Xiyuan and Zhang, Muhan},
  booktitle={International conference on machine learning},
  pages={23341--23362},
  year={2022},
  organization={PMLR}
}


@article{fgnn,
  title={FourierGNN: Rethinking multivariate time series forecasting from a pure graph perspective},
  author={Yi, Kun and Zhang, Qi and Fan, Wei and He, Hui and Hu, Liang and Wang, Pengyang and An, Ning and Cao, Longbing and Niu, Zhendong},
  journal={Advances in Neural Information Processing Systems},
  volume={36},
  year={2024}
}


@article{cdgsp,
  title={Connecting the dots: Identifying network structure via graph signal processing},
  author={Mateos, Gonzalo and Segarra, Santiago and Marques, Antonio G and Ribeiro, Alejandro},
  journal={IEEE Signal Processing Magazine},
  volume={36},
  number={3},
  pages={16--43},
  year={2019},
  publisher={IEEE}
}


@inproceedings{gf-cf,
  title={How powerful is graph convolution for recommendation?},
  author={Shen, Yifei and Wu, Yongji and Zhang, Yao and Shan, Caihua and Zhang, Jun and Letaief, B Khaled and Li, Dongsheng},
  booktitle={Proceedings of the 30th ACM international conference on information \& knowledge management},
  pages={1619--1629},
  year={2021}
}


@inproceedings{pgsp,
  title={Personalized graph signal processing for collaborative filtering},
  author={Liu, Jiahao and Li, Dongsheng and Gu, Hansu and Lu, Tun and Zhang, Peng and Shang, Li and Gu, Ning},
  booktitle={Proceedings of the ACM Web Conference 2023},
  pages={1264--1272},
  year={2023}
}


@inproceedings{higsp,
  title={Hierarchical Graph Signal Processing for Collaborative Filtering},
  author={Xia, Jiafeng and Li, Dongsheng and Gu, Hansu and Lu, Tun and Zhang, Peng and Shang, Li and Gu, Ning},
  booktitle={Proceedings of the ACM on Web Conference 2024},
  pages={3229--3240},
  year={2024}
}


@inproceedings{bsarec,
  title={An attentive inductive bias for sequential recommendation beyond the self-attention},
  author={Shin, Yehjin and Choi, Jeongwhan and Wi, Hyowon and Park, Noseong},
  booktitle={Proceedings of the AAAI Conference on Artificial Intelligence},
  volume={38},
  number={8},
  pages={8984--8992},
  year={2024}
}


@inproceedings{dien,
  title={Deep interest evolution network for click-through rate prediction},
  author={Zhou, Guorui and Mou, Na and Fan, Ying and Pi, Qi and Bian, Weijie and Zhou, Chang and Zhu, Xiaoqiang and Gai, Kun},
  booktitle={Proceedings of the AAAI conference on artificial intelligence},
  number={01},
  year={2019}
}

@inproceedings{semi,
  title={Semi: A sequential multi-modal information transfer network for e-commerce micro-video recommendations},
  author={Lei, Chenyi and Liu, Yong and Zhang, Lingzi and Wang, Guoxin and Tang, Haihong and Li, Houqiang and Miao, Chunyan},
  booktitle={Proceedings of the 27th ACM SIGKDD Conference on Knowledge Discovery \& Data Mining},
  year={2021}
}

@inproceedings{sitn,
  title={Self-supervised interest transfer network via prototypical contrastive learning for recommendation},
  author={Sun, Guoqiang and Shen, Yibin and Zhou, Sijin and Chen, Xiang and Liu, Hongyan and Wu, Chunming and Lei, Chenyi and Wei, Xianhui and Fang, Fei},
  booktitle={Proceedings of the AAAI Conference on Artificial Intelligence},
  volume={37},
  number={4},
  pages={4614--4622},
  year={2023}
}


@inproceedings{mmoe,
  title={Modeling task relationships in multi-task learning with multi-gate mixture-of-experts},
  author={Ma, Jiaqi and Zhao, Zhe and Yi, Xinyang and Chen, Jilin and Hong, Lichan and Chi, Ed H},
  booktitle={Proceedings of the 24th ACM SIGKDD international conference on knowledge discovery \& data mining},
  pages={1930--1939},
  year={2018}
}


@inproceedings{ple,
  title={Progressive layered extraction (ple): A novel multi-task learning (mtl) model for personalized recommendations},
  author={Tang, Hongyan and Liu, Junning and Zhao, Ming and Gong, Xudong},
  booktitle={Proceedings of the 14th ACM Conference on Recommender Systems},
  pages={269--278},
  year={2020}
}


@article{abf,
  title={Align before fuse: Vision and language representation learning with momentum distillation},
  author={Li, Junnan and Selvaraju, Ramprasaath and Gotmare, Akhilesh and Joty, Shafiq and Xiong, Caiming and Hoi, Steven Chu Hong},
  journal={Advances in neural information processing systems},
  volume={34},
  pages={9694--9705},
  year={2021}
}


@article{moment_cross,
  title={Moment\&Cross: Next-Generation Real-Time Cross-Domain CTR Prediction for Live-Streaming Recommendation at Kuaishou},
  author={Cao, Jiangxia and Wang, Shen and Li, Yue and Wang, Shenghui and Tang, Jian and Wang, Shiyao and Yang, Shuang and Liu, Zhaojie and Zhou, Guorui},
  journal={arXiv preprint arXiv:2408.05709},
  year={2024}
}


@inproceedings{mmbee,
  title={MMBee: Live Streaming Gift-Sending Recommendations via Multi-Modal Fusion and Behaviour Expansion},
  author={Deng, Jiaxin and Wang, Shiyao and Wang, Yuchen and Qi, Jiansong and Zhao, Liqin and Zhou, Guorui and Meng, Gaofeng},
  booktitle={Proceedings of the 30th ACM SIGKDD Conference on Knowledge Discovery and Data Mining},
  pages={4896--4905},
  year={2024}
}

@inproceedings{liverec,
  title={Recommendation on live-streaming platforms: Dynamic availability and repeat consumption},
  author={Rappaz, J{\'e}r{\'e}mie and McAuley, Julian and Aberer, Karl},
  booktitle={Proceedings of the 15th ACM Conference on Recommender Systems},
  pages={390--399},
  year={2021}
}

@article{adarm,
  title={Deep sequential model for anchor recommendation on live streaming platforms},
  author={Zhang, Shuai and Liu, Hongyan and He, Jun and Han, Sanpu and Du, Xiaoyong},
  journal={Big Data Mining and Analytics},
  volume={4},
  number={3},
  pages={173--182},
  year={2021},
  publisher={TUP}
}

@article{driver,
  title={Live streaming recommendations based on dynamic representation learning},
  author={Gao, Ge and Liu, Hongyan and Zhao, Kang},
  journal={Decision Support Systems},
  volume={169},
  pages={113957},
  year={2023},
  publisher={Elsevier}
}

@article{mta,
  title={A multimodal time-series method for gifting prediction in live streaming platforms},
  author={Xi, Dinghao and Tang, Liumin and Chen, Runyu and Xu, Wei},
  journal={Information Processing \& Management},
  volume={60},
  number={3},
  pages={103254},
  year={2023},
  publisher={Elsevier}
}

@article{contentctr,
  title={ContentCTR: Frame-level Live Streaming Click-Through Rate Prediction with Multimodal Transformer},
  author={Deng, Jiaxin and Shen, Dong and Wang, Shiyao and Wu, Xiangyu and Yang, Fan and Zhou, Guorui and Meng, Gaofeng},
  journal={arXiv preprint arXiv:2306.14392},
  year={2023}
}

@article{unicdr+,
  title={A Unified Framework for Cross-Domain Recommendation},
  author={Cao, Jiangxia and Wang, Shen and Chen, Gaode and Huang, Rui and Yang, Shuang and Liu, Zhaojie and Zhou, Guorui},
  journal={arXiv preprint arXiv:2409.04540},
  year={2024}
}

@inproceedings{diagae,
  title={Dual Interests-Aligned Graph Auto-Encoders for Cross-domain Recommendation in WeChat},
  author={Zheng, Jiawei and Gu, Hao and Song, Chonggang and Lin, Dandan and Yi, Lingling and Chen, Chuan},
  booktitle={Proceedings of the 32nd ACM International Conference on Information and Knowledge Management},
  pages={4988--4994},
  year={2023}
}

@article{home,
  title={HoME: Hierarchy of Multi-Gate Experts for Multi-Task Learning at Kuaishou},
  author={Wang, Xu and Cao, Jiangxia and Fu, Zhiyi and Gai, Kun and Zhou, Guorui},
  journal={arXiv preprint arXiv:2408.05430},
  year={2024}
}

@inproceedings{m3csr,
  title={A Multi-modal Modeling Framework for Cold-start Short-video Recommendation},
  author={Chen, Gaode and Sun, Ruina and Jiang, Yuezihan and Cao, Jiangxia and Zhang, Qi and Lin, Jingjian and Li, Han and Gai, Kun and Zhang, Xinghua},
  booktitle={Proceedings of the 18th ACM Conference on Recommender Systems},
  pages={391--400},
  year={2024}
}

@article{dmcdr,
  title={Exploring Preference-Guided Diffusion Model for Cross-Domain Recommendation},
  author={Li, Xiaodong and Tang, Hengzhu and Sheng, Jiawei and Zhang, Xinghua and Gao, Li and Cheng, Suqi and Yin, Dawei and Liu, Tingwen},
  journal={arXiv preprint arXiv:2501.11671},
  year={2025}
}

@inproceedings{ddcdr,
  title={DDCDR: A Disentangle-based Distillation Framework for Cross-Domain Recommendation},
  author={An, Zhicheng and Gu, Zhexu and Yu, Li and Tu, Ke and Wu, Zhengwei and Hu, Binbin and Zhang, Zhiqiang and Gu, Lihong and Gu, Jinjie},
  booktitle={Proceedings of the 30th ACM SIGKDD Conference on Knowledge Discovery and Data Mining},
  pages={4764--4773},
  year={2024}
}

@inproceedings{lcn,
  title={Cross-Domain LifeLong Sequential Modeling for Online Click-Through Rate Prediction},
  author={Hou, Ruijie and Yang, Zhaoyang and Ming, Yu and Lu, Hongyu and Zheng, Zhuobin and Chen, Yu and Zeng, Qinsong and Chen, Ming},
  booktitle={Proceedings of the 30th ACM SIGKDD Conference on Knowledge Discovery and Data Mining},
  pages={5116--5125},
  year={2024}
}

@inproceedings{star,
  title={One model to serve all: Star topology adaptive recommender for multi-domain ctr prediction},
  author={Sheng, Xiang-Rong and Zhao, Liqin and Zhou, Guorui and Ding, Xinyao and Dai, Binding and Luo, Qiang and Yang, Siran and Lv, Jingshan and Zhang, Chi and Deng, Hongbo and others},
  booktitle={Proceedings of the 30th ACM International Conference on Information \& Knowledge Management},
  pages={4104--4113},
  year={2021}
}

@inproceedings{pepnet,
  title={Pepnet: Parameter and embedding personalized network for infusing with personalized prior information},
  author={Chang, Jianxin and Zhang, Chenbin and Hui, Yiqun and Leng, Dewei and Niu, Yanan and Song, Yang and Gai, Kun},
  booktitle={Proceedings of the 29th ACM SIGKDD Conference on Knowledge Discovery and Data Mining},
  pages={3795--3804},
  year={2023}
}

@inproceedings{cdanet,
  title={Enhancing cross-domain click-through rate prediction via explicit feature augmentation},
  author={Chen, Xu and Cheng, Zida and Yao, Jiangchao and Ju, Chen and Huang, Weilin and Lan, Jinsong and Zeng, Xiaoyi and Xiao, Shuai},
  booktitle={Companion Proceedings of the ACM on Web Conference 2024},
  pages={423--432},
  year={2024}
}


@inproceedings{sdim,
  title={Sampling is all you need on modeling long-term user behaviors for CTR prediction},
  author={Cao, Yue and Zhou, Xiaojiang and Feng, Jiaqi and Huang, Peihao and Xiao, Yao and Chen, Dayao and Chen, Sheng},
  booktitle={Proceedings of the 31st ACM International Conference on Information \& Knowledge Management},
  pages={2974--2983},
  year={2022}
}


@article{eta,
  title={End-to-end user behavior retrieval in click-through rateprediction model},
  author={Chen, Qiwei and Pei, Changhua and Lv, Shanshan and Li, Chao and Ge, Junfeng and Ou, Wenwu},
  journal={arXiv preprint arXiv:2108.04468},
  year={2021}
}


@inproceedings{adatt,
  title={AdaTT: Adaptive Task-to-Task Fusion Network for Multitask Learning in Recommendations},
  author={Li, Danwei and Zhang, Zhengyu and Yuan, Siyang and Gao, Mingze and Zhang, Weilin and Yang, Chaofei and Liu, Xi and Yang, Jiyan},
  booktitle={Proceedings of the 29th ACM SIGKDD Conference on Knowledge Discovery and Data Mining},
  pages={4370--4379},
  year={2023}
}


@article{qarm,
  title={QARM: Quantitative Alignment Multi-Modal Recommendation at Kuaishou},
  author={Luo, Xinchen and Cao, Jiangxia and Sun, Tianyu and Yu, Jinkai and Huang, Rui and Yuan, Wei and Lin, Hezheng and Zheng, Yichen and Wang, Shiyao and Hu, Qigen and others},
  journal={arXiv preprint arXiv:2411.11739},
  year={2024}
}

@inproceedings{adsnet,
  title={ADSNet: Cross-Domain LTV Prediction with an Adaptive Siamese Network in Advertising},
  author={Wang, Ruize and Xu, Hui and Cheng, Ying and He, Qi and Zhou, Xing and Feng, Rui and Xu, Wei and Huang, Lei and Jiang, Jie},
  booktitle={Proceedings of the 30th ACM SIGKDD Conference on Knowledge Discovery and Data Mining},
  pages={5872--5881},
  year={2024}
}

@article{end4rec,
  title={END4Rec: Efficient Noise-Decoupling for Multi-Behavior Sequential Recommendation},
  author={Han, Yongqiang and Wang, Hao and Wang, Kefan and Wu, Likang and Li, Zhi and Guo, Wei and Liu, Yong and Lian, Defu and Chen, Enhong},
  journal={arXiv preprint arXiv:2403.17603},
  year={2024}
}

@inproceedings{fmlp-rec,
  title={Filter-enhanced MLP is all you need for sequential recommendation},
  author={Zhou, Kun and Yu, Hui and Zhao, Wayne Xin and Wen, Ji-Rong},
  booktitle={Proceedings of the ACM web conference 2022},
  pages={2388--2399},
  year={2022}
}

@book{fft,
  title={Computational frameworks for the fast Fourier transform},
  author={Van Loan, Charles},
  year={1992},
  publisher={SIAM}
}

@article{anderson1984model,
  title={A model for the shape of the Fourier amplitude spectrum of acceleration at high frequencies},
  author={Anderson, John G and Hough, Susan E},
  journal={Bulletin of the Seismological Society of America},
  volume={74},
  number={5},
  pages={1969--1993},
  year={1984},
  publisher={The Seismological Society of America}
}

@inproceedings{farima,
  title={Daily-aware personalized recommendation based on feature-level time series analysis},
  author={Zhang, Yongfeng and Zhang, Min and Zhang, Yi and Lai, Guokun and Liu, Yiqun and Zhang, Honghui and Ma, Shaoping},
  booktitle={Proceedings of the 24th international conference on world wide web},
  pages={1373--1383},
  year={2015}
}

@article{kda,
  title={Toward dynamic user intention: Temporal evolutionary effects of item relations in sequential recommendation},
  author={Wang, Chenyang and Ma, Weizhi and Zhang, Min and Chen, Chong and Liu, Yiqun and Ma, Shaoping},
  journal={ACM Transactions on Information Systems (TOIS)},
  volume={39},
  number={2},
  pages={1--33},
  year={2020},
  publisher={ACM New York, NY, USA}
}


@inproceedings{twin,
  title={TWIN: TWo-stage interest network for lifelong user behavior modeling in CTR prediction at kuaishou},
  author={Chang, Jianxin and Zhang, Chenbin and Fu, Zhiyi and Zang, Xiaoxue and Guan, Lin and Lu, Jing and Hui, Yiqun and Leng, Dewei and Niu, Yanan and Song, Yang and others},
  booktitle={Proceedings of the 29th ACM SIGKDD Conference on Knowledge Discovery and Data Mining},
  pages={3785--3794},
  year={2023}
}


@inproceedings{kuaihl,
  title={A Multimodal Transformer for Live Streaming Highlight Prediction},
  author={Deng, Jiaxin and Wang, Shiyao and Shen, Dong and Zhao, Liqin and Yang, Fan and Zhou, Guorui and Meng, Gaofeng},
  booktitle={2024 IEEE International Conference on Multimedia and Expo (ICME)},
  year={2024}
}


@inproceedings{sim,
  title={Search-based user interest modeling with lifelong sequential behavior data for click-through rate prediction},
  author={Pi, Qi and Zhou, Guorui and Zhang, Yujing and Wang, Zhe and Ren, Lejian and Fan, Ying and Zhu, Xiaoqiang and Gai, Kun},
  booktitle={Proceedings of the 29th ACM International Conference on Information \& Knowledge Management},
  year={2020}
}


@inproceedings{cvrdd,
  title={Counterfactual video recommendation for duration debiasing},
  author={Tang, Shisong and Li, Qing and Wang, Dingmin and Gao, Ci and Xiao, Wentao and Zhao, Dan and Jiang, Yong and Ma, Qian and Zhang, Aoyang},
  booktitle={Proceedings of the 29th ACM SIGKDD Conference on Knowledge Discovery and Data Mining},
  pages={4894--4903},
  year={2023}
}


@inproceedings{eliverec,
  title={Cross-domain disentangled learning for e-commerce live streaming recommendation},
  author={Zhang, Yixin and Liu, Yong and Xiong, Hao and Liu, Yi and Yu, Fuqiang and He, Wei and Xu, Yonghui and Cui, Lizhen and Miao, Chunyan},
  booktitle={2023 IEEE 39th International Conference on Data Engineering (ICDE)},
  pages={2955--2968},
  year={2023},
  organization={IEEE}
}