@inproceedings{gao2022towards,
  title={Towards comprehensive patent approval predictions: Beyond traditional document classification},
  author={Gao, Xiaochen and Hou, Zhaoyi and Ning, Yifei and Zhao, Kewen and He, Beilei and Shang, Jingbo and Krishnan, Vish},
  booktitle={Proceedings of the 60th Annual Meeting of the Association for Computational Linguistics (Volume 1: Long Papers)},
  year={2022}
}

@inproceedings{hashimoto2023hunt,
  title={Hunt for Buried Treasures: Extracting Unclaimed Embodiments from Patent Specifications},
  author={Hashimoto, Chikara and Kumar, Gautam and Hashimoto, Shuichiro and Suzuki, Jun},
  booktitle={Proceedings of the 61st Annual Meeting of the Association for Computational Linguistics (Volume 5: Industry Track)},
  pages={25--36},
  year={2023}
}

@article{risch2020patentmatch,
  title={Patentmatch: a dataset for matching patent claims \& prior art},
  author={Risch, Julian and Alder, Nicolas and Hewel, Christoph and Krestel, Ralf},
  journal={arXiv preprint arXiv:2012.13919},
  year={2020}
}

@article{schmitt2023assessment,
  title={Assessment of patentability by means of semantic patent analysis--A mathematical-logical approach},
  author={Schmitt, Valentin J and Walter, Lothar and Schnittker, Frank C},
  journal={World Patent Information},
  volume={73},
  pages={102182},
  year={2023},
  publisher={Elsevier}
}

@article{suzgun2024harvard,
  title={The harvard uspto patent dataset: A large-scale, well-structured, and multi-purpose corpus of patent applications},
  author={Suzgun, Mirac and Melas-Kyriazi, Luke and Sarkar, Suproteem and Kominers, Scott D and Shieber, Stuart},
  journal={Advances in Neural Information Processing Systems},
  volume={36},
  year={2024}
}

