@ARTICLE{10638434,
  author={Potokar, Easton and Lay, Kalliyan and Norman, Kalin and Benham, Derek and Ashford, Spencer and Peirce, Randy and Neilsen, Tracianne B. and Kaess, Michael and Mangelson, Joshua G.},
  journal={IEEE Journal of Oceanic Engineering}, 
  title={HoloOcean: A Full-Featured Marine Robotics Simulator for Perception and Autonomy}, 
  year={2024},
  volume={49},
  number={4},
  pages={1322-1336},
  keywords={Sonar;Robot sensing systems;Octrees;Noise measurement;Sea surface;Echo sounders;Marine navigation;Mobile robots;Autonomous underwater vehicles;Underwater vehicles;Underwater tracking;Marine;open source;robotics;simulation;sonar;unreal},
  doi={10.1109/JOE.2024.3410290}}

@INPROCEEDINGS{5206737,
  author={Babenko, Boris and Yang, Ming-Hsuan and Belongie, Serge},
  booktitle={2009 IEEE Conference on Computer Vision and Pattern Recognition}, 
  title={Visual tracking with online Multiple Instance Learning}, 
  year={2009},
  volume={},
  number={},
  pages={983-990},
  keywords={Degradation;Supervised learning;Robustness},
  doi={10.1109/CVPR.2009.5206737}}

@INPROCEEDINGS{5539960,
  author={Bolme, David S. and Beveridge, J. Ross and Draper, Bruce A. and Lui, Yui Man},
  booktitle={2010 IEEE Computer Society Conference on Computer Vision and Pattern Recognition}, 
  title={Visual object tracking using adaptive correlation filters}, 
  year={2010},
  volume={},
  number={},
  pages={2544-2550},
  keywords={Adaptive filters;Target tracking;Robustness;Object detection;Resumes;Video sequences;Detectors;Cameras;Convolution},
  doi={10.1109/CVPR.2010.5539960}}

@INPROCEEDINGS{5596017,
  author={Kalal, Zdenek and Mikolajczyk, Krystian and Matas, Jiri},
  booktitle={2010 20th International Conference on Pattern Recognition}, 
  title={Forward-Backward Error: Automatic Detection of Tracking Failures}, 
  year={2010},
  volume={},
  number={},
  pages={2756-2759},
  keywords={Trajectory;Target tracking;Measurement uncertainty;Pixel;Reliability;Video sequences;tracking failure detection;forward backward error},
  doi={10.1109/ICPR.2010.675}}

@ARTICLE{6263248,
  author={Palomeras, Narcis and El-Fakdi, Andres and Carreras, Marc and Ridao, Pere},
  journal={IEEE Journal of Oceanic Engineering}, 
  title={COLA2: A Control Architecture for AUVs}, 
  year={2012},
  volume={37},
  number={4},
  pages={695-716},
  keywords={Petri nets;Learning;Underwater vehicles;Underwater cables;Robot control;Mission programming;Petri nets (PNs);reinforcement learning (RL);robot control architectures;underwater vehicles},
  doi={10.1109/JOE.2012.2205638}}

@INPROCEEDINGS{9032954,
  author={Kezebou, Landry and Oludare, Victor and Panetta, Karen and Agaian, Sos S},
  booktitle={2019 IEEE International Symposium on Technologies for Homeland Security (HST)}, 
  title={Underwater Object Tracking Benchmark and Dataset}, 
  year={2019},
  volume={},
  number={},
  pages={1-6},
  keywords={Object tracking;Benchmark testing;Target tracking;Videos;Visualization;Image color analysis;Underwater tracking;Underwater visual data;object tracking;benchmark dataset;performance evaluation;image enhancement},
  doi={10.1109/HST47167.2019.9032954}}

@ARTICLE{9904898,
  author={Safa, Ali and Ocket, Ilja and Bourdoux, André and Sahli, Hichem and Catthoor, Francky and Gielen, Georges G. E.},
  journal={IEEE Transactions on Cognitive and Developmental Systems}, 
  title={STDP-Driven Development of Attention-Based People Detection in Spiking Neural Networks}, 
  year={2024},
  volume={16},
  number={1},
  pages={380-387},
  keywords={Neurons;Drones;Voltage control;Cameras;Encoding;Feature extraction;Legged locomotion;Bioinspired vision;continual learning (CL);spike-timing-dependent plasticity (STDP)},
  doi={10.1109/TCDS.2022.3210278}}

@InProceedings{Alawode_2022_ACCV,
    author    = {Alawode, Basit and Guo, Yuhang and Ummar, Mehnaz and Werghi, Naoufel and Dias, Jorge and Mian, Ajmal and Javed, Sajid},
    title     = {UTB180: A High-quality Benchmark for Underwater Tracking},
    booktitle = {Proceedings of the Asian Conference on Computer Vision (ACCV)},
    month     = {December},
    year      = {2022},
    pages     = {3326-3342}
}

@inproceedings{Grabner2006,
  author    = {H. Grabner and H. Bischof},
  title     = {Robust Object Tracking Using Online AdaBoost},
  booktitle = {Proceedings of the IEEE International Conference on Computer Vision and Pattern Recognition (CVPR)},
  pages     = {1--8},
  year      = {2006},
  publisher = {IEEE},
  doi       = {10.1109/CVPR.2006.207}
}

@INPROCEEDINGS{Katija:WACV:2021,
  author={Katija, Kakani and Roberts, Paul L D and Daniels, Joost and Lapides, Alexandra and Barnard, Kevin and Risi, Mike and Ranaan, Ben Y and Woodward, Benjamin G and Takahashi, Jonathan},
  booktitle={2021 IEEE Winter Conference on Applications of Computer Vision (WACV)}, 
  title={Visual tracking of deepwater animals using machine learning-controlled robotic underwater vehicles}, 
  year={2021},
  volume={},
  number={},
  pages={859-868},
  keywords={Visualization;Target tracking;Machine learning algorithms;Three-dimensional displays;Animals;Oceans;Ecosystems},
  doi={10.1109/WACV48630.2021.00090}}

@article{Li2015NUSPRO,
  title     = {{NUS-PRO: A New Visual Tracking Challenge}},
  author    = {Annan Li and Min Lin and Yi Wu and Ming-Hsuan Yang and Shuicheng Yan},
  journal   = {IEEE Transactions on Pattern Analysis and Machine Intelligence},
  volume    = {38},
  number    = {2},
  pages     = {335--349},
  year      = {2016},
  doi       = {10.1109/TPAMI.2015.2456904},
  url       = {https://ieeexplore.ieee.org/document/7072555},
}

@inproceedings{Lukezic2017,
  author    = {Alan Lukežič and Tomáš Vojíř and Luka Čehovin Zajc and Jiří Matas and Matej Kristan},
  title     = {Discriminative Correlation Filter with Channel and Spatial Reliability},
  booktitle = {Proceedings of the IEEE Conference on Computer Vision and Pattern Recognition (CVPR)},
  pages     = {6309--6318},
  year      = {2017},
  publisher = {IEEE},
  doi       = {10.1109/CVPR.2017.667}
}

@ARTICLE{Panetta:IJOE:2022,
  author={Panetta, Karen and Kezebou, Landry and Oludare, Victor and Agaian, Sos},
  journal={IEEE Journal of Oceanic Engineering}, 
  title={Comprehensive Underwater Object Tracking Benchmark Dataset and Underwater Image Enhancement With GAN}, 
  year={2022},
  volume={47},
  number={1},
  pages={59-75},
  keywords={Visualization;Benchmark testing;Distortion;Object tracking;Generative adversarial networks;Target tracking;Video sequences;Underwater benchmark dataset;underwater generative adversarial network (GAN);underwater image enhancement (UIE);underwater object tracking (UOT)},
  doi={10.1109/JOE.2021.3086907}}

@article{Ronny:IJMET:2018,
title = "Development of underwater object tracking system with camera as visual feedback",
keywords = "Color Extraction, Image processing, Remotely Operated Vehicle, Visual sensor",
author = "Ronny Mardiyanto and Saputra, {Erwin Ardias} and Heri Suryoatmojo",
note = "Publisher Copyright: {\textcopyright} IAEME Publication.",
year = "2018",
month = sep,
language = "English",
volume = "9",
pages = "478--488",
journal = "International Journal of Mechanical Engineering and Technology",
issn = "0976-6340",
publisher = "IAEME Publication",
number = "9",
}

@article{chen2022visual,
  title={Visual object tracking: A survey},
  author={Chen, Fei and Wang, Xiaodong and Zhao, Yunxiang and Lv, Shaohe and Niu, Xin},
  journal={Computer Vision and Image Understanding},
  volume={222},
  pages={103508},
  year={2022},
  publisher={Elsevier}
}

@inproceedings{dardagan2021multiple,
  title={Multiple object trackers in OpenCV: a benchmark},
  author={Dardagan, N. and Brdanin, A. and Dzigal, D. and Akagic, A.},
  booktitle={2021 IEEE 30th international symposium on industrial electronics (ISIE)},
  pages={1--6},
  year={2021},
  organization={IEEE}
}

@article{fabbri2018underwater,
  author = {Fabbri, Cristiano and Islam, M. Jubaer and Sattar, Junaed},
  title = {Enhancing Underwater Imagery Using Generative Adversarial Networks},
  journal = {IEEE Robotics and Automation Letters},
  year = {2018},
  volume = {3},
  number = {1},
  pages = {605--612},
}

@article{henriques2014high,
  title={High-speed tracking with kernelized correlation filters},
  author={Henriques, Jo{\~a}o F and Caseiro, Rui and Martins, Pedro and Batista, Jorge},
  journal={IEEE transactions on pattern analysis and machine intelligence},
  volume={37},
  number={3},
  pages={583--596},
  year={2014},
  publisher={IEEE}
}

@article{kalal2011tracking,
  title={Tracking-learning-detection},
  author={Kalal, Zdenek and Mikolajczyk, Krystian and Matas, Jiri},
  journal={IEEE transactions on pattern analysis and machine intelligence},
  volume={34},
  number={7},
  pages={1409--1422},
  year={2011},
  publisher={IEEE}
}

@article{kartal2024autonomous,
  title={Autonomous Underwater Pipe Damage Detection Positioning and Pipe Line Tracking Experiment with Unmanned Underwater Vehicle},
  author={Kartal, Seda Karadeniz and Cantekin, Recep Fatih},
  journal={Journal of Marine Science and Engineering},
  volume={12},
  number={11},
  pages={2002},
  year={2024},
  publisher={MDPI}
}

@inproceedings{kristan2015vot,
  author    = {Kristan, Matej and Leonardis, Aleš and Matas, Jiří and Felsberg, Michael and Pflugfelder, Roman and Čehovin, Luka and Fernandez, Gustavo and Vojíř, Tomáš and Hager, Gustav and Nebehay, Georg and others},
  title     = {The Visual Object Tracking {VOT2015} Challenge Results},
  booktitle = {Proceedings of the IEEE International Conference on Computer Vision Workshops (ICCVW)},
  pages     = {1--23},
  year      = {2015},
  doi       = {10.1109/ICCVW.2015.77},
  url       = {https://ieeexplore.ieee.org/document/7406464},
}

@article{leal2015motchallenge,
  title={Motchallenge 2015: Towards a benchmark for multi-target tracking},
  author={Leal-Taix{\'e}, L},
  journal={arXiv preprint arXiv:1504.01942},
  year={2015}
}

@article{li2023underwater,
  title={Underwater object tracker: UOSTrack for marine organism grasping of underwater vehicles},
  author={Li, Yunfeng and Wang, Bo and Li, Ye and Liu, Zhuoyan and Huo, Wei and Li, Yueming and Cao, Jian},
  journal={Ocean Engineering},
  volume={285},
  pages={115449},
  year={2023},
  publisher={Elsevier}
}

@article{rout2024underwater,
  title={Underwater visual surveillance: A comprehensive survey},
  author={Rout, Deepak Kumar and Kapoor, Meghna and Subudhi, Badri Narayan and Thangaraj, Veerakumar and Jakhetiya, Vinit and Bansal, Ankur},
  journal={Ocean Engineering},
  volume={309},
  pages={118367},
  year={2024},
  publisher={Elsevier}
}

