@article{Ronny:IJMET:2018,
title = "Development of underwater object tracking system with camera as visual feedback",
keywords = "Color Extraction, Image processing, Remotely Operated Vehicle, Visual sensor",
author = "Ronny Mardiyanto and Saputra, {Erwin Ardias} and Heri Suryoatmojo",
note = "Publisher Copyright: {\textcopyright} IAEME Publication.",
year = "2018",
month = sep,
language = "English",
volume = "9",
pages = "478--488",
journal = "International Journal of Mechanical Engineering and Technology",
issn = "0976-6340",
publisher = "IAEME Publication",
number = "9",
}

@INPROCEEDINGS{Katija:WACV:2021,
  author={Katija, Kakani and Roberts, Paul L D and Daniels, Joost and Lapides, Alexandra and Barnard, Kevin and Risi, Mike and Ranaan, Ben Y and Woodward, Benjamin G and Takahashi, Jonathan},
  booktitle={2021 IEEE Winter Conference on Applications of Computer Vision (WACV)}, 
  title={Visual tracking of deepwater animals using machine learning-controlled robotic underwater vehicles}, 
  year={2021},
  volume={},
  number={},
  pages={859-868},
  keywords={Visualization;Target tracking;Machine learning algorithms;Three-dimensional displays;Animals;Oceans;Ecosystems},
  doi={10.1109/WACV48630.2021.00090}}
@article{kartal2024autonomous,
  title={Autonomous Underwater Pipe Damage Detection Positioning and Pipe Line Tracking Experiment with Unmanned Underwater Vehicle},
  author={Kartal, Seda Karadeniz and Cantekin, Recep Fatih},
  journal={Journal of Marine Science and Engineering},
  volume={12},
  number={11},
  pages={2002},
  year={2024},
  publisher={MDPI}
}
@article{li2023underwater,
  title={Underwater object tracker: UOSTrack for marine organism grasping of underwater vehicles},
  author={Li, Yunfeng and Wang, Bo and Li, Ye and Liu, Zhuoyan and Huo, Wei and Li, Yueming and Cao, Jian},
  journal={Ocean Engineering},
  volume={285},
  pages={115449},
  year={2023},
  publisher={Elsevier}
}

@article{rout2024underwater,
  title={Underwater visual surveillance: A comprehensive survey},
  author={Rout, Deepak Kumar and Kapoor, Meghna and Subudhi, Badri Narayan and Thangaraj, Veerakumar and Jakhetiya, Vinit and Bansal, Ankur},
  journal={Ocean Engineering},
  volume={309},
  pages={118367},
  year={2024},
  publisher={Elsevier}
}

%datasets

@ARTICLE{Panetta:IJOE:2022,
  author={Panetta, Karen and Kezebou, Landry and Oludare, Victor and Agaian, Sos},
  journal={IEEE Journal of Oceanic Engineering}, 
  title={Comprehensive Underwater Object Tracking Benchmark Dataset and Underwater Image Enhancement With GAN}, 
  year={2022},
  volume={47},
  number={1},
  pages={59-75},
  keywords={Visualization;Benchmark testing;Distortion;Object tracking;Generative adversarial networks;Target tracking;Video sequences;Underwater benchmark dataset;underwater generative adversarial network (GAN);underwater image enhancement (UIE);underwater object tracking (UOT)},
  doi={10.1109/JOE.2021.3086907}}

@InProceedings{Alawode_2022_ACCV,
    author    = {Alawode, Basit and Guo, Yuhang and Ummar, Mehnaz and Werghi, Naoufel and Dias, Jorge and Mian, Ajmal and Javed, Sajid},
    title     = {UTB180: A High-quality Benchmark for Underwater Tracking},
    booktitle = {Proceedings of the Asian Conference on Computer Vision (ACCV)},
    month     = {December},
    year      = {2022},
    pages     = {3326-3342}
}

@article{henriques2014high,
  title={High-speed tracking with kernelized correlation filters},
  author={Henriques, Jo{\~a}o F and Caseiro, Rui and Martins, Pedro and Batista, Jorge},
  journal={IEEE transactions on pattern analysis and machine intelligence},
  volume={37},
  number={3},
  pages={583--596},
  year={2014},
  publisher={IEEE}
}
@INPROCEEDINGS{5206737,
  author={Babenko, Boris and Yang, Ming-Hsuan and Belongie, Serge},
  booktitle={2009 IEEE Conference on Computer Vision and Pattern Recognition}, 
  title={Visual tracking with online Multiple Instance Learning}, 
  year={2009},
  volume={},
  number={},
  pages={983-990},
  keywords={Degradation;Supervised learning;Robustness},
  doi={10.1109/CVPR.2009.5206737}}
@article{kalal2011tracking,
  title={Tracking-learning-detection},
  author={Kalal, Zdenek and Mikolajczyk, Krystian and Matas, Jiri},
  journal={IEEE transactions on pattern analysis and machine intelligence},
  volume={34},
  number={7},
  pages={1409--1422},
  year={2011},
  publisher={IEEE}
}

@INPROCEEDINGS{5596017,
  author={Kalal, Zdenek and Mikolajczyk, Krystian and Matas, Jiri},
  booktitle={2010 20th International Conference on Pattern Recognition}, 
  title={Forward-Backward Error: Automatic Detection of Tracking Failures}, 
  year={2010},
  volume={},
  number={},
  pages={2756-2759},
  keywords={Trajectory;Target tracking;Measurement uncertainty;Pixel;Reliability;Video sequences;tracking failure detection;forward backward error},
  doi={10.1109/ICPR.2010.675}}


@INPROCEEDINGS{5539960,
  author={Bolme, David S. and Beveridge, J. Ross and Draper, Bruce A. and Lui, Yui Man},
  booktitle={2010 IEEE Computer Society Conference on Computer Vision and Pattern Recognition}, 
  title={Visual object tracking using adaptive correlation filters}, 
  year={2010},
  volume={},
  number={},
  pages={2544-2550},
  keywords={Adaptive filters;Target tracking;Robustness;Object detection;Resumes;Video sequences;Detectors;Cameras;Convolution},
  doi={10.1109/CVPR.2010.5539960}}
@inproceedings{Grabner2006,
  author    = {H. Grabner and H. Bischof},
  title     = {Robust Object Tracking Using Online AdaBoost},
  booktitle = {Proceedings of the IEEE International Conference on Computer Vision and Pattern Recognition (CVPR)},
  pages     = {1--8},
  year      = {2006},
  publisher = {IEEE},
  doi       = {10.1109/CVPR.2006.207}
}
@inproceedings{Lukezic2017,
  author    = {Alan Lukežič and Tomáš Vojíř and Luka Čehovin Zajc and Jiří Matas and Matej Kristan},
  title     = {Discriminative Correlation Filter with Channel and Spatial Reliability},
  booktitle = {Proceedings of the IEEE Conference on Computer Vision and Pattern Recognition (CVPR)},
  pages     = {6309--6318},
  year      = {2017},
  publisher = {IEEE},
  doi       = {10.1109/CVPR.2017.667}
}

@article{fabbri2018underwater,
  author = {Fabbri, Cristiano and Islam, M. Jubaer and Sattar, Junaed},
  title = {Enhancing Underwater Imagery Using Generative Adversarial Networks},
  journal = {IEEE Robotics and Automation Letters},
  year = {2018},
  volume = {3},
  number = {1},
  pages = {605--612},
}
@inproceedings{dardagan2021multiple,
  title={Multiple object trackers in OpenCV: a benchmark},
  author={Dardagan, N. and Brdanin, A. and Dzigal, D. and Akagic, A.},
  booktitle={2021 IEEE 30th international symposium on industrial electronics (ISIE)},
  pages={1--6},
  year={2021},
  organization={IEEE}
}
%Survey
@article{chen2022visual,
  title={Visual object tracking: A survey},
  author={Chen, Fei and Wang, Xiaodong and Zhao, Yunxiang and Lv, Shaohe and Niu, Xin},
  journal={Computer Vision and Image Understanding},
  volume={222},
  pages={103508},
  year={2022},
  publisher={Elsevier}
}
%underwater
@article{li2019underwatertracking,
  author = {Li, Xiaolong and Xu, Yibing and Zhang, Jian and Li, Zhongxuan},
  title = {Underwater Object Tracking with Synthetic Datasets and Online Fusion},
  journal = {IEEE Transactions on Image Processing},
  year = {2019},
  volume = {28},
  number = {8},
  pages = {3994--4008},
}
%challenge
@article{Li2015NUSPRO,
  title     = {{NUS-PRO: A New Visual Tracking Challenge}},
  author    = {Annan Li and Min Lin and Yi Wu and Ming-Hsuan Yang and Shuicheng Yan},
  journal   = {IEEE Transactions on Pattern Analysis and Machine Intelligence},
  volume    = {38},
  number    = {2},
  pages     = {335--349},
  year      = {2016},
  doi       = {10.1109/TPAMI.2015.2456904},
  url       = {https://ieeexplore.ieee.org/document/7072555},
}

@INPROCEEDINGS{7406435,
  author={Felsberg, Michael and et al.},
  booktitle={2015 IEEE International Conference on Computer Vision Workshop (ICCVW)}, 
  title={The Thermal Infrared Visual Object Tracking VOT-TIR2015 Challenge Results}, 
  year={2015},
  volume={},
  number={},
  pages={639-651},
  keywords={Target tracking;Visualization;Benchmark testing;Cameras;Object tracking;Australia},
  doi={10.1109/ICCVW.2015.86}}
@article{leal2015motchallenge,
  title={Motchallenge 2015: Towards a benchmark for multi-target tracking},
  author={Leal-Taix{\'e}, L},
  journal={arXiv preprint arXiv:1504.01942},
  year={2015}
}
@inproceedings{kristan2015vot,
  author    = {Kristan, Matej and Leonardis, Aleš and Matas, Jiří and Felsberg, Michael and Pflugfelder, Roman and Čehovin, Luka and Fernandez, Gustavo and Vojíř, Tomáš and Hager, Gustav and Nebehay, Georg and others},
  title     = {The Visual Object Tracking {VOT2015} Challenge Results},
  booktitle = {Proceedings of the IEEE International Conference on Computer Vision Workshops (ICCVW)},
  pages     = {1--23},
  year      = {2015},
  doi       = {10.1109/ICCVW.2015.77},
  url       = {https://ieeexplore.ieee.org/document/7406464},
}
@INPROCEEDINGS{9032954,
  author={Kezebou, Landry and Oludare, Victor and Panetta, Karen and Agaian, Sos S},
  booktitle={2019 IEEE International Symposium on Technologies for Homeland Security (HST)}, 
  title={Underwater Object Tracking Benchmark and Dataset}, 
  year={2019},
  volume={},
  number={},
  pages={1-6},
  keywords={Object tracking;Benchmark testing;Target tracking;Videos;Visualization;Image color analysis;Underwater tracking;Underwater visual data;object tracking;benchmark dataset;performance evaluation;image enhancement},
  doi={10.1109/HST47167.2019.9032954}}

@inproceedings{grabner2006real,
  title={Real-time tracking via on-line boosting.},
  author={Grabner, Helmut and Grabner, Michael and Bischof, Horst},
  booktitle={Bmvc},
  volume={1},
  number={5},
  pages={6},
  year={2006},
  organization={Citeseer}
}

@inproceedings{babenko2009visual,
  title={Visual tracking with online multiple instance learning},
  author={Babenko, Boris and Yang, Ming-Hsuan and Belongie, Serge},
  booktitle={2009 IEEE Conference on computer vision and Pattern Recognition},
  pages={983--990},
  year={2009},
  organization={IEEE}
}

@inproceedings{danelljan2014adaptive,
  title={Adaptive color attributes for real-time visual tracking},
  author={Danelljan, Martin and Shahbaz Khan, Fahad and Felsberg, Michael and Van de Weijer, Joost},
  booktitle={Proceedings of the IEEE conference on computer vision and pattern recognition},
  pages={1090--1097},
  year={2014}
}

@INPROCEEDINGS{8594445,
  author={Alvarez-Tunon, Olaya and Rodriguez, Angel and Jardon, Alberto and Balaguer, Carlos},
  booktitle={2018 IEEE/RSJ International Conference on Intelligent Robots and Systems (IROS)}, 
  title={Underwater Robot Navigation for Maintenance and Inspection of Flooded Mine Shafts}, 
  year={2018},
  volume={},
  number={},
  pages={1482-1487},
  keywords={Robot sensing systems;Shafts;Three-dimensional displays;Sonar;Navigation;Visual odometry},
  doi={10.1109/IROS.2018.8594445}}

@INPROCEEDINGS{6347898,
  author={Chiella, Antonio C. B. and dos Santos, Carlos H. F. and Motta, Lucas R. H. and Rauber, Jeremy G. and Diedrich, Deisson Cassiano},
  booktitle={2012 17th International Conference on Methods \& Models in Automation \& Robotics (MMAR)}, 
  title={Control strategies applied to autonomous underwater vehicle for inspection of dams}, 
  year={2012},
  volume={},
  number={},
  pages={319-324},
  keywords={Vehicles;Mathematical model;Equations;Underwater vehicles;Vehicle dynamics;Vectors;Propellers},
  doi={10.1109/MMAR.2012.6347898}}

@INPROCEEDINGS{10161282,
  author={Girdhar, Yogesh and McGuire, Nathan and Cai, Levi and Jamieson, Stewart and McCammon, Seth and Claus, Brian and Soucie, John E. San and Todd, Jessica E. and Mooney, T. Aran},
  booktitle={2023 IEEE International Conference on Robotics and Automation (ICRA)}, 
  title={CUREE: A Curious Underwater Robot for Ecosystem Exploration}, 
  year={2023},
  volume={},
  number={},
  pages={11411-11417},
  keywords={Surveys;Visualization;Animals;Ecosystems;Robot vision systems;Marine vegetation;Cameras},
  doi={10.1109/ICRA48891.2023.10161282}}

@misc{joshi20243dwaterqualitymapping,
      title={3D Water Quality Mapping using Invariant Extended Kalman Filtering for Underwater Robot Localization}, 
      author={Kaustubh Joshi and Tianchen Liu and Alan Williams and Matthew Gray and Xiaomin Lin and Nikhil Chopra},
      year={2024},
      eprint={2409.11578},
      archivePrefix={arXiv},
      primaryClass={cs.RO},
      url={https://arxiv.org/abs/2409.11578}, 
}

@INPROCEEDINGS{7989087,
  author={Cho, Younggun and Kim, Ayoung},
  booktitle={2017 IEEE International Conference on Robotics and Automation (ICRA)}, 
  title={Visibility enhancement for underwater visual SLAM based on underwater light scattering model}, 
  year={2017},
  volume={},
  number={},
  pages={710-717},
  keywords={Scattering;Image color analysis;Attenuation;Simultaneous localization and mapping;Atmospheric modeling;Light sources;Visualization},
  doi={10.1109/ICRA.2017.7989087}}


@INPROCEEDINGS{6913908,
  author={Guth, Felipe and Silveira, Luan and Botelho, Silvia and Drews, Paulo and Ballester, Pedro},
  booktitle={5th IEEE RAS/EMBS International Conference on Biomedical Robotics and Biomechatronics}, 
  title={Underwater SLAM: Challenges, state of the art, algorithms and a new biologically-inspired approach}, 
  year={2014},
  volume={},
  number={},
  pages={981-986},
  keywords={Simultaneous localization and mapping;Feature extraction;Sonar;Sensor phenomena and characterization},
  doi={10.1109/BIOROB.2014.6913908}}

@INPROCEEDINGS{7081165,
  author={Hidalgo, Franco and Bräunl, Thomas},
  booktitle={2015 6th International Conference on Automation, Robotics and Applications (ICARA)}, 
  title={Review of underwater SLAM techniques}, 
  year={2015},
  volume={},
  number={},
  pages={306-311},
  keywords={Simultaneous localization and mapping;Feature extraction;Estimation;Vehicles;Simultaneous Localization and Mapping (SLAM);Extended Kalman Filter (EKF);Particle Filter (PF);FastSLAM;GraphSLAM;Underwater Vehicle;AUV},
  doi={10.1109/ICARA.2015.7081165}}

@INPROCEEDINGS{9775489,
  author={Aldhaheri, Sara and De Masi, Giulia and Pairet, Eric and Ardon, Paola},
  booktitle={OCEANS 2022 - Chennai}, 
  title={Underwater Robot Manipulation: Advances, Challenges and Prospective Ventures}, 
  year={2022},
  volume={},
  number={},
  pages={1-7},
  keywords={Autonomous underwater vehicles;Limiting;Oceans;Vehicle dynamics;Task analysis;Robots;Manipulator dynamics},
  doi={10.1109/OCEANSChennai45887.2022.9775489}}

@INPROCEEDINGS{8715217,
  author={Lai, Yi-Chung and Huang, Ren-Jie and Kuo, Yi-Pin and Tsao, Chun-Yu and Wang, Jung-Hua and Chang, Chung-Cheng},
  booktitle={2019 IEEE 6th International Conference on Industrial Engineering and Applications (ICIEA)}, 
  title={Underwater Target Tracking via 3D Convolutional Networks}, 
  year={2019},
  volume={},
  number={},
  pages={485-490},
  keywords={Target tracking;Convolution;Feature extraction;Three-dimensional displays;Two dimensional displays;Training;Filtering algorithms;deep learning;3D-CNN;visual tracking;spatiotemporal features},
  doi={10.1109/IEA.2019.8715217}}

@INPROCEEDINGS{10349373,
  author={Alexandrov, Vadim and Shatov, Dmitrii and Abramenkov, Alexander and Abdulov, Alexander},
  booktitle={2023 5th International Conference on Control Systems, Mathematical Modeling, Automation and Energy Efficiency (SUMMA)}, 
  title={Position Control of Maneuverable Underwater Vehicle Based on Model Identification}, 
  year={2023},
  volume={},
  number={},
  pages={76-81},
  keywords={Control design;Robot kinematics;Transfer functions;Position control;Mathematical models;Noise measurement;Vehicle dynamics;underwater robotics;system identification;PID controller;pole placement;control design},
  doi={10.1109/SUMMA60232.2023.10349373}}


@INPROCEEDINGS{9624231,
  author={Bayusari, Ike and Alfarino, Albert Mario and Hikmarika, Hera and Husin, Zaenal and Dwijayanti, Suci and Suprapto, Bhakti Yudho},
  booktitle={2021 8th International Conference on Electrical Engineering, Computer Science and Informatics (EECSI)}, 
  title={Position Control System of Autonomous Underwater Vehicle using PID Controller}, 
  year={2021},
  volume={},
  number={},
  pages={139-143},
  keywords={Autonomous underwater vehicles;Software packages;Navigation;Simulation;Computational modeling;Position control;Land surface;Autonomous Underwater Vehicle;PID;Control System;Simulink},
  doi={10.23919/EECSI53397.2021.9624231}}

@INPROCEEDINGS{9675540,
  author={Xu, Zhizun and Haroutunian, Maryam and Murphy, Alan J and Neasham, Jeff and Norman, Rose},
  booktitle={2021 4th International Conference on Mechatronics, Robotics and Automation (ICMRA)}, 
  title={A Low-Cost Visual Inertial Odometry System for Underwater Vehicles}, 
  year={2021},
  volume={},
  number={},
  pages={139-143},
  keywords={Location awareness;Integrated optics;Visualization;Mechatronics;Tracking;Inertial sensors;Sensor fusion;visual-inertial odometry;sensor fusion;underwater vehicles},
  doi={10.1109/ICMRA53481.2021.9675540}}


@INPROCEEDINGS{10018713,
  author={Safa, Ali and Verbelen, Tim and Ocket, Ilja and Bourdoux, André and Sahli, Hichem and Catthoor, Francky and Gielen, Georges G.E.},
  booktitle={2022 IEEE International Symposium on Safety, Security, and Rescue Robotics (SSRR)}, 
  title={Learning to Encode Vision on the Fly in Unknown Environments: A Continual Learning SLAM Approach for Drones}, 
  year={2022},
  volume={},
  number={},
  pages={373-378},
  keywords={Deep learning;Training;Visualization;Simultaneous localization and mapping;Surveillance;Safety;Security},
  doi={10.1109/SSRR56537.2022.10018713}}


@INPROCEEDINGS{10815886,
  author={Safa, Ali and Al-Zawqari, Ali},
  booktitle={2024 International Conference on Microelectronics (ICM)}, 
  title={Co-Design of a Robot Controller Board and Indoor Positioning System for IoT-Enabled Applications}, 
  year={2024},
  volume={},
  number={},
  pages={1-6},
  keywords={Meters;Navigation;Webcams;Motors;Motion capture;Microelectronics;Internet of Things;Robots;Wireless fidelity;Indoor positioning systems;Robotics;Positioning;Indoor Navigation;IoT},
  doi={10.1109/ICM63406.2024.10815886}}

@article{horn1981determining,
  title={Determining optical flow},
  author={Horn, Berthold KP and Schunck, Brian G},
  journal={Artificial intelligence},
  volume={17},
  number={1-3},
  pages={185--203},
  year={1981},
  publisher={Elsevier}
}

@article{duhamel1990fast,
  title={Fast Fourier transforms: a tutorial review and a state of the art},
  author={Duhamel, Pierre and Vetterli, Martin},
  journal={Signal processing},
  volume={19},
  number={4},
  pages={259--299},
  year={1990},
  publisher={Elsevier}
}

%-----------

@ARTICLE{9499961,
  author={Panetta, Karen and Kezebou, Landry and Oludare, Victor and Agaian, Sos},
  journal={IEEE Journal of Oceanic Engineering}, 
  title={Comprehensive Underwater Object Tracking Benchmark Dataset and Underwater Image Enhancement With GAN}, 
  year={2022},
  volume={47},
  number={1},
  pages={59-75},
  keywords={Visualization;Benchmark testing;Distortion;Object tracking;Generative adversarial networks;Target tracking;Video sequences;Underwater benchmark dataset;underwater generative adversarial network (GAN);underwater image enhancement (UIE);underwater object tracking (UOT)},
  doi={10.1109/JOE.2021.3086907}}

@ARTICLE{10214407,
  author={Zhou, Tian and Wang, Yuqian and Zhang, Lihong and Chen, Baowei and Yu, Xiaoyang},
  journal={IEEE Journal of Oceanic Engineering}, 
  title={Underwater Multitarget Tracking Method Based on Threshold Segmentation}, 
  year={2023},
  volume={48},
  number={4},
  pages={1255-1269},
  keywords={Target tracking;Sonar;Radar tracking;Image segmentation;Sonar detection;Object detection;Thresholding (imaging);Feature extraction;Cell-averaging constant false alarm rate (CA-CFAR) detection;Gaussian mixture cardinalized probability hypothesis density (GM-CPHD) filtering;minimum error segmentation;multitarget tracking;sonar image},
  doi={10.1109/JOE.2023.3290987}}


@ARTICLE{8207352,
  author={Salumae, Taavi and Chemori, Ahmed and Kruusmaa, Maarja},
  journal={IEEE Journal of Oceanic Engineering}, 
  title={Motion Control of a Hovering Biomimetic Four-Fin Underwater Robot}, 
  year={2019},
  volume={44},
  number={1},
  pages={54-71},
  keywords={Robots;Motion control;Inspection;Couplings;Unmanned underwater vehicles;Underwater vehicles;Aquatic robots;motion control;robot control;unmanned underwater vehicles},
  doi={10.1109/JOE.2017.2774318}}


@ARTICLE{6263248,
  author={Palomeras, Narcis and El-Fakdi, Andres and Carreras, Marc and Ridao, Pere},
  journal={IEEE Journal of Oceanic Engineering}, 
  title={COLA2: A Control Architecture for AUVs}, 
  year={2012},
  volume={37},
  number={4},
  pages={695-716},
  keywords={Petri nets;Learning;Underwater vehicles;Underwater cables;Robot control;Mission programming;Petri nets (PNs);reinforcement learning (RL);robot control architectures;underwater vehicles},
  doi={10.1109/JOE.2012.2205638}}

@ARTICLE{10638434,
  author={Potokar, Easton and Lay, Kalliyan and Norman, Kalin and Benham, Derek and Ashford, Spencer and Peirce, Randy and Neilsen, Tracianne B. and Kaess, Michael and Mangelson, Joshua G.},
  journal={IEEE Journal of Oceanic Engineering}, 
  title={HoloOcean: A Full-Featured Marine Robotics Simulator for Perception and Autonomy}, 
  year={2024},
  volume={49},
  number={4},
  pages={1322-1336},
  keywords={Sonar;Robot sensing systems;Octrees;Noise measurement;Sea surface;Echo sounders;Marine navigation;Mobile robots;Autonomous underwater vehicles;Underwater vehicles;Underwater tracking;Marine;open source;robotics;simulation;sonar;unreal},
  doi={10.1109/JOE.2024.3410290}}
%IROS 2024
@INPROCEEDINGS{10801686,
  author={He, Yuetong and Asano, Fumihiko},
  booktitle={2024 IEEE/RSJ International Conference on Intelligent Robots and Systems (IROS)}, 
  title={Interpretation of Legged Locomotion in Underwater Robots based on Rimless Wheel Model}, 
  year={2024},
  volume={},
  number={},
  pages={1271-1276},
  keywords={Legged locomotion;Autonomous underwater vehicles;Adaptation models;Navigation;Oceans;Fluid dynamics;Wheels;Numerical simulation;Numerical models;Intelligent robots},
  doi={10.1109/IROS58592.2024.10801686}}


@ARTICLE{9904898,
  author={Safa, Ali and Ocket, Ilja and Bourdoux, André and Sahli, Hichem and Catthoor, Francky and Gielen, Georges G. E.},
  journal={IEEE Transactions on Cognitive and Developmental Systems}, 
  title={STDP-Driven Development of Attention-Based People Detection in Spiking Neural Networks}, 
  year={2024},
  volume={16},
  number={1},
  pages={380-387},
  keywords={Neurons;Drones;Voltage control;Cameras;Encoding;Feature extraction;Legged locomotion;Bioinspired vision;continual learning (CL);spike-timing-dependent plasticity (STDP)},
  doi={10.1109/TCDS.2022.3210278}}
