@article{paler2020parallelizing,
  title={Parallelizing the queries in a bucket-brigade quantum random access memory},
  author={Paler, Alexandru and Oumarou, Oumarou and Basmadjian, Robert},
  journal={Physical Review A},
  volume={102},
  number={3},
  pages={032608},
  year={2020},
  publisher={APS}
}

