@misc{nielsen2002quantum,
  title={Quantum computation and quantum information},
  author={Nielsen, Michael A and Chuang, Isaac},
  year={2002},
  publisher={American Association of Physics Teachers}
}


@article{biamonte2017quantum,
  title={Quantum machine learning},
  author={Biamonte, Jacob and Wittek, Peter and Pancotti, Nicola and Rebentrost, Patrick and Wiebe, Nathan and Lloyd, Seth},
  journal={Nature},
  volume={549},
  number={7671},
  pages={195--202},
  year={2017},
  publisher={Nature Publishing Group UK London}
}


@article{harrow2009quantum,
  title={Quantum algorithm for linear systems of equations},
  author={Harrow, Aram W and Hassidim, Avinatan and Lloyd, Seth},
  journal={Physical review letters},
  volume={103},
  number={15},
  pages={150502},
  year={2009},
  publisher={APS}
}

@inproceedings{gilyen2019quantum,
  title={Quantum singular value transformation and beyond: exponential improvements for quantum matrix arithmetics},
  author={Gily{\'e}n, Andr{\'a}s and Su, Yuan and Low, Guang Hao and Wiebe, Nathan},
  booktitle={Proceedings of the 51st Annual ACM SIGACT Symposium on Theory of Computing},
  pages={193--204},
  year={2019}
}

@article{low2017optimal,
  title={Optimal Hamiltonian simulation by quantum signal processing},
  author={Low, Guang Hao and Chuang, Isaac L},
  journal={Physical review letters},
  volume={118},
  number={1},
  pages={010501},
  year={2017},
  publisher={APS}
}

@article{van2020convex,
  title={Convex optimization using quantum oracles},
  author={van Apeldoorn, Joran and Gily{\'e}n, Andr{\'a}s and Gribling, Sander and de Wolf, Ronald},
  journal={Quantum},
  volume={4},
  pages={220},
  year={2020},
  publisher={Verein zur F{\"o}rderung des Open Access Publizierens in den Quantenwissenschaften}
}


@article{preskill2018quantum,
  title={Quantum computing in the NISQ era and beyond},
  author={Preskill, John},
  journal={Quantum},
  volume={2},
  pages={79},
  year={2018},
  publisher={Verein zur F{\"o}rderung des Open Access Publizierens in den Quantenwissenschaften}
}

@article{byrd2023quantum,
  title={Quantum Computing: Progress and Innovation},
  author={Byrd, Gregory T and Ding, Yongshan},
  journal={Computer},
  volume={56},
  number={1},
  pages={20--29},
  year={2023},
  publisher={IEEE}
}

@phdthesis{hann2021practicality,
  title={Practicality of Quantum Random Access Memory},
  author={Hann, Connor T},
  year={2021},
  school={Yale University}
}


@book{jaeger1997microelectronic,
  title={Microelectronic circuit design},
  author={Jaeger, Richard C and Blalock, Travis N and Blalock, Benjamin Joseph},
  year={1997},
  publisher={McGraw-Hill New York}
}


@article{chong2017programming,
  title={Programming languages and compiler design for realistic quantum hardware},
  author={Chong, Frederic T and Franklin, Diana and Martonosi, Margaret},
  journal={Nature},
  volume={549},
  number={7671},
  pages={180--187},
  year={2017},
  publisher={Nature Publishing Group UK London}
}

@article{ding2020quantum,
  title={Quantum computer systems: Research for noisy intermediate-scale quantum computers},
  author={Ding, Yongshan and Chong, Frederic T},
  journal={Synthesis lectures on computer architecture},
  volume={15},
  number={2},
  pages={1--227},
  year={2020},
  publisher={Morgan \& Claypool Publishers}
}


@article{gidney2021factor,
  title={How to factor 2048 bit RSA integers in 8 hours using 20 million noisy qubits},
  author={Gidney, Craig and Eker{\aa}, Martin},
  journal={Quantum},
  volume={5},
  pages={433},
  year={2021},
  publisher={Verein zur F{\"o}rderung des Open Access Publizierens in den Quantenwissenschaften}
}

@article{gidney2018halving,
  title={Halving the cost of quantum addition},
  author={Gidney, Craig},
  journal={Quantum},
  volume={2},
  pages={74},
  year={2018},
  publisher={Verein zur F{\"o}rderung des Open Access Publizierens in den Quantenwissenschaften}
}

@inproceedings{zhang2021time,
  title={Time-optimal qubit mapping},
  author={Zhang, Chi and Hayes, Ari B and Qiu, Longfei and Jin, Yuwei and Chen, Yanhao and Zhang, Eddy Z},
  booktitle={Proceedings of the 26th ACM International Conference on Architectural Support for Programming Languages and Operating Systems},
  pages={360--374},
  year={2021}
}

@inproceedings{li2019tackling,
  title={Tackling the qubit mapping problem for NISQ-era quantum devices},
  author={Li, Gushu and Ding, Yufei and Xie, Yuan},
  booktitle={Proceedings of the Twenty-Fourth International Conference on Architectural Support for Programming Languages and Operating Systems},
  pages={1001--1014},
  year={2019}
}

@inproceedings{hillmich2021exploiting,
  title={Exploiting quantum teleportation in quantum circuit mapping},
  author={Hillmich, Stefan and Zulehner, Alwin and Wille, Robert},
  booktitle={Proceedings of the 26th Asia and South Pacific Design Automation Conference},
  pages={792--797},
  year={2021}
}

@inproceedings{molavi2022qubit,
  title={Qubit Mapping and Routing via MaxSAT},
  author={Molavi, Abtin and Xu, Amanda and Diges, Martin and Pick, Lauren and Tannu, Swamit and Albarghouthi, Aws},
  booktitle={2022 55th IEEE/ACM International Symposium on Microarchitecture (MICRO)},
  pages={1078--1091},
  year={2022},
  organization={IEEE}
}




@inproceedings{wu2021tilt,
  title={Tilt: Achieving higher fidelity on a trapped-ion linear-tape quantum computing architecture},
  author={Wu, Xin-Chuan and Debroy, Dripto M and Ding, Yongshan and Baker, Jonathan M and Alexeev, Yuri and Brown, Kenneth R and Chong, Frederic T},
  booktitle={2021 IEEE International Symposium on High-Performance Computer Architecture (HPCA)},
  pages={153--166},
  year={2021},
  organization={IEEE}
}


@inproceedings{tannu2019not,
  title={Not all qubits are created equal: A case for variability-aware policies for NISQ-era quantum computers},
  author={Tannu, Swamit S and Qureshi, Moinuddin K},
  booktitle={Proceedings of the Twenty-Fourth International Conference on Architectural Support for Programming Languages and Operating Systems},
  pages={987--999},
  year={2019}
}

@article{prasad2006data,
  title={Data structures and algorithms for simplifying reversible circuits},
  author={Prasad, Aditya K and Shende, Vivek V and Markov, Igor L and Hayes, John P and Patel, Ketan N},
  journal={ACM Journal on Emerging Technologies in Computing Systems (JETC)},
  volume={2},
  number={4},
  pages={277--293},
  year={2006},
  publisher={ACM New York, NY, USA}
}

@inproceedings{ding2020square,
  title={Square: Strategic quantum ancilla reuse for modular quantum programs via cost-effective uncomputation},
  author={Ding, Yongshan and Wu, Xin-Chuan and Holmes, Adam and Wiseth, Ash and Franklin, Diana and Martonosi, Margaret and Chong, Frederic T},
  booktitle={2020 ACM/IEEE 47th Annual International Symposium on Computer Architecture (ISCA)},
  pages={570--583},
  year={2020},
  organization={IEEE}
}

@article{chen2021scalable,
  title={Scalable and high-fidelity quantum random access memory in spin-photon networks},
  author={Chen, Kevin C and Dai, Wenhan and Errando-Herranz, Carlos and Lloyd, Seth and Englund, Dirk},
  journal={PRX Quantum},
  volume={2},
  number={3},
  pages={030319},
  year={2021},
  publisher={APS}
}



@inproceedings{regev2008impossibility,
  title={Impossibility of a quantum speed-up with a faulty oracle},
  author={Regev, Oded and Schiff, Liron},
  booktitle={Automata, Languages and Programming: 35th International Colloquium, ICALP 2008, Reykjavik, Iceland, July 7-11, 2008, Proceedings, Part I 35},
  pages={773--781},
  year={2008},
  organization={Springer}
}

@article{giovannetti2008architectures,
  title={Architectures for a quantum random access memory},
  author={Giovannetti, Vittorio and Lloyd, Seth and Maccone, Lorenzo},
  journal={Physical Review A},
  volume={78},
  number={5},
  pages={052310},
  year={2008},
  publisher={APS}
}

@article{shenvi2003effects,
  title={Effects of a random noisy oracle on search algorithm complexity},
  author={Shenvi, Neil and Brown, Kenneth R and Whaley, K Birgitta},
  journal={Physical Review A},
  volume={68},
  number={5},
  pages={052313},
  year={2003},
  publisher={APS}
}

@article{mapnphard,
  title={Quantum circuit placement},
  author={Maslov, Dmitri and Falconer, Sean M and Mosca, Michele},
  journal={IEEE Transactions on Computer-Aided Design of Integrated Circuits and Systems},
  volume={27},
  number={4},
  pages={752--763},
  year={2008},
  publisher={IEEE}
}
@article{hann,
  title={Resilience of quantum random access memory to generic noise},
  author={Hann, Connor T and Lee, Gideon and Girvin, SM and Jiang, Liang},
  journal={PRX Quantum},
  volume={2},
  number={2},
  pages={020311},
  year={2021},
  publisher={APS}
}

@article{Tdepth1,
  title={Quantum circuits of T-depth one},
  author={Selinger, Peter},
  journal={Physical Review A},
  volume={87},
  number={4},
  pages={042302},
  year={2013},
  publisher={APS}
}

@article{Tdepth2,
  title={Polynomial-time T-depth optimization of Clifford+ T circuits via matroid partitioning},
  author={Amy, Matthew and Maslov, Dmitri and Mosca, Michele},
  journal={IEEE Transactions on Computer-Aided Design of Integrated Circuits and Systems},
  volume={33},
  number={10},
  pages={1476--1489},
  year={2014},
  publisher={IEEE}
}

@article{Tdepth3,
  title={T-count and T-depth of any multi-qubit unitary},
  author={Gheorghiu, Vlad and Mosca, Michele and Mukhopadhyay, Priyanka},
  journal={npj Quantum Information},
  volume={8},
  number={1},
  pages={141},
  year={2022},
  publisher={Nature Publishing Group UK London}
}

@article{amy2013meet,
  title={A meet-in-the-middle algorithm for fast synthesis of depth-optimal quantum circuits},
  author={Amy, Matthew and Maslov, Dmitri and Mosca, Michele and Roetteler, Martin},
  journal={IEEE Transactions on Computer-Aided Design of Integrated Circuits and Systems},
  volume={32},
  number={6},
  pages={818--830},
  year={2013},
  publisher={IEEE}
}

@article{chen2021teleqram,
  title={Scalable and high-fidelity quantum random access memory in spin-photon networks},
  author={Chen, Kevin C and Dai, Wenhan and Errando-Herranz, Carlos and Lloyd, Seth and Englund, Dirk},
  journal={PRX Quantum},
  volume={2},
  number={3},
  pages={030319},
  year={2021},
  publisher={APS}
}

@article{lin2003expansion,
  title={Expansion of layouts of complete binary trees into grids},
  author={Lin, Y-B and Miller, Zevi and Perkel, Manley and Pritikin, Dan and Sudborough, Ivan Hal},
  journal={Discrete applied mathematics},
  volume={131},
  number={3},
  pages={611--642},
  year={2003},
  publisher={Elsevier}
}

@book{browning1980tree,
  title={The tree machine: A highly concurrent computing environment},
  author={Browning, Sally Anne},
  year={1980},
  publisher={California Institute of Technology}
}

@article{opatrny2000embeddings,
  title={Embeddings of complete binary trees into grids and extended grids with total vertex-congestion 1},
  author={Opatrny, Jaroslav and Sotteau, Dominique},
  journal={Discrete Applied Mathematics},
  volume={98},
  number={3},
  pages={237--254},
  year={2000},
  publisher={Elsevier}
}

@article{bhatt1987complexity,
  title={The complexity of minimizing wire lengths in VLSI layouts},
  author={Bhatt, Sandeep N and Cosmadakis, Stavros S},
  journal={Information Processing Letters},
  volume={25},
  number={4},
  pages={263--267},
  year={1987},
  publisher={Elsevier}
}

@article{gordon1987efficient,
  title={Efficient embeddings of binary trees in VLSI arrays},
  author={Gordon, Dan},
  journal={IEEE Transactions on Computers},
  volume={100},
  number={9},
  pages={1009--1018},
  year={1987},
  publisher={IEEE}
}

@article{horsman2012surface,
  title={Surface code quantum computing by lattice surgery},
  author={Horsman, Clare and Fowler, Austin G and Devitt, Simon and Van Meter, Rodney},
  journal={New Journal of Physics},
  volume={14},
  number={12},
  pages={123011},
  year={2012},
  publisher={IOP Publishing}
}

@inproceedings{ding2020systematic,
  title={Systematic crosstalk mitigation for superconducting qubits via frequency-aware compilation},
  author={Ding, Yongshan and Gokhale, Pranav and Lin, Sophia Fuhui and Rines, Richard and Propson, Thomas and Chong, Frederic T},
  booktitle={2020 53rd Annual IEEE/ACM International Symposium on Microarchitecture (MICRO)},
  pages={201--214},
  year={2020},
  organization={IEEE}
}

@inproceedings{shor1994algorithms,
  title={Algorithms for quantum computation: discrete logarithms and factoring},
  author={Shor, Peter W},
  booktitle={Proceedings 35th annual symposium on foundations of computer science},
  pages={124--134},
  year={1994},
  organization={Ieee}
}

@article{giovannetti2008quantum,
  title={Quantum random access memory},
  author={Giovannetti, Vittorio and Lloyd, Seth and Maccone, Lorenzo},
  journal={Physical review letters},
  volume={100},
  number={16},
  pages={160501},
  year={2008},
  publisher={APS}
}

@article{low2018trading,
  title={Trading T-gates for dirty qubits in state preparation and unitary synthesis},
  author={Low, Guang Hao and Kliuchnikov, Vadym and Schaeffer, Luke},
  journal={arXiv preprint arXiv:1812.00954},
  year={2018}
}

@inproceedings{grover1996fast,
  title={A fast quantum mechanical algorithm for database search},
  author={Grover, Lov K},
  booktitle={Proceedings of the twenty-eighth annual ACM symposium on Theory of computing},
  pages={212--219},
  year={1996}
}

@article{phalak2022approximate,
  title={Approximate Quantum Random Access Memory Architectures},
  author={Phalak, Koustubh and Li, Junde and Ghosh, Swaroop},
  journal={arXiv preprint arXiv:2210.14804},
  year={2022}
}

@article{sun2023asymptotically,
  title={Asymptotically optimal circuit depth for quantum state preparation and general unitary synthesis},
  author={Sun, Xiaoming and Tian, Guojing and Yang, Shuai and Yuan, Pei and Zhang, Shengyu},
  journal={IEEE Transactions on Computer-Aided Design of Integrated Circuits and Systems},
  year={2023},
  publisher={IEEE}
}

@article{zhang2004optimal,
  title={Optimal quantum circuit synthesis from controlled-unitary gates},
  author={Zhang, Jun and Vala, Jiri and Sastry, Shankar and Whaley, K Birgitta},
  journal={Physical Review A},
  volume={69},
  number={4},
  pages={042309},
  year={2004},
  publisher={APS}
}

@article{grimm2020stabilization,
  title={Stabilization and operation of a Kerr-cat qubit},
  author={Grimm, Alexander and Frattini, Nicholas E and Puri, Shruti and Mundhada, Shantanu O and Touzard, Steven and Mirrahimi, Mazyar and Girvin, Steven M and Shankar, Shyam and Devoret, Michel H},
  journal={Nature},
  volume={584},
  number={7820},
  pages={205--209},
  year={2020},
  publisher={Nature Publishing Group UK London}
}

@article{bonilla2021xzzx,
  title={The XZZX surface code},
  author={Bonilla Ataides, J Pablo and Tuckett, David K and Bartlett, Stephen D and Flammia, Steven T and Brown, Benjamin J},
  journal={Nature communications},
  volume={12},
  number={1},
  pages={2172},
  year={2021},
  publisher={Nature Publishing Group UK London}
}

@article{di2020fault,
  title={Fault-tolerant resource estimation of quantum random-access memories},
  author={Di Matteo, Olivia and Gheorghiu, Vlad and Mosca, Michele},
  journal={IEEE Transactions on Quantum Engineering},
  volume={1},
  pages={1--13},
  year={2020},
  publisher={IEEE}
}

@article{babbush2018encoding,
  title={Encoding electronic spectra in quantum circuits with linear T complexity},
  author={Babbush, Ryan and Gidney, Craig and Berry, Dominic W and Wiebe, Nathan and McClean, Jarrod and Paler, Alexandru and Fowler, Austin and Neven, Hartmut},
  journal={Physical Review X},
  volume={8},
  number={4},
  pages={041015},
  year={2018},
  publisher={APS}
}

@article{lovasz2006graph,
  title={Graph minor theory},
  author={Lov{\'a}sz, L{\'a}szl{\'o}},
  journal={Bulletin of the American Mathematical Society},
  volume={43},
  number={1},
  pages={75--86},
  year={2006}
}

@article{bhatt1984framework,
  title={A framework for solving VLSI graph layout problems},
  author={Bhatt, Sandeep N and Leighton, Frank Thomson},
  journal={Journal of Computer and System Sciences},
  volume={28},
  number={2},
  pages={300--343},
  year={1984},
  publisher={Elsevier}
}


@inproceedings{heckmann1992optimal,
  title={Optimal embedding of complete binary trees into lines and grids},
  author={Heckmann, Ralf and Klasing, Ralf and Monien, Burkhard and Unger, Walter},
  booktitle={Proc. 17th Int. Workshop on Graph-Theoretic Concepts in Computer Science (WG'91), Lecture Notes in Computer Science},
  number={570},
  pages={25--35},
  year={1992}
}

@book{ducourthial1998implementing,
  title={Implementing image analysis with a graph-based parallel computing model},
  author={Ducourthial, Bertrand and Constantinescu, G and M{\'e}rigot, Alain},
  year={1998},
  publisher={Springer}
}

@article{greenberger1989going,
  title={Going beyond Bell’s theorem},
  author={Greenberger, Daniel M and Horne, Michael A and Zeilinger, Anton},
  journal={Bell’s theorem, quantum theory and conceptions of the universe},
  pages={69--72},
  year={1989},
  publisher={Springer}
}

@article{cabello2002bell,
  title={Bell’s theorem with and without inequalities for the three-qubit Greenberger-Horne-Zeilinger and W states},
  author={Cabello, Ad{\'a}n},
  journal={Physical Review A},
  volume={65},
  number={3},
  pages={032108},
  year={2002},
  publisher={APS}
}

@inproceedings{murali2019noise,
  title={Noise-adaptive compiler mappings for noisy intermediate-scale quantum computers},
  author={Murali, Prakash and Baker, Jonathan M and Javadi-Abhari, Ali and Chong, Frederic T and Martonosi, Margaret},
  booktitle={Proceedings of the twenty-fourth international conference on architectural support for programming languages and operating systems},
  pages={1015--1029},
  year={2019}
}

@inproceedings{bhattacharjee2019muqut,
  title={MUQUT: Multi-constraint quantum circuit mapping on NISQ computers},
  author={Bhattacharjee, Debjyoti and Saki, Abdullah Ash and Alam, Mahabubul and Chattopadhyay, Anupam and Ghosh, Swaroop},
  booktitle={2019 IEEE/ACM International Conference on Computer-Aided Design (ICCAD)},
  pages={1--7},
  year={2019},
  organization={IEEE}
}

@article{arunachalam2015robustness,
  title={On the robustness of bucket brigade quantum RAM},
  author={Arunachalam, Srinivasan and Gheorghiu, Vlad and Jochym-O’Connor, Tomas and Mosca, Michele and Srinivasan, Priyaa Varshinee},
  journal={New Journal of Physics},
  volume={17},
  number={12},
  pages={123010},
  year={2015},
  publisher={IOP Publishing}
}

@article{childs2005unified,
  title={Unified derivations of measurement-based schemes for quantum computation},
  author={Childs, Andrew M and Leung, Debbie W and Nielsen, Michael A},
  journal={Physical Review A},
  volume={71},
  number={3},
  pages={032318},
  year={2005},
  publisher={APS}
}

@article{kilburn1962one,
  title={One-level storage system},
  author={Kilburn, Tom and Edwards, David BG and Lanigan, Michael J and Sumner, Frank H},
  journal={IRE Transactions on Electronic Computers},
  number={2},
  pages={223--235},
  year={1962},
  publisher={IEEE}
}

@phdthesis{harrow2001quantum,
  title={Quantum compiling},
  author={Harrow, Aram},
  year={2001},
  school={Massachusetts Institute of Technology, Department of Physics}
}

@article{fowler2018low,
  title={Low overhead quantum computation using lattice surgery},
  author={Fowler, Austin G and Gidney, Craig},
  journal={arXiv preprint arXiv:1808.06709},
  year={2018}
}

@article{gokhale2019minimizing,
  title={Minimizing state preparations in variational quantum eigensolver by partitioning into commuting families},
  author={Gokhale, Pranav and Angiuli, Olivia and Ding, Yongshan and Gui, Kaiwen and Tomesh, Teague and Suchara, Martin and Martonosi, Margaret and Chong, Frederic T},
  journal={arXiv preprint arXiv:1907.13623},
  year={2019}
}
@article{google2023suppressing,
  title={Suppressing quantum errors by scaling a surface code logical qubit},
  journal={Nature},
  volume={614},
  number={7949},
  pages={676--681},
  year={2023},
  publisher={Nature Publishing Group UK London}
}
@article{chen2023efficient,
  title={An Efficient and Error-Resilient Protocol for Quantum Random Access Memory with Generalized Data Size},
  author={Chen, Zhao-Yun and Xue, Cheng and Sun, Tai-Ping and Liu, Huan-Yu and Zhuang, Xi-Ning and Dou, Meng-Han and Zou, Tian-Rui and Fang, Yuan and Wu, Yu-Chun and Guo, Guo-Ping},
  journal={arXiv preprint arXiv:2303.05207},
  year={2023}
}

@article{jaques2023qram,
  title={QRAM: A Survey and Critique},
  author={Jaques, Samuel and Rattew, Arthur G},
  journal={arXiv preprint arXiv:2305.10310},
  year={2023}
}

@article{hoefler2023disentangling,
  title={Disentangling hype from practicality: On realistically achieving quantum advantage},
  author={Hoefler, Torsten and H{\"a}ner, Thomas and Troyer, Matthias},
  journal={Communications of the ACM},
  volume={66},
  number={5},
  pages={82--87},
  year={2023},
  publisher={ACM New York, NY, USA}
}

@article{leiserson1985fat,
  title={Fat-trees: Universal networks for hardware-efficient supercomputing},
  author={Leiserson, Charles E},
  journal={IEEE transactions on Computers},
  volume={100},
  number={10},
  pages={892--901},
  year={1985},
  publisher={IEEE}
}

@article{lee2021even,
  title={Even more efficient quantum computations of chemistry through tensor hypercontraction},
  author={Lee, Joonho and Berry, Dominic W and Gidney, Craig and Huggins, William J and McClean, Jarrod R and Wiebe, Nathan and Babbush, Ryan},
  journal={PRX Quantum},
  volume={2},
  number={3},
  pages={030305},
  year={2021},
  publisher={APS}
}

@article{berry2019qubitization,
  title={Qubitization of arbitrary basis quantum chemistry leveraging sparsity and low rank factorization},
  author={Berry, Dominic W and Gidney, Craig and Motta, Mario and McClean, Jarrod R and Babbush, Ryan},
  journal={Quantum},
  volume={3},
  pages={208},
  year={2019},
  publisher={Verein zur F{\"o}rderung des Open Access Publizierens in den Quantenwissenschaften}
}

@article{alexeev2021quantum,
  title={Quantum computer systems for scientific discovery},
  author={Alexeev, Yuri and Bacon, Dave and Brown, Kenneth R and Calderbank, Robert and Carr, Lincoln D and Chong, Frederic T and DeMarco, Brian and Englund, Dirk and Farhi, Edward and Fefferman, Bill and others},
  journal={PRX quantum},
  volume={2},
  number={1},
  pages={017001},
  year={2021},
  publisher={APS}
}

@article{beverland2022assessing,
  title={Assessing requirements to scale to practical quantum advantage},
  author={Beverland, Michael E and Murali, Prakash and Troyer, Matthias and Svore, Krysta M and Hoefler, Torsten and Kliuchnikov, Vadym and Low, Guang Hao and Soeken, Mathias and Sundaram, Aarthi and Vaschillo, Alexander},
  journal={arXiv preprint arXiv:2211.07629},
  year={2022}
}

@article{meter2008arithmetic,
  title={Arithmetic on a distributed-memory quantum multicomputer},
  author={Meter, Rodney Van and Munro, WJ and Nemoto, Kae and Itoh, Kohei M},
  journal={ACM Journal on Emerging Technologies in Computing Systems (JETC)},
  volume={3},
  number={4},
  pages={1--23},
  year={2008},
  publisher={ACM New York, NY, USA}
}


@article{nickerson2014freely,
  title={Freely scalable quantum technologies using cells of 5-to-50 qubits with very lossy and noisy photonic links},
  author={Nickerson, Naomi H and Fitzsimons, Joseph F and Benjamin, Simon C},
  journal={Physical Review X},
  volume={4},
  number={4},
  pages={041041},
  year={2014},
  publisher={APS}
}

@book{nielsen2010quantum,
  title={Quantum computation and quantum information},
  author={Nielsen, Michael A and Chuang, Isaac L},
  year={2010},
  publisher={Cambridge university press}
}

@article{low2024trading,
  title={Trading T gates for dirty qubits in state preparation and unitary synthesis},
  author={Low, Guang Hao and Kliuchnikov, Vadym and Schaeffer, Luke},
  journal={Quantum},
  volume={8},
  pages={1375},
  year={2024},
  publisher={Verein zur F{\"o}rderung des Open Access Publizierens in den Quantenwissenschaften}
}

@article{amico2023defining,
  title={Defining standard strategies for quantum benchmarks},
  author={Amico, Mirko and Zhang, Helena and Jurcevic, Petar and Bishop, Lev S and Nation, Paul and Wack, Andrew and McKay, David C},
  journal={arXiv preprint arXiv:2303.02108},
  year={2023}
}

@article{chapman2023high,
  title={High-on-off-ratio beam-splitter interaction for gates on bosonically encoded qubits},
  author={Chapman, Benjamin J and de Graaf, Stijn J and Xue, Sophia H and Zhang, Yaxing and Teoh, James and Curtis, Jacob C and Tsunoda, Takahiro and Eickbusch, Alec and Read, Alexander P and Koottandavida, Akshay and others},
  journal={PRX Quantum},
  volume={4},
  number={2},
  pages={020355},
  year={2023},
  publisher={APS}
}


@article{gao2019entanglement,
  title={Entanglement of bosonic modes through an engineered exchange interaction},
  author={Gao, Yvonne Y and Lester, Brian J and Chou, Kevin S and Frunzio, Luigi and Devoret, Michel H and Jiang, Liang and Girvin, SM and Schoelkopf, Robert J},
  journal={Nature},
  volume={566},
  number={7745},
  pages={509--512},
  year={2019},
  publisher={Nature Publishing Group UK London}
}

@article{xue2023hybrid,
  title={A hybrid controlled-SWAP gate between two bosonic modes},
  author={Xue, Sophia and de Graaf, Stijn and Chapman, Benjamin and Zhang, Yaxing and Teoh, James and Curtis, Jacob and Tsunoda, Takahiro and Eickbusch, Alec and Read, Alexander and Koottandavida, Akshay and others},
  journal={Bulletin of the American Physical Society},
  year={2023},
  publisher={APS}
}

@article{miao2023implementation,
  title={Implementation of a Quantum Switch with Superconducting Circuits},
  author={Miao, Connie and Lee, Gideon and Jiang, Liang and Schuster, David},
  journal={Bulletin of the American Physical Society},
  year={2023},
  publisher={APS}
}

@article{pan1998experimental,
  title={Experimental entanglement swapping: entangling photons that never interacted},
  author={Pan, Jian-Wei and Bouwmeester, Dik and Weinfurter, Harald and Zeilinger, Anton},
  journal={Physical review letters},
  volume={80},
  number={18},
  pages={3891},
  year={1998},
  publisher={APS}
}

@article{briegel1998quantum,
  title={Quantum repeaters: the role of imperfect local operations in quantum communication},
  author={Briegel, H-J and D{\"u}r, Wolfgang and Cirac, Juan I and Zoller, Peter},
  journal={Physical Review Letters},
  volume={81},
  number={26},
  pages={5932},
  year={1998},
  publisher={APS}
}

@book{van2014quantum,
  title={Quantum networking},
  author={Van Meter, Rodney},
  year={2014},
  publisher={John Wiley \& Sons}
}

@article{leger2024implementation,
  title={Implementation of a Quantum Switch with Superconducting Circuits: Part 1-Theory},
  author={Leger, Sebastien and Miao, Connie and Lee, Gideon and Bhardwaj, Aditya and Jiang, Liang and Schuster, David and Trowbridge, Aaron},
  journal={Bulletin of the American Physical Society},
  year={2024},
  publisher={APS}
}

@article{wu2024enhancing,
  title={Enhancing Connectivity in Superconducting Qubit Systems with an On-Chip Quantum Router Design},
  author={Wu, Xuntao and Yan, Haoxiong and Andersson, Gustav and Chou, Ming-Han and Conner, Christopher and Grebel, Joel and Joshi, Yash and Miller, Jacob and Povey, Rhys and Qiao, Hong and others},
  journal={Bulletin of the American Physical Society},
  year={2024},
  publisher={APS}
}

@article{niu2023low,
  title={Low-loss interconnects for modular superconducting quantum processors},
  author={Niu, Jingjing and Zhang, Libo and Liu, Yang and Qiu, Jiawei and Huang, Wenhui and Huang, Jiaxiang and Jia, Hao and Liu, Jiawei and Tao, Ziyu and Wei, Weiwei and others},
  journal={Nature Electronics},
  volume={6},
  number={3},
  pages={235--241},
  year={2023},
  publisher={Nature Publishing Group UK London}
}

@article{hann2019hardware,
  title={Hardware-efficient quantum random access memory with hybrid quantum acoustic systems},
  author={Hann, Connor T and Zou, Chang-Ling and Zhang, Yaxing and Chu, Yiwen and Schoelkopf, Robert J and Girvin, Steven M and Jiang, Liang},
  journal={Physical review letters},
  volume={123},
  number={25},
  pages={250501},
  year={2019},
  publisher={APS}
}

@article{patton2013ultrafast,
  title={Ultrafast quantum random access memory utilizing single Rydberg atoms in a Bose-Einstein condensate},
  author={Patton, Kelly R and Fischer, Uwe R},
  journal={arXiv preprint arXiv:1307.0963},
  year={2013}
}

@article{weiss2024quantum,
  title={Quantum Random Access Memory Architectures Using 3D Superconducting Cavities},
  author={Weiss, DK and Puri, Shruti and Girvin, SM},
  journal={PRX Quantum},
  volume={5},
  number={2},
  pages={020312},
  year={2024},
  publisher={APS}
}

@article{liu2024quantum,
  title={Quantum data center: Perspectives},
  author={Liu, Junyu and Jiang, Liang},
  journal={IEEE Network},
  year={2024},
  publisher={IEEE}
}

@article{liu2022quantum,
  title={Quantum data center: Theories and applications},
  author={Liu, Junyu and Hann, Connor T and Jiang, Liang},
  journal={arXiv preprint arXiv:2207.14336},
  year={2022}
}

@article{liu2023data,
  title={Data centers with quantum random access memory and quantum networks},
  author={Liu, Junyu and Hann, Connor T and Jiang, Liang},
  journal={Physical Review A},
  volume={108},
  number={3},
  pages={032610},
  year={2023},
  publisher={APS}
}

@article{jiang2019experimental,
  title={Experimental realization of 105-qubit random access quantum memory},
  author={Jiang, N and Pu, Y-F and Chang, W and Li, C and Zhang, S and Duan, L-M},
  journal={npj Quantum Information},
  volume={5},
  number={1},
  pages={28},
  year={2019},
  publisher={Nature Publishing Group UK London}
}

@article{monroe2014large,
  title={Large-scale modular quantum-computer architecture with atomic memory and photonic interconnects},
  author={Monroe, Christopher and Raussendorf, Robert and Ruthven, Alex and Brown, Kenneth R and Maunz, Peter and Duan, L-M and Kim, Jungsang},
  journal={Physical Review A},
  volume={89},
  number={2},
  pages={022317},
  year={2014},
  publisher={APS}
}

@article{bombin2021interleaving,
  title={Interleaving: Modular architectures for fault-tolerant photonic quantum computing},
  author={Bombin, Hector and Kim, Isaac H and Litinski, Daniel and Nickerson, Naomi and Pant, Mihir and Pastawski, Fernando and Roberts, Sam and Rudolph, Terry},
  journal={arXiv preprint arXiv:2103.08612},
  year={2021}
}

@article{krutyanskiy2023entanglement,
  title={Entanglement of trapped-ion qubits separated by 230 meters},
  author={Krutyanskiy, V and Galli, M and Krcmarsky, V and Baier, S and Fioretto, DA and Pu, Y and Mazloom, A and Sekatski, P and Canteri, M and Teller, M and others},
  journal={Physical Review Letters},
  volume={130},
  number={5},
  pages={050803},
  year={2023},
  publisher={APS}
}

@article{yost2020solid,
  title={Solid-state qubits integrated with superconducting through-silicon vias},
  author={Yost, Donna-Ruth W and Schwartz, Mollie E and Mallek, Justin and Rosenberg, Danna and Stull, Corey and Yoder, Jonilyn L and Calusine, Greg and Cook, Matt and Das, Rabindra and Day, Alexandra L and others},
  journal={npj Quantum Information},
  volume={6},
  number={1},
  pages={59},
  year={2020},
  publisher={Nature Publishing Group UK London}
}

@article{gambino2015overview,
  title={An overview of through-silicon-via technology and manufacturing challenges},
  author={Gambino, Jeffrey P and Adderly, Shawn A and Knickerbocker, John U},
  journal={Microelectronic Engineering},
  volume={135},
  pages={73--106},
  year={2015},
  publisher={Elsevier}
}

@article{rosenberg20173d,
  title={3D integrated superconducting qubits},
  author={Rosenberg, D and Kim, D and Das, R and Yost, D and Gustavsson, S and Hover, D and Krantz, P and Melville, A and Racz, L and Samach, GO and others},
  journal={npj quantum information},
  volume={3},
  number={1},
  pages={42},
  year={2017},
  publisher={Nature Publishing Group UK London}
}

@article{brecht2016multilayer,
  title={Multilayer microwave integrated quantum circuits for scalable quantum computing},
  author={Brecht, Teresa and Pfaff, Wolfgang and Wang, Chen and Chu, Yiwen and Frunzio, Luigi and Devoret, Michel H and Schoelkopf, Robert J},
  journal={npj Quantum Information},
  volume={2},
  number={1},
  pages={1--4},
  year={2016},
  publisher={Nature Publishing Group}
}

@article{zhong2021deterministic,
  title={Deterministic multi-qubit entanglement in a quantum network},
  author={Zhong, Youpeng and Chang, Hung-Shen and Bienfait, Audrey and Dumur, {\'E}tienne and Chou, Ming-Han and Conner, Christopher R and Grebel, Joel and Povey, Rhys G and Yan, Haoxiong and Schuster, David I and others},
  journal={Nature},
  volume={590},
  number={7847},
  pages={571--575},
  year={2021},
  publisher={Nature Publishing Group UK London}
}

@inproceedings{xu2023systems,
  title={Systems architecture for quantum random access memory},
  author={Xu, Shifan and Hann, Connor T and Foxman, Ben and Girvin, Steven M and Ding, Yongshan},
  booktitle={Proceedings of the 56th Annual IEEE/ACM International Symposium on Microarchitecture},
  pages={526--538},
  year={2023}
}

@article{caleffi2022distributed,
  title={Distributed quantum computing: a survey},
  author={Caleffi, Marcello and Amoretti, Michele and Ferrari, Davide and Cuomo, Daniele and Illiano, Jessica and Manzalini, Antonio and Cacciapuoti, Angela Sara},
  journal={arXiv preprint arXiv:2212.10609},
  year={2022}
}

@inproceedings{wu2023qucomm,
  title={QuComm: Optimizing Collective Communication for Distributed Quantum Computing},
  author={Wu, Anbang and Ding, Yufei and Li, Ang},
  booktitle={Proceedings of the 56th Annual IEEE/ACM International Symposium on Microarchitecture},
  pages={479--493},
  year={2023}
}

@article{paler2020parallelizing,
  title={Parallelizing the queries in a bucket-brigade quantum random access memory},
  author={Paler, Alexandru and Oumarou, Oumarou and Basmadjian, Robert},
  journal={Physical Review A},
  volume={102},
  number={3},
  pages={032608},
  year={2020},
  publisher={APS}
}

@article{jeffery2017optimal,
  title={Optimal parallel quantum query algorithms},
  author={Jeffery, Stacey and Magniez, Frederic and De Wolf, Ronald},
  journal={Algorithmica},
  volume={79},
  pages={509--529},
  year={2017},
  publisher={Springer}
}

@article{zalka1999grover,
  title={Grover’s quantum searching algorithm is optimal},
  author={Zalka, Christof},
  journal={Physical Review A},
  volume={60},
  number={4},
  pages={2746},
  year={1999},
  publisher={APS}
}

@article{zhang2024parallel,
  title={Parallel quantum algorithm for hamiltonian simulation},
  author={Zhang, Zhicheng and Wang, Qisheng and Ying, Mingsheng},
  journal={Quantum},
  volume={8},
  pages={1228},
  year={2024},
  publisher={Verein zur F{\"o}rderung des Open Access Publizierens in den Quantenwissenschaften}
}

@article{gambetta2020ibm,
  title={IBM’s roadmap for scaling quantum technology},
  author={Gambetta, Jay},
  journal={IBM Research Blog (September 2020)},
  year={2020}
}

@article{ganjam2024surpassing,
  title={Surpassing millisecond coherence in on chip superconducting quantum memories by optimizing materials and circuit design},
  author={Ganjam, Suhas and Wang, Yanhao and Lu, Yao and Banerjee, Archan and Lei, Chan U and Krayzman, Lev and Kisslinger, Kim and Zhou, Chenyu and Li, Ruoshui and Jia, Yichen and others},
  journal={Nature Communications},
  volume={15},
  number={1},
  pages={3687},
  year={2024},
  publisher={Nature Publishing Group UK London}
}

@article{huggins2021virtual,
  title={Virtual distillation for quantum error mitigation},
  author={Huggins, William J and McArdle, Sam and O’Brien, Thomas E and Lee, Joonho and Rubin, Nicholas C and Boixo, Sergio and Whaley, K Birgitta and Babbush, Ryan and McClean, Jarrod R},
  journal={Physical Review X},
  volume={11},
  number={4},
  pages={041036},
  year={2021},
  publisher={APS}
}

@article{mordini2024multi,
  title={Multi-zone trapped-ion qubit control in an integrated photonics QCCD device},
  author={Mordini, Carmelo and Vasquez, Alfredo Ricci and Motohashi, Yuto and M{\"u}ller, Mose and Malinowski, Maciej and Zhang, Chi and Mehta, Karan K and Kienzler, Daniel and Home, Jonathan P},
  journal={arXiv preprint arXiv:2401.18056},
  year={2024}
}

@article{pino2021demonstration,
  title={Demonstration of the trapped-ion quantum CCD computer architecture},
  author={Pino, Juan M and Dreiling, Jennifer M and Figgatt, Caroline and Gaebler, John P and Moses, Steven A and Allman, MS and Baldwin, CH and Foss-Feig, Michael and Hayes, David and Mayer, Karl and others},
  journal={Nature},
  volume={592},
  number={7853},
  pages={209--213},
  year={2021},
  publisher={Nature Publishing Group UK London}
}

@article{liu2024hybrid,
  title={Hybrid oscillator-qubit quantum processors: Instruction set architectures, abstract machine models, and applications},
  author={Liu, Yuan and Singh, Shraddha and Smith, Kevin C and Crane, Eleanor and Martyn, John M and Eickbusch, Alec and Schuckert, Alexander and Li, Richard D and Sinanan-Singh, Jasmine and Soley, Micheline B and others},
  journal={arXiv preprint arXiv:2407.10381},
  year={2024}
}

@article{niu2023parameter,
  title={Parameter-parallel distributed variational quantum algorithm},
  author={Niu, Yun-Fei and Zhang, Shuo and Ding, Chen and Bao, Wan-Su and Huang, He-Liang},
  journal={SciPost Physics},
  volume={14},
  number={5},
  pages={132},
  year={2023}
}

@article{meter2006architecture,
  title={Architecture of a quantum multicomputer optimized for shor's factoring algorithm},
  author={Meter III, Rodney Doyle Van},
  journal={arXiv preprint quant-ph/0607065},
  year={2006}
}

@misc{ang2022architectures,
      title={Architectures for Multinode Superconducting Quantum Computers}, 
      author={James Ang and Gabriella Carini and Yanzhu Chen and Isaac Chuang and Michael Austin DeMarco and Sophia E. Economou and Alec Eickbusch and Andrei Faraon and Kai-Mei Fu and Steven M. Girvin and Michael Hatridge and Andrew Houck and Paul Hilaire and Kevin Krsulich and Ang Li and Chenxu Liu and Yuan Liu and Margaret Martonosi and David C. McKay and James Misewich and Mark Ritter and Robert J. Schoelkopf and Samuel A. Stein and Sara Sussman and Hong X. Tang and Wei Tang and Teague Tomesh and Norm M. Tubman and Chen Wang and Nathan Wiebe and Yong-Xin Yao and Dillon C. Yost and Yiyu Zhou},
      year={2022},
      eprint={2212.06167},
      archivePrefix={arXiv},
      primaryClass={quant-ph}
}

@article{liu2021distributed,
  title={Distributed quantum phase estimation with entangled photons},
  author={Liu, Li-Zheng and Zhang, Yu-Zhe and Li, Zheng-Da and Zhang, Rui and Yin, Xu-Fei and Fei, Yue-Yang and Li, Li and Liu, Nai-Le and Xu, Feihu and Chen, Yu-Ao},
  journal={Nature Photonics},
  volume={15},
  number={2},
  pages={137--142},
  year={2021},
  publisher={Nature Publishing Group UK London}
}

@article{martyn2024parallel,
  title={Parallel Quantum Signal Processing Via Polynomial Factorization},
  author={Martyn, John M and Rossi, Zane M and Cheng, Kevin Z and Liu, Yuan and Chuang, Isaac L},
  journal={arXiv preprint arXiv:2409.19043},
  year={2024}
}


@article{eastin2009restrictions,
  title={Restrictions on transversal encoded quantum gate sets},
  author={Eastin, Bryan and Knill, Emanuel},
  journal={Physical review letters},
  volume={102},
  number={11},
  pages={110502},
  year={2009},
  publisher={APS}
}

@article{cross2024improved,
  title={Improved QLDPC Surgery: Logical Measurements and Bridging Codes},
  author={Cross, Andrew and He, Zhiyang and Rall, Patrick and Yoder, Theodore},
  journal={arXiv preprint arXiv:2407.18393},
  year={2024}
}

@article{xu2024constant,
  title={Constant-overhead fault-tolerant quantum computation with reconfigurable atom arrays},
  author={Xu, Qian and Bonilla Ataides, J Pablo and Pattison, Christopher A and Raveendran, Nithin and Bluvstein, Dolev and Wurtz, Jonathan and Vasi{\'c}, Bane and Lukin, Mikhail D and Jiang, Liang and Zhou, Hengyun},
  journal={Nature Physics},
  pages={1--7},
  year={2024},
  publisher={Nature Publishing Group UK London}
}

@article{yoder2016universal,
  title={Universal fault-tolerant gates on concatenated stabilizer codes},
  author={Yoder, Theodore J and Takagi, Ryuji and Chuang, Isaac L},
  journal={Physical Review X},
  volume={6},
  number={3},
  pages={031039},
  year={2016},
  publisher={APS}
}

@article{kubica2015unfolding,
  title={Unfolding the color code},
  author={Kubica, Aleksander and Yoshida, Beni and Pastawski, Fernando},
  journal={New Journal of Physics},
  volume={17},
  number={8},
  pages={083026},
  year={2015},
  publisher={IOP Publishing}
}

@article{mehta2024analysis,
  title={Analysis and suppression of errors in quantum random access memory errors under extended noise models},
  author={Mehta, Rohan and Lee, Gideon and Jiang, Liang},
  journal={arXiv preprint arXiv:2412.10318},
  year={2024}
}