@article{ansoteguiStructureFeaturesSAT2017,
  title = {Structure Features for {SAT} Instances Classification},
  author = {Ans{\'o}tegui, Carlos and Bonet, Maria Luisa and {Gir{\'a}ldez-Cru}, Jes{\'u}s and Levy, Jordi},
  year = {2017},
  journal = {Journal of Applied Logic},
  month = {September},
}

@misc{simonyan2015deep,
      title={Very Deep Convolutional Networks for Large-Scale Image Recognition}, 
      author={Karen Simonyan and Andrew Zisserman},
      year={2015},
      eprint={1409.1556},
      archivePrefix={arXiv},
      primaryClass={cs.CV}
}

@article{krizhevsky2017imagenet,
  title={ImageNet classification with deep convolutional neural networks},
  author={Krizhevsky, Alex and Sutskever, Ilya and Hinton, Geoffrey E},
  journal={Communications of the ACM},
  volume={60},
  number={6},
  pages={84--90},
  year={2017},
  publisher={AcM New York, NY, USA}
}

@article{dean2012large,
  title={Large scale distributed deep networks},
  author={Dean, Jeffrey and Corrado, Greg and Monga, Rajat and Chen, Kai and Devin, Matthieu and Mao, Mark and Ranzato, Marc'aurelio and Senior, Andrew and Tucker, Paul and Yang, Ke and others},
  journal={Advances in neural information processing systems},
  volume={25},
  year={2012}
}

@inproceedings{giraldez-cruLocalityRandomSAT2017,
  title = {Locality in Random {SAT} Instances},
  booktitle = {Twenty-Sixth International Joint Conference on Artificial Intelligence ({IJCAI-17})},
  author = {{Gir{\'a}ldez-Cru}, Jes{\'u}s and Levy, Jordi},
  year = {2017}
}

@inproceedings{mullHardnessSATCommunity2016,
  title = {On the Hardness of {SAT} with Community Structure},
  booktitle = {International Conference on Theory and Applications of Satisfiability Testing},
  author = {Mull, Nathan and Fremont, Daniel J. and Seshia, Sanjit A.},
  year = {2016},
  eprint = {1602.08620}
}

@inproceedings{newshamImpactCommunityStructure2014,
  title = {Impact of Community Structure on {SAT} Solver Performance},
  booktitle = {International Conference on Theory and Applications of Satisfiability Testing},
  author = {Newsham, Zack and Ganesh, Vijay and Fischmeister, Sebastian and Audemard, Gilles and Simon, Laurent},
  year = {2014},
  publisher = {{Springer International Publishing}}
}

@inproceedings{platonovCharacterizingGraphDatasets2023,
  title = {Characterizing Graph Datasets for Node Classification: Homophily-Heterophily Dichotomy and Beyond},
  shorttitle = {Characterizing Graph Datasets for Node Classification},
  booktitle = {Conference on Neural Information Processing Systems},
  author = {Platonov, Oleg and Kuznedelev, Denis and Babenko, Artem and Prokhorenkova, Liudmila},
  year = {2023},
  eprint = {2209.06177},
  note = {I cannot confirm this paper appeared at Neurips.}
}

@article{yangAttributeBasedRoboticGrasping2024,
  title = {Attribute-{Based Robotic Grasping} with Data-Efficient Adaptation},
  author = {Yang, Yang and Yu, Houjian and Lou, Xibai and Liu, Yuanhao and Choi, Changhyun},
  year = {2024},
  journal = {IEEE Transactions on Robotics},
  note = {In press.}
}

@inproceedings{mitchellHardEasyDistributions1992,
  title = {Hard and Easy Distributions of {SAT} Problems},
  author = {Mitchell, David and Selman, Bart and Levesque, Hector},
  year = {1992},
  booktitle = {National Conference on Artificial Intelligence ({AAAI-1992})},
}

@inproceedings{newmanModularityCommunityStructure2006,
  title = {Modularity and Community Structure in Networks},
  author = {Newman, M. E. J.},
  year = {2006},
  booktitle = {Proceedings of the National Academy of Sciences},
}

@article{ansoteguiCommunityStructureIndustrial2019,
  title = {Community Structure in Industrial {SAT} Instances},
  author = {Ans{\'o}tegui, Carlos and Bonet, Maria Luisa and {Gir{\'a}ldez-Cru}, Jes{\'u}s and Levy, Jordi and Simon, Laurent},
  year = {2019},
  journal = {Journal of Artificial Intelligence Research},
}

@inproceedings{ansoteguiFractalDimensionSAT2014,
  title = {The Fractal Dimension of {SAT} Formulas},
  author = {Ans{\'o}tegui, C. and Bonet, M. L. and {Gir{\'a}ldez-Cru}, J. and Levy, J.},
  year = {2014},
  booktitle = {7th International Joint Conference on Automated Reasoning ({IJCAR-2014})},
  eprint = {1308.5046}
}

@inproceedings{ansoteguiStructureIndustrialSAT2009,
  title = {On the Structure of Industrial {SAT} Instances},
  booktitle = {Proceedings of the 15th International Conference on Principles and Practice of Constraint Programming},
  author = {Ans{\'o}tegui, Carlos and Bonet, Mar{\'i}a Luisa and Levy, Jordi},
  year = {2009},
  pages={127--141},
  publisher = {Springer}
}


@article{davisComputingProcedureQuantification1960,
  title = {A Computing Procedure for Quantification Theory},
  author = {Davis, Martin and Putnam, Hilary},
  year = {1960},
  journal = {Journal of the ACM},
}

@article{davisMachineProgramTheoremproving1962,
  title = {A Machine Program for Theorem-Proving},
  author = {Davis, Martin and Logemann, George and Loveland, Donald},
  year = {1962},
  journal = {Communications of the ACM},
}

@article{guoMachineLearningMethods2023,
  title = {Machine Learning Methods in Solving the {Boolean} Satisfiability Problem},
  author = {Guo, Wenxuan and Zhen, Hui-Ling and Li, Xijun and Luo, Wanqian and Yuan, Mingxuan and Jin, Yaohui and Yan, Junchi},
  year = {2023},
  journal = {Machine Intelligence Research},
}

@article{holdenMachineLearningAutomated2021,
  title = {Machine Learning for Automated Theorem Proving: Learning to Solve {SAT} and {QSAT}},
  shorttitle = {Machine Learning for Automated Theorem Proving},
  author = {Holden, Sean B.},
  year = {2021},
  journal = {Foundations and Trends in Machine Learning},
}

@misc{liG4SATBenchBenchmarkingAdvancing2023a,
  title = {{G4SATBench}: Benchmarking and Advancing SAT Solving with Graph Neural Networks},
  shorttitle = {G4SATBench},
  author = {Li, Zhaoyu and Guo, Jinpei and Si, Xujie},
  year = {2023},
  number = {arXiv:2309.16941},
  eprint = {2309.16941},
  publisher = {arXiv}
}

@inproceedings{
selsam2018learning,
title={Learning a {SAT} Solver from Single-Bit Supervision},
author={Daniel Selsam and Matthew Lamm and Benedikt B\"{u}nz and Percy Liang and Leonardo de Moura and David L. Dill},
booktitle={International Conference on Learning Representations},
year={2019},
url={https://openreview.net/forum?id=HJMC_iA5tm},
}

@inproceedings{zhangBetterGeneralizationNeural2022,
  title = {Towards Better Generalization for Neural Network-Based {SAT} Solvers},
  booktitle = {Pacific-Asia Conference on Advances in Knowledge Discovery and Data Mining},
  author = {Zhang, Chenhao and Zhang, Yanjun and Mao, Jeff and Chen, Weitong and Yue, Lin and Bai, Guangdong and Xu, Miao},
  year = {2022},
}


@inproceedings{shi2023satformer,
  title={Satformer: Transformer-based unsat core learning},
  author={Shi, Zhengyuan and Li, Min and Liu, Yi and Khan, Sadaf and Huang, Junhua and Zhen, Hui-Ling and Yuan, Mingxuan and Xu, Qiang},
  booktitle={2023 IEEE/ACM International Conference on Computer Aided Design (ICCAD)},
  pages={1--4},
  year={2023},
  organization={IEEE}
}

@article{cameronPredictingPropositionalSatisfiability2020,
  title = {Predicting Propositional Satisfiability via End-to-End Learning},
  author = {Cameron, Chris and Chen, Rex and Hartford, Jason and {Leyton-Brown}, Kevin},
  year = {2020},
  journal = {The AAAI Conference on Artificial Intelligence},
}

@inproceedings{hartfordDeepModelsInteractions2018,
  title = {Deep Models of Interactions Across Sets},
  booktitle = {Proceedings of the 35th International Conference on Machine Learning},
  author = {Hartford, Jason and Graham, Devon and {Leyton-Brown}, Kevin and Ravanbakhsh, Siamak},
  year = {2018},
  publisher = {{PMLR}}
}

@inproceedings{duanAugmentCareContrastive2022,
  title = {Augment with Care: Contrastive Learning for Combinatorial Problems},
  shorttitle = {Augment with Care},
  booktitle = {Proceedings of the 39th International Conference on Machine Learning},
  author = {Duan, Haonan and Vaezipoor, Pashootan and Paulus, Max B. and Ruan, Yangjun and Maddison, Chris},
  year = {2022},
  publisher = {{PMLR}}
}

@inproceedings{ozolinsGoalAwareNeuralSAT2022,
  title = {Goal-Aware Neural {SAT} Solver},
  booktitle = {International Joint Conference on Neural Networks},
  author = {Ozolins, Emils and Freivalds, Karlis and Draguns, Andis and Gaile, Eliza and Zakovskis, Ronalds and Kozlovics, Sergejs},
  year = {2022}
}

@misc{liDeepSATEDADrivenLearning2023,
  title = {{DeepSAT}: An EDA-Driven Learning Framework for {SAT}},
  shorttitle = {{DeepSAT}},
  author = {Li, Min and Shi, Zhengyuan and Lai, Qiuxia and Khan, Sadaf and Cai, Shaowei and Xu, Qiang},
  year = {2023},
  number = {arXiv:2205.13745},
  eprint = {2205.13745},
  publisher = {{arXiv}}
}

@incollection{heuleChapterLookAheadBased2021,
  title = {Chapter 5. Look-Ahead Based {SAT} Solvers},
  booktitle = {Frontiers in Artificial Intelligence and Applications},
  author = {Heule, Marijn J.H. and Van Maaren, Hans},
  year = {2021},
  publisher = {{IOS} Press}
}

@article{liNSNetGeneralNeural2022,
  title = {{NSNet}: A General Neural Probabilistic Framework for Satisfiability Problems},
  shorttitle = {{NSNet}},
  author = {Li, Zhaoyu and Si, Xujie},
  year = {2022},
  journal = {Advances in Neural Information Processing Systems},
}

@inproceedings{amizadehLearningSolveCircuitSAT2018,
  title = {Learning To Solve Circuit-{SAT}: An Unsupervised Differentiable Approach},
  shorttitle = {Learning to Solve Circuit-SAT},
  booktitle = {International Conference on Learning Representations},
  author = {Amizadeh, Saeed and Matusevych, Sergiy and Weimer, Markus},
  year = {2018}
}


@inproceedings{selsam2019guiding,
  title={Guiding high-performance SAT solvers with unsat-core predictions},
  author={Selsam, Daniel and Bj{\o}rner, Nikolaj},
  booktitle={Theory and Applications of Satisfiability Testing--SAT 2019: 22nd International Conference, SAT 2019, Lisbon, Portugal, July 9--12, 2019, Proceedings 22},
  pages={336--353},
  year={2019},
  organization={Springer}
}
@misc{wangNeuroBackImprovingCDCL2023,
  title = {{NeuroBack}: Improving CDCL SAT Solving Using Graph Neural Networks},
  shorttitle = {{NeuroBack}},
  author = {Wang, Wenxi and Hu, Yang and Tiwari, Mohit and Khurshid, Sarfraz and McMillan, Kenneth and Miikkulainen, Risto},
  year = {2023},
  number = {arXiv:2110.14053},
  eprint = {2110.14053},
  publisher = {{arXiv}}
}

@inproceedings{zhangNLocalSATBoostingLocal2020,
  title = {{NLocalSAT}: Boosting Local Search with Solution Prediction},
  shorttitle = {{NLocalSAT}},
  booktitle = {Proceedings of the Twenty-Ninth International Joint Conference on Artificial Intelligence},
  author = {Zhang, Wenjie and Sun, Zeyu and Zhu, Qihao and Li, Ge and Cai, Shaowei and Xiong, Yingfei and Zhang, Lu},
  year = {2020},
  eprint = {2001.09398}
}

@misc{hanEnhancingSATSolvers2020,
  title = {Enhancing {SAT} Solvers with Glue Variable Predictions},
  author = {Han, Jesse Michael},
  year = {2020},
  number = {arXiv:2007.02559},
  eprint = {2007.02559},
  publisher = {{arXiv}}
}

@inproceedings{kurinCanQLearningGraph2020,
  title = {Can {Q-Learning} with Graph Networks Learn a Generalizable Branching Heuristic for a {SAT} Solver?},
  booktitle = {Advances in Neural Information Processing Systems},
  author = {Kurin, Vitaly and Godil, Saad and Whiteson, Shimon and Catanzaro, Bryan},
  year = {2020},
  publisher = {{Curran Associates, Inc.}}
}

@article{changPredictingPropositionalSatisfiability2022,
  title = {Predicting Propositional Satisfiability Based on Graph Attention Networks},
  author = {Chang, Wenjing and Zhang, Hengkai and Luo, Junwei},
  year = {2022},
  journal = {International Journal of Computational Intelligence Systems},
}

@inproceedings{youG2SATLearningGenerate2019,
  title = {{G2SAT}: Learning to Generate {SAT} Formulas},
  shorttitle = {{G2SAT}},
  booktitle = {Advances in Neural Information Processing Systems},
  author = {You, Jiaxuan and Wu, Haoze and Barrett, Clark and Ramanujan, Raghuram and Leskovec, Jure},
  year = {2019}
}

@inproceedings{giraldez-cruModularityBasedRandomSAT2015,
  title = {A Modularity-Based Random SAT Instances Generator},
  booktitle = {Proceedings of the Twenty-Fourth International Joint Conference on Artificial Intelligence ({IJCAI 2015})},
  author = {{Gir{\'a}ldez-Cr{\'u}}, Jes{\'u}s and Levy, Jordi},
  year = {2015},
  publisher = {{AAAI} Press},
  copyright = {openAccess},
  annotation = {Accepted: 2017-12-18T16:12:44Z}
}

@article{audemard2009glucose,
  title={Glucose: a solver that predicts learnt clauses quality},
  author={Audemard, Gilles and Simon, Laurent},
  journal={SAT Competition},
  year={2009}
}

@article{audemardGlucoseSATSolver2018,
  title = {On the {Glucose SAT Solver}},
  author = {Audemard, Gilles and Simon, Laurent},
  year = {2018},
  journal = {International Journal on Artificial Intelligence Tools},
}

@article{sorensson2005minisat,
  title={Minisat v1. 13-a sat solver with conflict-clause minimization},
  author={Sorensson, Niklas and Een, Niklas},
  journal={SAT},
  year={2005}
}
@inproceedings{biere2023cadiback,
  title={Cadiback: Extracting backbones with cadical},
  author={Biere, Armin and Froleyks, Nils and Wang, Wenxi},
  booktitle={26th International Conference on Theory and Applications of Satisfiability Testing (SAT 2023)},
  year={2023},
  organization={Schloss-Dagstuhl-Leibniz Zentrum f{\"u}r Informatik}
}

@article{biere2017cadical,
  title={Cadical, lingeling, plingeling, treengeling and yalsat entering the {SAT} competition 2018},
  author={Biere, Armin},
  journal={Proceedings of SAT Competition},
  year={2017}
}

@book{biereHandbookSatisfiability2009,
  title = {Handbook of {Satisfiability}},
  author = {Biere, Armin and Heule, Marijn and {van Maaren}, Hans and Walsh, Toby},
  year = {2009},
  publisher = {IOS Press}
}

@article{kautzUnifyingSATbasedGraphbased1999,
  title = {Unifying {SAT-based} and {Graph-based Planning}},
  author = {Kautz, Henry and Selman, Bart},
  year = {1999},
  journal = {International Joint Conference on Artificial Intelligence},
}

@article{sinzFormalMethodsValidation2003,
  title = {Formal Methods for the Validation of Automotive Product Configuration Data},
  author = {Sinz, Carsten and Kaiser, Andreas and K{\"u}chlin, Wolfgang},
  year = {2003},
  journal = {Artificial Intelligence for Engineering Design, Analysis and Manufacturing},
}

@article{ivancicEfficientSATbasedBounded2008,
  title = {Efficient {SAT-based} Bounded Model Checking for Software Verification},
  author = {Ivan{\v c}i{\'c}, Franjo and Yang, Zijiang and Ganai, Malay K. and Gupta, Aarti and Ashar, Pranav},
  year = {2008},
  journal = {Theoretical Computer Science},
}

@incollection{marques-silvaChapterConflictDrivenClause2021,
  title = {Chapter 4. {Conflict-Driven Clause Learning SAT Solvers}},
  booktitle = {Frontiers in {{Artificial Intelligence}} and {{Applications}}},
  author = {{Marques-Silva}, Joao and Lynce, Ines and Malik, Sharad},
  year = {2021},
  publisher = {IOS Press}
}

@article{giraldez2016generating,
  title={Generating SAT instances with community structure},
  author={Gir{\'a}ldez-Cru, Jes{\'u}s and Levy, Jordi},
  journal={Artificial Intelligence},
  volume={238},
  pages={119--134},
  year={2016},
  publisher={Elsevier}
}

@inproceedings{selman1994NoiseStrategiesImprovinga,
  title = {Noise Strategies for Improving Local Search},
  author = {Selman, Bart and Kautz, Henry and Cohen, Bram},
  year = {1994},
  booktitle = {The AAAI Conference on Artificial Intelligence}
}

@misc{velickovicGraphAttentionNetworks2018,
  title = {Graph {Attention Networks}},
  author = {Veli{\v c}kovi{\'c}, Petar and Cucurull, Guillem and Casanova, Arantxa and Romero, Adriana and Li{\`o}, Pietro and Bengio, Yoshua},
  year = {2018},
  number = {arXiv:1710.10903},
  eprint = {1710.10903},
  publisher = {ICLR}
}



@inproceedings{yehudaItNotWhat2020,
  title={It’s not what machines can learn, it’s what we cannot teach},
  author={Yehuda, Gal and Gabel, Moshe and Schuster, Assaf},
  booktitle={International conference on machine learning},
  pages={10831--10841},
  year={2020},
  organization={PMLR}
}

@incollection{heuleCubeConquerGuiding2012,
  title = {Cube and {Conquer}: Guiding {CDCL} {SAT} Solvers by Lookaheads},
  shorttitle = {Cube and {Conquer}},
  booktitle = {Hardware and {Software}: {Verification} and {Testing}},
  author = {Heule, Marijn J. H. and Kullmann, Oliver and Wieringa, Siert and Biere, Armin},
  year = {2012},
  publisher = {{Springer Berlin Heidelberg}}
}

@inproceedings{catarataMoserTardosResampleAlgorithm2017,
  title = {The {Moser-Tardos Resample} Algorithm: {Where} Is the Limit? (An Experimental Inquiry)},
  shorttitle = {The {Moser-Tardos Resample} Algorithm},
  booktitle = {2017 Proceedings of the Ninteenth Workshop on Algorithm Engineering and Experiments ({ALENEX})},
  author = {Catarata, Jan Dean and Corbett, Scott and Stern, Harry and Szegedy, Mario and Vyskocil, Tomas and Zhang, Zheng},
  year = {2017},
  publisher = {{Society for Industrial and Applied Mathematics}}
}

@article{ba2016layer,
  title={Layer normalization},
  author={Ba, Jimmy Lei and Kiros, Jamie Ryan and Hinton, Geoffrey E},
  journal={arXiv preprint arXiv:1607.06450},
  year={2016}
}

@incollection{lauriaCNFgenGeneratorCrafted2017,
  title = {{CNFgen}: A Generator of Crafted Benchmarks},
  shorttitle = {{CNFgen}},
  booktitle = {Theory and Applications of Satisfiability Testing {\textendash} {{SAT}} 2017},
  author = {Lauria, Massimo and Elffers, Jan and Nordstr{\"o}m, Jakob and Vinyals, Marc},
  year = {2017},
  publisher = {{Springer International Publishing}}
}

@phdthesis{roig2013solving,
  title={Solving Hard Industrial Combinatorial Problems with SAT},
  author={Roig, Ignasi Ab{\'\i}o},
  year={2013},
  school={Universitat Polit{\`e}cnica de Catalunya (UPC)}
}


@inproceedings{ansoteguiCommunityStructureSAT2012,
  title={The community structure of SAT formulas},
  author={Ans{\'o}tegui, Carlos and Gir{\'a}ldez-Cru, Jes{\'u}s and Levy, Jordi},
  booktitle={International Conference on Theory and Applications of Satisfiability Testing},
  pages={410--423},
  year={2012},
  organization={Springer}
}

@misc{InternationalSATCompetition,
  title = {The International {SAT} Competition Web Page},
  key = {International SAT Competition},
  howpublished = {\url{http://www.satcompetition.org}},
  note = {Last accessed 1/2/2024.}
}

@article{balyo2023proceedings,
  title={Proceedings of SAT Competition 2023: Solver, Benchmark and Proof Checker Descriptions},
  author={Balyo, Tomas and Heule, Marijn and Iser, Markus and J{\"a}rvisalo, Matti and Suda, Martin},
  year={2023},
  publisher={Department of Computer Science, University of Helsinki}
}

@article{wu2019learning,
  title = {Learning to Generate Industrial {SAT} Instances},
  author = {Wu, Haoze and Ramanujan, Raghuram},
  year = {2019},
  journal = {Proceedings of the International Symposium on Combinatorial Search},
}

@article{corvalanContinuousDiscreteMessagePassing,
  title = {Continuous-Discrete Message Passing for Graph Logic Reasoning},
  author = {Corval{\'a}n, Crist{\'o}bal and Alesiani, Francesco and Zopf, Markus},
  year = 2023,
  publisher = {International Conference on Machine Learning}
}


@article{tonshoffGraphNeuralNetworks2021,
  title = {Graph Neural Networks for Maximum Constraint Satisfaction},
  author = {T{\"o}nshoff, Jan and Ritzert, Martin and Wolf, Hinrikus and Grohe, Martin},
  year = {2021},
  journal = {Frontiers in Artificial Intelligence},
}

@article{alyahyaStructureBooleanSatisfiability2023,
  title = {On the Structure of the Boolean Satisfiability Problem: A Survey},
  shorttitle = {On the Structure of the Boolean Satisfiability Problem},
  author = {Alyahya, Tasniem Nasser and Menai, Mohamed El Bachir and Mathkour, Hassan},
  year = {2023},
  journal = {ACM Computing Surveys},
}

@misc{wenW2SATLearningGenerate2023,
  title = {{W2SAT}: Learning to Generate {SAT} Instances from Weighted Literal Incidence Graphs},
  shorttitle = {{W2SAT}},
  author = {Wen, Weihuang and Yu, Tianshu},
  year = {2023},
  number = {arXiv:2302.00272},
  eprint = {2302.00272},
  publisher = {{arXiv}}
}

@article{fleury2020cadical,
  title={Cadical, {K}issat, {P}aracooba, {P}lingeling and treengeling entering the {SAT} competition 2020},
  author={Fleury, ABKFM and Heisinger, Maximilian},
  journal={{SAT} Competition},
  year={2020}
}

@inproceedings{hoosSATLIBOnlineResource,
  title = {{SATLIB}: An Online Resource for Research on {SAT}},
  booktitle = {{SAT} 2000},
  author = {Hoos, Holger H and St{\"u}tzle, Thomas},
  editor = {I.P.Gent and H.v. Maaren and T. Walsh},
  year = {2023},
  note = {Last accessed 1/2/2024.}
}

@inproceedings{luanRevisitingHeterophilyGraph2022,
  title = {Revisiting Heterophily For Graph Neural Networks},
  booktitle = {Conference on Neural Information Processing System},
  author = {Luan, Sitao and Hua, Chenqing and Lu, Qincheng and Zhu, Jiaqi and Zhao, Mingde and Zhang, Shuyuan and Chang, Xiao-Wen and Precup, Doina},
  year = {2022}
}

@inproceedings{maHomophilyNecessityGraph2021,
  title = {Is Homophily a Necessity for Graph Neural Networks?},
  booktitle = {International Conference on Learning Representations},
  author = {Ma, Yao and Liu, Xiaorui and Shah, Neil and Tang, Jiliang},
  year = {2021}
}

@misc{platonovCharacterizingGraphDatasets2023a,
  title = {Characterizing Graph Datasets for Node Classification: Homophily-Heterophily Dichotomy and Beyond},
  shorttitle = {Characterizing Graph Datasets for Node Classification},
  author = {Platonov, Oleg and Kuznedelev, Denis and Babenko, Artem and Prokhorenkova, Liudmila},
  year = {2023},
  number = {arXiv:2209.06177},
  eprint = {2209.06177},
  publisher = {{arXiv}}
}

@article{zhuGraphNeuralNetworks2021,
  title = {Graph Neural Networks with Heterophily},
  author = {Zhu, Jiong and Rossi, Ryan A. and Rao, Anup and Mai, Tung and Lipka, Nedim and Ahmed, Nesreen K. and Koutra, Danai},
  year = {2021},
  journal = {The AAAI Conference on Artificial Intelligence},
}

@article{alyahya2022structure,
  title={On the structure of the {Boolean} satisfiability problem: A survey},
  author={Alyahya, Tasniem Nasser and Menai, Mohamed El Bachir and Mathkour, Hassan},
  journal={ACM Computing Surveys (CSUR)},
  volume={55},
  number={3},
  pages={1--34},
  year={2022},
  publisher={ACM New York, NY}
}
@article{crawford1996experimental,
  title={Experimental results on the crossover point in random 3-SAT},
  author={Crawford, James M and Auton, Larry D},
  journal={Artificial intelligence},
  volume={81},
  number={1-2},
  pages={31--57},
  year={1996},
  publisher={Elsevier}
}

@article{li2024distribution,
  title={From distribution learning in training to gradient search in testing for combinatorial optimization},
  author={Li, Yang and Guo, Jinpei and Wang, Runzhong and Yan, Junchi},
  journal={Advances in Neural Information Processing Systems},
  volume={36},
  year={2024}
}

@inproceedings{li2023hardsatgen,
  title={Hardsatgen: Understanding the difficulty of hard sat formula generation and a strong structure-hardness-aware baseline},
  author={Li, Yang and Chen, Xinyan and Guo, Wenxuan and Li, Xijun and Luo, Wanqian and Huang, Junhua and Zhen, Hui-Ling and Yuan, Mingxuan and Yan, Junchi},
  booktitle={Proceedings of the 29th ACM SIGKDD Conference on Knowledge Discovery and Data Mining},
  pages={4414--4425},
  year={2023}
}

@inproceedings{chen2023matching,
  title={From Matching to Mixing: A Graph Interpolation Approach for SAT Instance Generation},
  author={Chen, Xinyan and Li, Yang and Wang, Runzhong and Yan, Junchi},
  booktitle={The Twelfth International Conference on Learning Representations},
  year={2023}
}

@inproceedings{garzon2022performance,
  title={On the performance of deep generative models of realistic SAT instances},
  author={Garz{\'o}n, Iv{\'a}n and Mesejo, Pablo and Gir{\'a}ldez-Cru, Jes{\'u}s},
  booktitle={25th International Conference on Theory and Applications of Satisfiability Testing (SAT 2022)},
  year={2022},
  organization={Schloss-Dagstuhl-Leibniz Zentrum f{\"u}r Informatik}
}

@inproceedings{zulkoski2018effect,
  title={The effect of structural measures and merges on SAT solver performance},
  author={Zulkoski, Edward and Martins, Ruben and Wintersteiger, Christoph M and Liang, Jia Hui and Czarnecki, Krzysztof and Ganesh, Vijay},
  booktitle={Principles and Practice of Constraint Programming: 24th International Conference, CP 2018},
  pages={436--452},
  year={2018},
  organization={Springer}
}

@inproceedings{li2021hierarchical,
  title={On the hierarchical community structure of practical Boolean formulas},
  author={Li, Chunxiao and Chung, Jonathan and Mukherjee, Soham and Vinyals, Marc and Fleming, Noah and Kolokolova, Antonina and Mu, Alice and Ganesh, Vijay},
  booktitle={Theory and Applications of Satisfiability Testing--SAT 2021: 24th International Conference},
  pages={359--376},
  year={2021},
  organization={Springer}
}

@article{sonobe2016cbpenelope2016,
  title={CBPeneLoPe2016, CCSPeneLoPe2016, Gulch at the SAT Competition 2016},
  author={Sonobe, Tomohiro},
  journal={SAT Competition},
  year = {2016},
  pages={25}
}

@inproceedings{newsham2014impact,
  title={Impact of community structure on SAT solver performance},
  author={Newsham, Zack and Ganesh, Vijay and Fischmeister, Sebastian and Audemard, Gilles and Simon, Laurent},
  booktitle={Theory and Applications of Satisfiability Testing--SAT 2014: 17th International Conference, Held as Part of the Vienna Summer of Logic, VSL 2014, Vienna, Austria, July 14-17, 2014. Proceedings 17},
  pages={252--268},
  year={2014},
  organization={Springer}
}

@inproceedings{cheeseman1991really,
  title={Where the really hard problems are.},
  author = {Cheeseman, Peter and Kanefsky, Bob and Taylor, William M.},
  booktitle={Proceedings of the 12th International Joint Conference on Artificial Intelligence - Volume 1},
  volume={91},
  pages={331--337},
  year={1991}
}


@inproceedings{kilby2005backbones,
  title={Backbones and backdoors in satisfiability},
  author={Kilby, Philip and Slaney, John and Thi{\'e}baux, Sylvie and Walsh, Toby and others},
  booktitle={Proceedings of AAAI},
  volume={5},
  pages={1368--1373},
  year={2005}
}

@techreport{mateescu2011treewidth,
  title={Treewidth in industrial SAT benchmarks},
  author={Mateescu, Robert},
  year={2011},
  institution={Technical Report MSR-TR-2011-22, Microsoft Research}
}

@inproceedings{katsirelos2012eigenvector,
  title={Eigenvector centrality in industrial SAT instances},
  author={Katsirelos, George and Simon, Laurent},
  booktitle={International Conference on Principles and Practice of Constraint Programming},
  pages={348--356},
  year={2012},
  organization={Springer}
}

@article{zhang2021structural,
  title={A structural entropy measurement principle of propositional formulas in conjunctive normal form},
  author={Zhang, Zaijun and Xu, Daoyun and Zhou, Jincheng},
  journal={Entropy},
  volume={23},
  number={3},
  pages={303},
  year={2021},
  publisher={MDPI}
}

@inproceedings{walsh1999search,
  title={Search in a small world},
  author={Walsh, Toby and others},
  booktitle={Proceedings of IJCAI},
  volume={99},
  pages={1172--1177},
  year={1999},
  organization={Citeseer}
}

@inproceedings{audemard2009predicting,
  title={Predicting learnt clauses quality in modern SAT solvers},
  author={Audemard, Gilles and Simon, Laurent},
  booktitle={Twenty-first international joint conference on artificial intelligence},
  year={2009},
}

@article{freeman1977set,
  title={A set of measures of centrality based on betweenness},
  author={Freeman, Linton C},
  journal={Sociometry},
  pages={35--41},
  year={1977},
  publisher={JSTOR}
}

@article{freeman2002centrality,
  title={Centrality in social networks: Conceptual clarification},
  author={Freeman, Linton C and others},
  journal={Social network: critical concepts in sociology. Londres: Routledge},
  volume={1},
  pages={238--263},
  year={2002}
}

@article{guo2023machine,
  title={Machine learning methods in solving the boolean satisfiability problem},
  author={Guo, Wenxuan and Zhen, Hui-Ling and Li, Xijun and Luo, Wanqian and Yuan, Mingxuan and Jin, Yaohui and Yan, Junchi},
  journal={Machine Intelligence Research},
  volume={20},
  number={5},
  pages={640--655},
  year={2023},
  publisher={Springer}
}

@book{newman2018networks,
  title={Networks},
  author={Newman, Mark},
  year={2018},
  publisher={Oxford university press}
}


@inproceedings{een2005effective,
  title={Effective preprocessing in SAT through variable and clause elimination},
  author={E{\'e}n, Niklas and Biere, Armin},
  booktitle={International conference on theory and applications of satisfiability testing},
  pages={61--75},
  year={2005},
  organization={Springer}
}

@article{kipf2016semi,
  title={Semi-supervised classification with graph convolutional networks},
  author={Kipf, Thomas N and Welling, Max},
  journal={arXiv preprint arXiv:1609.02907},
  year={2016}
}

@inproceedings{hamilton2017inductive,
  title={Inductive representation learning on large graphs},
  author={Hamilton, Will and Ying, Zhitao and Leskovec, Jure},
  booktitle={Proceedings of the 31st International Conference on Neural Information Processing Systems},
  volume={30},
  year={2017}
}


@article{hagberg2020networkx,
  title={Networkx: Network analysis with python},
  author={Hagberg, Aric and Conway, Drew},
  journal={URL: https://networkx. github. io},
  year={2020}
}

@book{biere2009handbook,
  title={Handbook of satisfiability},
  author={Biere, Armin and Heule, Marijn and van Maaren, Hans},
  volume={185},
  year={2009},
  publisher={IOS press}
}


@inproceedings{wetzler2014drat,
  title={DRAT-trim: Efficient checking and trimming using expressive clausal proofs},
  author={Wetzler, Nathan and Heule, Marijn JH and Hunt Jr, Warren A},
  booktitle={International Conference on Theory and Applications of Satisfiability Testing},
  pages={422--429},
  year={2014},
  organization={Springer}
}

@article{xu2018powerful,
  title={How powerful are graph neural networks?},
  author={Xu, Keyulu and Hu, Weihua and Leskovec, Jure and Jegelka, Stefanie},
  journal={arXiv preprint arXiv:1810.00826},
  year={2018}
}


@article{velivckovic2017graph,
  title={Graph attention networks},
  author={Veli{\v{c}}kovi{\'c}, Petar and Cucurull, Guillem and Casanova, Arantxa and Romero, Adriana and Lio, Pietro and Bengio, Yoshua},
  journal={arXiv preprint arXiv:1710.10903},
  year={2017}
}


