@misc{InternationalSATCompetition,
  title = {The International {SAT} Competition Web Page},
  key = {International SAT Competition},
  howpublished = {\url{http://www.satcompetition.org}},
  note = {Last accessed 1/2/2024.}
}

@article{alyahya2022structure,
  title={On the structure of the {Boolean} satisfiability problem: A survey},
  author={Alyahya, Tasniem Nasser and Menai, Mohamed El Bachir and Mathkour, Hassan},
  journal={ACM Computing Surveys (CSUR)},
  volume={55},
  number={3},
  pages={1--34},
  year={2022},
  publisher={ACM New York, NY}
}

@article{alyahyaStructureBooleanSatisfiability2023,
  title = {On the Structure of the Boolean Satisfiability Problem: A Survey},
  shorttitle = {On the Structure of the Boolean Satisfiability Problem},
  author = {Alyahya, Tasniem Nasser and Menai, Mohamed El Bachir and Mathkour, Hassan},
  year = {2023},
  journal = {ACM Computing Surveys},
}

@article{ansoteguiCommunityStructureIndustrial2019,
  title = {Community Structure in Industrial {SAT} Instances},
  author = {Ans{\'o}tegui, Carlos and Bonet, Maria Luisa and {Gir{\'a}ldez-Cru}, Jes{\'u}s and Levy, Jordi and Simon, Laurent},
  year = {2019},
  journal = {Journal of Artificial Intelligence Research},
}

@inproceedings{ansoteguiFractalDimensionSAT2014,
  title = {The Fractal Dimension of {SAT} Formulas},
  author = {Ans{\'o}tegui, C. and Bonet, M. L. and {Gir{\'a}ldez-Cru}, J. and Levy, J.},
  year = {2014},
  booktitle = {7th International Joint Conference on Automated Reasoning ({IJCAR-2014})},
  eprint = {1308.5046}
}

@inproceedings{ansoteguiStructureIndustrialSAT2009,
  title = {On the Structure of Industrial {SAT} Instances},
  booktitle = {Proceedings of the 15th International Conference on Principles and Practice of Constraint Programming},
  author = {Ans{\'o}tegui, Carlos and Bonet, Mar{\'i}a Luisa and Levy, Jordi},
  year = {2009},
  pages={127--141},
  publisher = {Springer}
}

@inproceedings{audemard2009predicting,
  title={Predicting learnt clauses quality in modern SAT solvers},
  author={Audemard, Gilles and Simon, Laurent},
  booktitle={Twenty-first international joint conference on artificial intelligence},
  year={2009},
}

@article{cameronPredictingPropositionalSatisfiability2020,
  title = {Predicting Propositional Satisfiability via End-to-End Learning},
  author = {Cameron, Chris and Chen, Rex and Hartford, Jason and {Leyton-Brown}, Kevin},
  year = {2020},
  journal = {The AAAI Conference on Artificial Intelligence},
}

@article{changPredictingPropositionalSatisfiability2022,
  title = {Predicting Propositional Satisfiability Based on Graph Attention Networks},
  author = {Chang, Wenjing and Zhang, Hengkai and Luo, Junwei},
  year = {2022},
  journal = {International Journal of Computational Intelligence Systems},
}

@inproceedings{cheeseman1991really,
  title={Where the really hard problems are.},
  author = {Cheeseman, Peter and Kanefsky, Bob and Taylor, William M.},
  booktitle={Proceedings of the 12th International Joint Conference on Artificial Intelligence - Volume 1},
  volume={91},
  pages={331--337},
  year={1991}
}

@inproceedings{chen2023matching,
  title={From Matching to Mixing: A Graph Interpolation Approach for SAT Instance Generation},
  author={Chen, Xinyan and Li, Yang and Wang, Runzhong and Yan, Junchi},
  booktitle={The Twelfth International Conference on Learning Representations},
  year={2023}
}

@inproceedings{duanAugmentCareContrastive2022,
  title = {Augment with Care: Contrastive Learning for Combinatorial Problems},
  shorttitle = {Augment with Care},
  booktitle = {Proceedings of the 39th International Conference on Machine Learning},
  author = {Duan, Haonan and Vaezipoor, Pashootan and Paulus, Max B. and Ruan, Yangjun and Maddison, Chris},
  year = {2022},
  publisher = {{PMLR}}
}

@inproceedings{garzon2022performance,
  title={On the performance of deep generative models of realistic SAT instances},
  author={Garz{\'o}n, Iv{\'a}n and Mesejo, Pablo and Gir{\'a}ldez-Cru, Jes{\'u}s},
  booktitle={25th International Conference on Theory and Applications of Satisfiability Testing (SAT 2022)},
  year={2022},
  organization={Schloss-Dagstuhl-Leibniz Zentrum f{\"u}r Informatik}
}

@inproceedings{giraldez-cruLocalityRandomSAT2017,
  title = {Locality in Random {SAT} Instances},
  booktitle = {Twenty-Sixth International Joint Conference on Artificial Intelligence ({IJCAI-17})},
  author = {{Gir{\'a}ldez-Cru}, Jes{\'u}s and Levy, Jordi},
  year = {2017}
}

@inproceedings{giraldez-cruModularityBasedRandomSAT2015,
  title = {A Modularity-Based Random SAT Instances Generator},
  booktitle = {Proceedings of the Twenty-Fourth International Joint Conference on Artificial Intelligence ({IJCAI 2015})},
  author = {{Gir{\'a}ldez-Cr{\'u}}, Jes{\'u}s and Levy, Jordi},
  year = {2015},
  publisher = {{AAAI} Press},
  copyright = {openAccess},
  annotation = {Accepted: 2017-12-18T16:12:44Z}
}

@misc{hanEnhancingSATSolvers2020,
  title = {Enhancing {SAT} Solvers with Glue Variable Predictions},
  author = {Han, Jesse Michael},
  year = {2020},
  number = {arXiv:2007.02559},
  eprint = {2007.02559},
  publisher = {{arXiv}}
}

@inproceedings{hartfordDeepModelsInteractions2018,
  title = {Deep Models of Interactions Across Sets},
  booktitle = {Proceedings of the 35th International Conference on Machine Learning},
  author = {Hartford, Jason and Graham, Devon and {Leyton-Brown}, Kevin and Ravanbakhsh, Siamak},
  year = {2018},
  publisher = {{PMLR}}
}

@inproceedings{hoosSATLIBOnlineResource,
  title = {{SATLIB}: An Online Resource for Research on {SAT}},
  booktitle = {{SAT} 2000},
  author = {Hoos, Holger H and St{\"u}tzle, Thomas},
  editor = {I.P.Gent and H.v. Maaren and T. Walsh},
  year = {2023},
  note = {Last accessed 1/2/2024.}
}

@inproceedings{katsirelos2012eigenvector,
  title={Eigenvector centrality in industrial SAT instances},
  author={Katsirelos, George and Simon, Laurent},
  booktitle={International Conference on Principles and Practice of Constraint Programming},
  pages={348--356},
  year={2012},
  organization={Springer}
}

@inproceedings{kilby2005backbones,
  title={Backbones and backdoors in satisfiability},
  author={Kilby, Philip and Slaney, John and Thi{\'e}baux, Sylvie and Walsh, Toby and others},
  booktitle={Proceedings of AAAI},
  volume={5},
  pages={1368--1373},
  year={2005}
}

@incollection{lauriaCNFgenGeneratorCrafted2017,
  title = {{CNFgen}: A Generator of Crafted Benchmarks},
  shorttitle = {{CNFgen}},
  booktitle = {Theory and Applications of Satisfiability Testing {\textendash} {{SAT}} 2017},
  author = {Lauria, Massimo and Elffers, Jan and Nordstr{\"o}m, Jakob and Vinyals, Marc},
  year = {2017},
  publisher = {{Springer International Publishing}}
}

@inproceedings{li2021hierarchical,
  title={On the hierarchical community structure of practical Boolean formulas},
  author={Li, Chunxiao and Chung, Jonathan and Mukherjee, Soham and Vinyals, Marc and Fleming, Noah and Kolokolova, Antonina and Mu, Alice and Ganesh, Vijay},
  booktitle={Theory and Applications of Satisfiability Testing--SAT 2021: 24th International Conference},
  pages={359--376},
  year={2021},
  organization={Springer}
}

@inproceedings{li2023hardsatgen,
  title={Hardsatgen: Understanding the difficulty of hard sat formula generation and a strong structure-hardness-aware baseline},
  author={Li, Yang and Chen, Xinyan and Guo, Wenxuan and Li, Xijun and Luo, Wanqian and Huang, Junhua and Zhen, Hui-Ling and Yuan, Mingxuan and Yan, Junchi},
  booktitle={Proceedings of the 29th ACM SIGKDD Conference on Knowledge Discovery and Data Mining},
  pages={4414--4425},
  year={2023}
}

@article{li2024distribution,
  title={From distribution learning in training to gradient search in testing for combinatorial optimization},
  author={Li, Yang and Guo, Jinpei and Wang, Runzhong and Yan, Junchi},
  journal={Advances in Neural Information Processing Systems},
  volume={36},
  year={2024}
}

@misc{liG4SATBenchBenchmarkingAdvancing2023a,
  title = {{G4SATBench}: Benchmarking and Advancing SAT Solving with Graph Neural Networks},
  shorttitle = {G4SATBench},
  author = {Li, Zhaoyu and Guo, Jinpei and Si, Xujie},
  year = {2023},
  number = {arXiv:2309.16941},
  eprint = {2309.16941},
  publisher = {arXiv}
}

@article{liNSNetGeneralNeural2022,
  title = {{NSNet}: A General Neural Probabilistic Framework for Satisfiability Problems},
  shorttitle = {{NSNet}},
  author = {Li, Zhaoyu and Si, Xujie},
  year = {2022},
  journal = {Advances in Neural Information Processing Systems},
}

@inproceedings{ozolinsGoalAwareNeuralSAT2022,
  title = {Goal-Aware Neural {SAT} Solver},
  booktitle = {International Joint Conference on Neural Networks},
  author = {Ozolins, Emils and Freivalds, Karlis and Draguns, Andis and Gaile, Eliza and Zakovskis, Ronalds and Kozlovics, Sergejs},
  year = {2022}
}

@inproceedings{selsam2019guiding,
  title={Guiding high-performance SAT solvers with unsat-core predictions},
  author={Selsam, Daniel and Bj{\o}rner, Nikolaj},
  booktitle={Theory and Applications of Satisfiability Testing--SAT 2019: 22nd International Conference, SAT 2019, Lisbon, Portugal, July 9--12, 2019, Proceedings 22},
  pages={336--353},
  year={2019},
  organization={Springer}
}

@inproceedings{shi2023satformer,
  title={Satformer: Transformer-based unsat core learning},
  author={Shi, Zhengyuan and Li, Min and Liu, Yi and Khan, Sadaf and Huang, Junhua and Zhen, Hui-Ling and Yuan, Mingxuan and Xu, Qiang},
  booktitle={2023 IEEE/ACM International Conference on Computer Aided Design (ICCAD)},
  pages={1--4},
  year={2023},
  organization={IEEE}
}

@article{sonobe2016cbpenelope2016,
  title={CBPeneLoPe2016, CCSPeneLoPe2016, Gulch at the SAT Competition 2016},
  author={Sonobe, Tomohiro},
  journal={SAT Competition},
  year = {2016},
  pages={25}
}

@inproceedings{walsh1999search,
  title={Search in a small world},
  author={Walsh, Toby and others},
  booktitle={Proceedings of IJCAI},
  volume={99},
  pages={1172--1177},
  year={1999},
  organization={Citeseer}
}

@misc{wangNeuroBackImprovingCDCL2023,
  title = {{NeuroBack}: Improving CDCL SAT Solving Using Graph Neural Networks},
  shorttitle = {{NeuroBack}},
  author = {Wang, Wenxi and Hu, Yang and Tiwari, Mohit and Khurshid, Sarfraz and McMillan, Kenneth and Miikkulainen, Risto},
  year = {2023},
  number = {arXiv:2110.14053},
  eprint = {2110.14053},
  publisher = {{arXiv}}
}

@inproceedings{youG2SATLearningGenerate2019,
  title = {{G2SAT}: Learning to Generate {SAT} Formulas},
  shorttitle = {{G2SAT}},
  booktitle = {Advances in Neural Information Processing Systems},
  author = {You, Jiaxuan and Wu, Haoze and Barrett, Clark and Ramanujan, Raghuram and Leskovec, Jure},
  year = {2019}
}

@inproceedings{zhangBetterGeneralizationNeural2022,
  title = {Towards Better Generalization for Neural Network-Based {SAT} Solvers},
  booktitle = {Pacific-Asia Conference on Advances in Knowledge Discovery and Data Mining},
  author = {Zhang, Chenhao and Zhang, Yanjun and Mao, Jeff and Chen, Weitong and Yue, Lin and Bai, Guangdong and Xu, Miao},
  year = {2022},
}

@inproceedings{zhangNLocalSATBoostingLocal2020,
  title = {{NLocalSAT}: Boosting Local Search with Solution Prediction},
  shorttitle = {{NLocalSAT}},
  booktitle = {Proceedings of the Twenty-Ninth International Joint Conference on Artificial Intelligence},
  author = {Zhang, Wenjie and Sun, Zeyu and Zhu, Qihao and Li, Ge and Cai, Shaowei and Xiong, Yingfei and Zhang, Lu},
  year = {2020},
  eprint = {2001.09398}
}

@inproceedings{zulkoski2018effect,
  title={The effect of structural measures and merges on SAT solver performance},
  author={Zulkoski, Edward and Martins, Ruben and Wintersteiger, Christoph M and Liang, Jia Hui and Czarnecki, Krzysztof and Ganesh, Vijay},
  booktitle={Principles and Practice of Constraint Programming: 24th International Conference, CP 2018},
  pages={436--452},
  year={2018},
  organization={Springer}
}

