@inproceedings{utans1996weight,
  title={Weight averaging for neural networks and local resampling schemes},
  author={Utans, Joachim},
  booktitle={Proc. AAAI-96 Workshop on Integrating Multiple Learned Models. AAAI Press},
  pages={133--138},
  year={1996},
  organization={Citeseer}
}
@article{white2016sampling,
  title={Sampling generative networks},
  author={White, Tom},
  journal={arXiv preprint arXiv:1609.04468},
  year={2016}
}
@article{ilharco2022editing,
  title={Editing models with task arithmetic},
  author={Ilharco, Gabriel and Ribeiro, Marco Tulio and Wortsman, Mitchell and Gururangan, Suchin and Schmidt, Ludwig and Hajishirzi, Hannaneh and Farhadi, Ali},
  journal={arXiv preprint arXiv:2212.04089},
  year={2022}
}

@article{yadav2024ties,
  title={Ties-merging: Resolving interference when merging models},
  author={Yadav, Prateek and Tam, Derek and Choshen, Leshem and Raffel, Colin A and Bansal, Mohit},
  journal={Advances in Neural Information Processing Systems},
  volume={36},
  year={2024}
}

@inproceedings{yu2024language,
  title={Language models are super mario: Absorbing abilities from homologous models as a free lunch},
  author={Yu, Le and Yu, Bowen and Yu, Haiyang and Huang, Fei and Li, Yongbin},
  booktitle={Forty-first International Conference on Machine Learning},
  year={2024}
}
@article{akiba2024evolutionary,
  title={Evolutionary optimization of model merging recipes},
  author={Akiba, Takuya and Shing, Makoto and Tang, Yujin and Sun, Qi and Ha, David},
  journal={arXiv preprint arXiv:2403.13187},
  year={2024}
}


@inproceedings{pham2018efficient,
  title={Efficient neural architecture search via parameters sharing},
  author={Pham, Hieu and Guan, Melody and Zoph, Barret and Le, Quoc and Dean, Jeff},
  booktitle={International conference on machine learning},
  pages={4095--4104},
  year={2018},
  organization={PMLR}
}

@inproceedings{real2017large,
  title={Large-scale evolution of image classifiers},
  author={Real, Esteban and Moore, Sherry and Selle, Andrew and Saxena, Saurabh and Suematsu, Yutaka Leon and Tan, Jie and Le, Quoc V and Kurakin, Alexey},
  booktitle={International conference on machine learning},
  pages={2902--2911},
  year={2017},
  organization={PMLR}
}
@article{liu2018darts,
  title={Darts: Differentiable architecture search},
  author={Liu, Hanxiao and Simonyan, Karen and Yang, Yiming},
  journal={arXiv preprint arXiv:1806.09055},
  year={2018}
}

@inproceedings{falkner2018bohb,
  title={BOHB: Robust and efficient hyperparameter optimization at scale},
  author={Falkner, Stefan and Klein, Aaron and Hutter, Frank},
  booktitle={International conference on machine learning},
  pages={1437--1446},
  year={2018},
  organization={PMLR}
}
@article{achiam2023gpt,
  title={Gpt-4 technical report},
  author={OpenAI and Achiam, Josh and Adler, Steven and Agarwal, Sandhini and Ahmad, Lama and Akkaya, Ilge and Aleman, Florencia Leoni and Almeida, Diogo and Altenschmidt, Janko and Altman, Sam and Anadkat, Shyamal and others},
  journal={arXiv preprint arXiv:2303.08774},
  year={2023}
}

@article{touvron2023llama,
  title={Llama: Open and efficient foundation language models},
  author={Touvron, Hugo and Lavril, Thibaut and Izacard, Gautier and Martinet, Xavier and Lachaux, Marie-Anne and Lacroix, Timoth{\'e}e and Rozi{\`e}re, Baptiste and Goyal, Naman and Hambro, Eric and Azhar, Faisal and others},
  journal={arXiv preprint arXiv:2302.13971},
  year={2023}
}


@inproceedings{ramesh2021zero,
  title={Zero-shot text-to-image generation},
  author={Ramesh, Aditya and Pavlov, Mikhail and Goh, Gabriel and Gray, Scott and Voss, Chelsea and Radford, Alec and Chen, Mark and Sutskever, Ilya},
  booktitle={International conference on machine learning},
  pages={8821--8831},
  year={2021},
  organization={Pmlr}
}

@article{saharia2022photorealistic,
  title={Photorealistic text-to-image diffusion models with deep language understanding},
  author={Saharia, Chitwan and Chan, William and Saxena, Saurabh and Li, Lala and Whang, Jay and Denton, Emily L and Ghasemipour, Kamyar and Gontijo Lopes, Raphael and Karagol Ayan, Burcu and Salimans, Tim and others},
  journal={Advances in neural information processing systems},
  volume={35},
  pages={36479--36494},
  year={2022}
}

@article{xu2023wizardlm,
  title={Wizardlm: Empowering large language models to follow complex instructions},
  author={Xu, Can and Sun, Qingfeng and Zheng, Kai and Geng, Xiubo and Zhao, Pu and Feng, Jiazhan and Tao, Chongyang and Jiang, Daxin},
  journal={arXiv preprint arXiv:2304.12244},
  year={2023}
}

@article{luo2023wizardmath,
  title={Wizardmath: Empowering mathematical reasoning for large language models via reinforced evol-instruct},
  author={Luo, Haipeng and Sun, Qingfeng and Xu, Can and Zhao, Pu and Lou, Jianguang and Tao, Chongyang and Geng, Xiubo and Lin, Qingwei and Chen, Shifeng and Zhang, Dongmei},
  journal={arXiv preprint arXiv:2308.09583},
  year={2023}
}

@article{luo2023wizardcoder,
  title={Wizardcoder: Empowering code large language models with evol-instruct},
  author={Luo, Ziyang and Xu, Can and Zhao, Pu and Sun, Qingfeng and Geng, Xiubo and Hu, Wenxiang and Tao, Chongyang and Ma, Jing and Lin, Qingwei and Jiang, Daxin},
  journal={arXiv preprint arXiv:2306.08568},
  year={2023}
}

@article{roziere2023code,
  title={Code llama: Open foundation models for code},
  author={Roziere, Baptiste and Gehring, Jonas and Gloeckle, Fabian and Sootla, Sten and Gat, Itai and Tan, Xiaoqing Ellen and Adi, Yossi and Liu, Jingyu and Sauvestre, Romain and Remez, Tal and others},
  journal={arXiv preprint arXiv:2308.12950},
  year={2023}
}

@article{chaudhary2023code,
  title={Code alpaca: An instruction-following llama model for code generation},
  author={Chaudhary, Sahil},
  journal={GitHub repository},
  year={2023}
}

@article{jiang2023mistral,
  title={Mistral 7B},
  author={Jiang, Albert Q and Sablayrolles, Alexandre and Mensch, Arthur and Bamford, Chris and Chaplot, Devendra Singh and Casas, Diego de las and Bressand, Florian and Lengyel, Gianna and Lample, Guillaume and Saulnier, Lucile and others},
  journal={arXiv preprint arXiv:2310.06825},
  year={2023}
}

@article{guo2024deepseek,
  title={DeepSeek-Coder: When the Large Language Model Meets Programming--The Rise of Code Intelligence},
  author={Guo, Daya and Zhu, Qihao and Yang, Dejian and Xie, Zhenda and Dong, Kai and Zhang, Wentao and Chen, Guanting and Bi, Xiao and Wu, Yu and Li, YK and others},
  journal={arXiv preprint arXiv:2401.14196},
  year={2024}
}

@article{bi2024deepseek,
  title={Deepseek llm: Scaling open-source language models with longtermism},
  author={Bi, Xiao and Chen, Deli and Chen, Guanting and Chen, Shanhuang and Dai, Damai and Deng, Chengqi and Ding, Honghui and Dong, Kai and Du, Qiushi and Fu, Zhe and others},
  journal={arXiv preprint arXiv:2401.02954},
  year={2024}
}

@article{zhu2024deepseek,
  title={DeepSeek-Coder-V2: Breaking the Barrier of Closed-Source Models in Code Intelligence},
  author={Zhu, Qihao and Guo, Daya and Shao, Zhihong and Yang, Dejian and Wang, Peiyi and Xu, Runxin and Wu, Y and Li, Yukun and Gao, Huazuo and Ma, Shirong and others},
  journal={arXiv preprint arXiv:2406.11931},
  year={2024}
}
@article{li2024gsm,
  title={GSM-Plus: A Comprehensive Benchmark for Evaluating the Robustness of LLMs as Mathematical Problem Solvers},
  author={Li, Qintong and Cui, Leyang and Zhao, Xueliang and Kong, Lingpeng and Bi, Wei},
  journal={arXiv preprint arXiv:2402.19255},
  year={2024}
}

@article{austin2021program,
  title={Program Synthesis with Large Language Models},
  author={Austin, Jacob and Odena, Augustus and Nye, Maxwell and Bosma, Maarten and Michalewski, Henryk and Dohan, David and Jiang, Ellen and Cai, Carrie and Terry, Michael and Le, Quoc and others},
  journal={arXiv preprint arXiv:2108.07732},
  year={2021}
}

@article{hendrycks2020measuring,
  title={Measuring massive multitask language understanding},
  author={Hendrycks, Dan and Burns, Collin and Basart, Steven and Zou, Andy and Mazeika, Mantas and Song, Dawn and Steinhardt, Jacob},
  journal={arXiv preprint arXiv:2009.03300},
  year={2020}
}

@article{cobbe2021training,
  title={Training verifiers to solve math word problems},
  author={Cobbe, Karl and Kosaraju, Vineet and Bavarian, Mohammad and Chen, Mark and Jun, Heewoo and Kaiser, Lukasz and Plappert, Matthias and Tworek, Jerry and Hilton, Jacob and Nakano, Reiichiro and others},
  journal={arXiv preprint arXiv:2110.14168},
  year={2021}
}

@article{hendrycksmath2021,
  title={Measuring Mathematical Problem Solving With the MATH Dataset},
  author={Dan Hendrycks and Collin Burns and Saurav Kadavath and Akul Arora and Steven Basart and Eric Tang and Dawn Song and Jacob Steinhardt},
  journal={NeurIPS},
  year={2021}
}

@misc{eval-harness,
  author       = {Gao, Leo and Tow, Jonathan and Abbasi, Baber and Biderman, Stella and Black, Sid and DiPofi, Anthony and Foster, Charles and Golding, Laurence and Hsu, Jeffrey and Le Noac'h, Alain and Li, Haonan and McDonell, Kyle and Muennighoff, Niklas and Ociepa, Chris and Phang, Jason and Reynolds, Laria and Schoelkopf, Hailey and Skowron, Aviya and Sutawika, Lintang and Tang, Eric and Thite, Anish and Wang, Ben and Wang, Kevin and Zou, Andy},
  title        = {A framework for few-shot language model evaluation},
  month        = 07,
  year         = 2024,
  publisher    = {Zenodo},
  version      = {v0.4.3},
  doi          = {10.5281/zenodo.12608602},
  url          = {https://zenodo.org/records/12608602}
}

@inproceedings{kwon2023efficient,
  title={Efficient Memory Management for Large Language Model Serving with PagedAttention},
  author={Woosuk Kwon and Zhuohan Li and Siyuan Zhuang and Ying Sheng and Lianmin Zheng and Cody Hao Yu and Joseph E. Gonzalez and Hao Zhang and Ion Stoica},
  booktitle={Proceedings of the ACM SIGOPS 29th Symposium on Operating Systems Principles},
  year={2023}
}

@article{chen2021codex,
  title={Evaluating Large Language Models Trained on Code},
  author={Mark Chen and Jerry Tworek and Heewoo Jun and Qiming Yuan and Henrique Ponde de Oliveira Pinto and Jared Kaplan and Harri Edwards and Yuri Burda and Nicholas Joseph and Greg Brockman and Alex Ray and Raul Puri and Gretchen Krueger and Michael Petrov and Heidy Khlaaf and Girish Sastry and Pamela Mishkin and Brooke Chan and Scott Gray and Nick Ryder and Mikhail Pavlov and Alethea Power and Lukasz Kaiser and Mohammad Bavarian and Clemens Winter and Philippe Tillet and Felipe Petroski Such and Dave Cummings and Matthias Plappert and Fotios Chantzis and Elizabeth Barnes and Ariel Herbert-Voss and William Hebgen Guss and Alex Nichol and Alex Paino and Nikolas Tezak and Jie Tang and Igor Babuschkin and Suchir Balaji and Shantanu Jain and William Saunders and Christopher Hesse and Andrew N. Carr and Jan Leike and Josh Achiam and Vedant Misra and Evan Morikawa and Alec Radford and Matthew Knight and Miles Brundage and Mira Murati and Katie Mayer and Peter Welinder and Bob McGrew and Dario Amodei and Sam McCandlish and Ilya Sutskever and Wojciech Zaremba},
  year={2021},
  eprint={2107.03374},
  archivePrefix={arXiv},
  primaryClass={cs.LG}
}

@article{JMLR:v23:21-0888,
  author  = {Marius Lindauer and Katharina Eggensperger and Matthias Feurer and André Biedenkapp and Difan Deng and Carolin Benjamins and Tim Ruhkopf and René Sass and Frank Hutter},
  title   = {SMAC3: A Versatile Bayesian Optimization Package for Hyperparameter Optimization},
  journal = {Journal of Machine Learning Research},
  year    = {2022},
  volume  = {23},
  number  = {54},
  pages   = {1--9},
  url     = {http://jmlr.org/papers/v23/21-0888.html}
}

@inproceedings{movckus1975bayesian,
  title={On Bayesian methods for seeking the extremum},
  author={Mo{\v{c}}kus, Jonas},
  booktitle={Optimization techniques IFIP technical conference: Novosibirsk, July 1--7, 1974},
  pages={400--404},
  year={1975},
  organization={Springer}
}

@article{shahriari2015taking,
  title={Taking the human out of the loop: A review of Bayesian optimization},
  author={Shahriari, Bobak and Swersky, Kevin and Wang, Ziyu and Adams, Ryan P and De Freitas, Nando},
  journal={Proceedings of the IEEE},
  volume={104},
  number={1},
  pages={148--175},
  year={2015},
  publisher={IEEE}
}

@article{feurer2019hyperparameter,
  title={Hyperparameter optimization},
  author={Feurer, Matthias and Hutter, Frank},
  journal={Automated machine learning: Methods, systems, challenges},
  pages={3--33},
  year={2019},
  publisher={Springer International Publishing}
}


@article{knowles2006parego,
  title={ParEGO: A hybrid algorithm with on-line landscape approximation for expensive multiobjective optimization problems},
  author={Knowles, Joshua},
  journal={IEEE transactions on evolutionary computation},
  volume={10},
  number={1},
  pages={50--66},
  year={2006},
  publisher={IEEE}
}

@article{yu2020hyper,
  title={Hyper-parameter optimization: A review of algorithms and applications},
  author={Yu, Tong and Zhu, Hong},
  journal={arXiv preprint arXiv:2003.05689},
  year={2020}
}

@article{elsken2019neural,
  title={Neural architecture search: A survey},
  author={Elsken, Thomas and Metzen, Jan Hendrik and Hutter, Frank},
  journal={Journal of Machine Learning Research},
  volume={20},
  number={55},
  pages={1--21},
  year={2019}
}

@article{peherstorfer2018survey,
  title={Survey of multifidelity methods in uncertainty propagation, inference, and optimization},
  author={Peherstorfer, Benjamin and Willcox, Karen and Gunzburger, Max},
  journal={Siam Review},
  volume={60},
  number={3},
  pages={550--591},
  year={2018},
  publisher={SIAM}
}

%%%%%%%%%%%%
@article{christ2024math,
  title={Math Neurosurgery: Isolating Language Models' Math Reasoning Abilities Using Only Forward Passes},
  author={Christ, Bryan R and Gottesman, Zack and Kropko, Jonathan and Hartvigsen, Thomas},
  journal={arXiv preprint arXiv:2410.16930},
  year={2024}
}

@article{dai2021knowledge,
  title={Knowledge neurons in pretrained transformers},
  author={Dai, Damai and Dong, Li and Hao, Yaru and Sui, Zhifang and Chang, Baobao and Wei, Furu},
  journal={arXiv preprint arXiv:2104.08696},
  year={2021}
}

@inproceedings{panigrahi2023task,
  title={Task-specific skill localization in fine-tuned language models},
  author={Panigrahi, Abhishek and Saunshi, Nikunj and Zhao, Haoyu and Arora, Sanjeev},
  booktitle={International Conference on Machine Learning},
  pages={27011--27033},
  year={2023},
  organization={PMLR}
}

@article{tang2024language,
  title={Language-specific neurons: The key to multilingual capabilities in large language models},
  author={Tang, Tianyi and Luo, Wenyang and Huang, Haoyang and Zhang, Dongdong and Wang, Xiaolei and Zhao, Xin and Wei, Furu and Wen, Ji-Rong},
  journal={arXiv preprint arXiv:2402.16438},
  year={2024}
}

@article{zhang2024interpreting,
  title={Interpreting and Improving Large Language Models in Arithmetic Calculation},
  author={Zhang, Wei and Wan, Chaoqun and Zhang, Yonggang and Cheung, Yiu-ming and Tian, Xinmei and Shen, Xu and Ye, Jieping},
  journal={arXiv preprint arXiv:2409.01659},
  year={2024}
}

@article{wang2022finding,
  title={Finding skill neurons in pre-trained transformer-based language models},
  author={Wang, Xiaozhi and Wen, Kaiyue and Zhang, Zhengyan and Hou, Lei and Liu, Zhiyuan and Li, Juanzi},
  journal={arXiv preprint arXiv:2211.07349},
  year={2022}
}

@article{li2018hyperband,
  title={Hyperband: A novel bandit-based approach to hyperparameter optimization},
  author={Li, Lisha and Jamieson, Kevin and DeSalvo, Giulia and Rostamizadeh, Afshin and Talwalkar, Ameet},
  journal={Journal of Machine Learning Research},
  volume={18},
  number={185},
  pages={1--52},
  year={2018}
}

@inproceedings{jamieson2016non,
  title={Non-stochastic best arm identification and hyperparameter optimization},
  author={Jamieson, Kevin and Talwalkar, Ameet},
  booktitle={Artificial intelligence and statistics},
  pages={240--248},
  year={2016},
  organization={PMLR}
}

@article{snoek2012practical,
  title={Practical bayesian optimization of machine learning algorithms},
  author={Snoek, Jasper and Larochelle, Hugo and Adams, Ryan P},
  journal={Advances in neural information processing systems},
  volume={25},
  year={2012}
}

@article{breiman2001random,
  title={Random forests},
  author={Breiman, Leo},
  journal={Machine learning},
  volume={45},
  pages={5--32},
  year={2001},
  publisher={Springer}
}

@inproceedings{bergstra2013making,
  title={Making a science of model search: Hyperparameter optimization in hundreds of dimensions for vision architectures},
  author={Bergstra, James and Yamins, Daniel and Cox, David},
  booktitle={International conference on machine learning},
  pages={115--123},
  year={2013},
  organization={PMLR}
}

@article{bergstra2011algorithms,
  title={Algorithms for hyper-parameter optimization},
  author={Bergstra, James and Bardenet, R{\'e}mi and Bengio, Yoshua and K{\'e}gl, Bal{\'a}zs},
  journal={Advances in neural information processing systems},
  volume={24},
  year={2011}
}

@inproceedings{mendoza2016towards,
  title={Towards automatically-tuned neural networks},
  author={Mendoza, Hector and Klein, Aaron and Feurer, Matthias and Springenberg, Jost Tobias and Hutter, Frank},
  booktitle={Workshop on automatic machine learning},
  pages={58--65},
  year={2016},
  organization={PMLR}
}

@inproceedings{hutter2011sequential,
  title={Sequential model-based optimization for general algorithm configuration},
  author={Hutter, Frank and Hoos, Holger H and Leyton-Brown, Kevin},
  booktitle={Learning and Intelligent Optimization: 5th International Conference, LION 5, Rome, Italy, January 17-21, 2011. Selected Papers 5},
  pages={507--523},
  year={2011},
  organization={Springer}
}

@inproceedings{snoek2015scalable,
  title={Scalable bayesian optimization using deep neural networks},
  author={Snoek, Jasper and Rippel, Oren and Swersky, Kevin and Kiros, Ryan and Satish, Nadathur and Sundaram, Narayanan and Patwary, Mostofa and Prabhat, Mr and Adams, Ryan},
  booktitle={International conference on machine learning},
  pages={2171--2180},
  year={2015},
  organization={PMLR}
}

@article{springenberg2016bayesian,
  title={Bayesian optimization with robust Bayesian neural networks},
  author={Springenberg, Jost Tobias and Klein, Aaron and Falkner, Stefan and Hutter, Frank},
  journal={Advances in neural information processing systems},
  volume={29},
  year={2016}
}

@article{perrone2017multiple,
  title={Multiple adaptive Bayesian linear regression for scalable Bayesian optimization with warm start},
  author={Perrone, Valerio and Jenatton, Rodolphe and Seeger, Matthias and Archambeau, Cedric},
  journal={arXiv preprint arXiv:1712.02902},
  year={2017}
}

@article{garipov2018loss,
  title={Loss surfaces, mode connectivity, and fast ensembling of dnns},
  author={Garipov, Timur and Izmailov, Pavel and Podoprikhin, Dmitrii and Vetrov, Dmitry P and Wilson, Andrew G},
  journal={Advances in neural information processing systems},
  volume={31},
  year={2018}
}

% layer related

@article{sun2024transformer,
  title={Transformer layers as painters},
  author={Sun, Qi and Pickett, Marc and Nain, Aakash Kumar and Jones, Llion},
  journal={arXiv preprint arXiv:2407.09298},
  year={2024}
}


@article{kim2023solar,
  title={Solar 10.7 b: Scaling large language models with simple yet effective depth up-scaling},
  author={Kim, Dahyun and Park, Chanjun and Kim, Sanghoon and Lee, Wonsung and Song, Wonho and Kim, Yunsu and Kim, Hyeonwoo and Kim, Yungi and Lee, Hyeonju and Kim, Jihoo and others},
  journal={arXiv preprint arXiv:2312.15166},
  year={2023}
}


@article{hay2024dynamic,
  title={Dynamic Layer Tying for Parameter-Efficient Transformers},
  author={Hay, Tamir David and Wolf, Lior},
  journal={arXiv preprint arXiv:2401.12819},
  year={2024}
}


@article{geva2022transformer,
  title={Transformer feed-forward layers build predictions by promoting concepts in the vocabulary space},
  author={Geva, Mor and Caciularu, Avi and Wang, Kevin Ro and Goldberg, Yoav},
  journal={arXiv preprint arXiv:2203.14680},
  year={2022}
}

@article{meng2022locating,
  title={Locating and editing factual associations in GPT},
  author={Meng, Kevin and Bau, David and Andonian, Alex and Belinkov, Yonatan},
  journal={Advances in Neural Information Processing Systems},
  volume={35},
  pages={17359--17372},
  year={2022}
}

@article{lad2406remarkable,
  title={The remarkable robustness of llms: Stages of inference?, 2024},
  author={Lad, Vedang and Gurnee, Wes and Tegmark, Max},
  journal={URL https://arxiv. org/abs/2406.19384}
}
#######
@article{liu2020logiqa,
  title={Logiqa: A challenge dataset for machine reading comprehension with logical reasoning},
  author={Liu, Jian and Cui, Leyang and Liu, Hanmeng and Huang, Dandan and Wang, Yile and Zhang, Yue},
  journal={arXiv preprint arXiv:2007.08124},
  year={2020}
}

@article{mihaylov2018can,
  title={Can a suit of armor conduct electricity? a new dataset for open book question answering},
  author={Mihaylov, Todor and Clark, Peter and Khot, Tushar and Sabharwal, Ashish},
  journal={arXiv preprint arXiv:1809.02789},
  year={2018}
}

@inproceedings{bisk2020piqa,
  title={Piqa: Reasoning about physical commonsense in natural language},
  author={Bisk, Yonatan and Zellers, Rowan and Gao, Jianfeng and Choi, Yejin and others},
  booktitle={Proceedings of the AAAI conference on artificial intelligence},
  volume={34},
  number={05},
  pages={7432--7439},
  year={2020}
}

@article{sap2019socialiqa,
  title={Socialiqa: Commonsense reasoning about social interactions},
  author={Sap, Maarten and Rashkin, Hannah and Chen, Derek and LeBras, Ronan and Choi, Yejin},
  journal={arXiv preprint arXiv:1904.09728},
  year={2019}
}
@article{shi2210language,
  title={Language models are multilingual chain-of-thought reasoners, 2022},
  author={Shi, Freda and Suzgun, Mirac and Freitag, Markus and Wang, Xuezhi and Srivats, Suraj and Vosoughi, Soroush and Chung, Hyung Won and Tay, Yi and Ruder, Sebastian and Zhou, Denny and others},
  journal={URL https://arxiv. org/abs/2210.03057}
}

@misc{elyzallama2023, 
      title={ELYZA-japanese-Llama-2-13b}, 
      url={https://huggingface.co/elyza/ELYZA-japanese-Llama-2-13b}, 
      author={Akira Sasaki and Masato Hirakawa and Shintaro Horie and Tomoaki Nakamura and Sam Passaglia and Daisuke Oba},
      year={2023},
}
