@article{JMLR:v23:21-0888,
  author  = {Marius Lindauer and Katharina Eggensperger and Matthias Feurer and André Biedenkapp and Difan Deng and Carolin Benjamins and Tim Ruhkopf and René Sass and Frank Hutter},
  title   = {SMAC3: A Versatile Bayesian Optimization Package for Hyperparameter Optimization},
  journal = {Journal of Machine Learning Research},
  year    = {2022},
  volume  = {23},
  number  = {54},
  pages   = {1--9},
  url     = {http://jmlr.org/papers/v23/21-0888.html}
}

@article{akiba2024evolutionary,
  title={Evolutionary optimization of model merging recipes},
  author={Akiba, Takuya and Shing, Makoto and Tang, Yujin and Sun, Qi and Ha, David},
  journal={arXiv preprint arXiv:2403.13187},
  year={2024}
}

@inproceedings{falkner2018bohb,
  title={BOHB: Robust and efficient hyperparameter optimization at scale},
  author={Falkner, Stefan and Klein, Aaron and Hutter, Frank},
  booktitle={International conference on machine learning},
  pages={1437--1446},
  year={2018},
  organization={PMLR}
}

@inproceedings{hutter2011sequential,
  title={Sequential model-based optimization for general algorithm configuration},
  author={Hutter, Frank and Hoos, Holger H and Leyton-Brown, Kevin},
  booktitle={Learning and Intelligent Optimization: 5th International Conference, LION 5, Rome, Italy, January 17-21, 2011. Selected Papers 5},
  pages={507--523},
  year={2011},
  organization={Springer}
}

@article{ilharco2022editing,
  title={Editing models with task arithmetic},
  author={Ilharco, Gabriel and Ribeiro, Marco Tulio and Wortsman, Mitchell and Gururangan, Suchin and Schmidt, Ludwig and Hajishirzi, Hannaneh and Farhadi, Ali},
  journal={arXiv preprint arXiv:2212.04089},
  year={2022}
}

@inproceedings{jamieson2016non,
  title={Non-stochastic best arm identification and hyperparameter optimization},
  author={Jamieson, Kevin and Talwalkar, Ameet},
  booktitle={Artificial intelligence and statistics},
  pages={240--248},
  year={2016},
  organization={PMLR}
}

@article{li2018hyperband,
  title={Hyperband: A novel bandit-based approach to hyperparameter optimization},
  author={Li, Lisha and Jamieson, Kevin and DeSalvo, Giulia and Rostamizadeh, Afshin and Talwalkar, Ameet},
  journal={Journal of Machine Learning Research},
  volume={18},
  number={185},
  pages={1--52},
  year={2018}
}

@article{liu2018darts,
  title={Darts: Differentiable architecture search},
  author={Liu, Hanxiao and Simonyan, Karen and Yang, Yiming},
  journal={arXiv preprint arXiv:1806.09055},
  year={2018}
}

@inproceedings{mendoza2016towards,
  title={Towards automatically-tuned neural networks},
  author={Mendoza, Hector and Klein, Aaron and Feurer, Matthias and Springenberg, Jost Tobias and Hutter, Frank},
  booktitle={Workshop on automatic machine learning},
  pages={58--65},
  year={2016},
  organization={PMLR}
}

@article{peherstorfer2018survey,
  title={Survey of multifidelity methods in uncertainty propagation, inference, and optimization},
  author={Peherstorfer, Benjamin and Willcox, Karen and Gunzburger, Max},
  journal={Siam Review},
  volume={60},
  number={3},
  pages={550--591},
  year={2018},
  publisher={SIAM}
}

@article{perrone2017multiple,
  title={Multiple adaptive Bayesian linear regression for scalable Bayesian optimization with warm start},
  author={Perrone, Valerio and Jenatton, Rodolphe and Seeger, Matthias and Archambeau, Cedric},
  journal={arXiv preprint arXiv:1712.02902},
  year={2017}
}

@inproceedings{pham2018efficient,
  title={Efficient neural architecture search via parameters sharing},
  author={Pham, Hieu and Guan, Melody and Zoph, Barret and Le, Quoc and Dean, Jeff},
  booktitle={International conference on machine learning},
  pages={4095--4104},
  year={2018},
  organization={PMLR}
}

@article{snoek2012practical,
  title={Practical bayesian optimization of machine learning algorithms},
  author={Snoek, Jasper and Larochelle, Hugo and Adams, Ryan P},
  journal={Advances in neural information processing systems},
  volume={25},
  year={2012}
}

@inproceedings{snoek2015scalable,
  title={Scalable bayesian optimization using deep neural networks},
  author={Snoek, Jasper and Rippel, Oren and Swersky, Kevin and Kiros, Ryan and Satish, Nadathur and Sundaram, Narayanan and Patwary, Mostofa and Prabhat, Mr and Adams, Ryan},
  booktitle={International conference on machine learning},
  pages={2171--2180},
  year={2015},
  organization={PMLR}
}

@article{springenberg2016bayesian,
  title={Bayesian optimization with robust Bayesian neural networks},
  author={Springenberg, Jost Tobias and Klein, Aaron and Falkner, Stefan and Hutter, Frank},
  journal={Advances in neural information processing systems},
  volume={29},
  year={2016}
}

@inproceedings{utans1996weight,
  title={Weight averaging for neural networks and local resampling schemes},
  author={Utans, Joachim},
  booktitle={Proc. AAAI-96 Workshop on Integrating Multiple Learned Models. AAAI Press},
  pages={133--138},
  year={1996},
  organization={Citeseer}
}

@article{white2016sampling,
  title={Sampling generative networks},
  author={White, Tom},
  journal={arXiv preprint arXiv:1609.04468},
  year={2016}
}

@article{yadav2024ties,
  title={Ties-merging: Resolving interference when merging models},
  author={Yadav, Prateek and Tam, Derek and Choshen, Leshem and Raffel, Colin A and Bansal, Mohit},
  journal={Advances in Neural Information Processing Systems},
  volume={36},
  year={2024}
}

@inproceedings{yu2024language,
  title={Language models are super mario: Absorbing abilities from homologous models as a free lunch},
  author={Yu, Le and Yu, Bowen and Yu, Haiyang and Huang, Fei and Li, Yongbin},
  booktitle={Forty-first International Conference on Machine Learning},
  year={2024}
}

