@INPROCEEDINGS{1023682,
  author={De Santis, A. and Masucci, B.},
  booktitle={Proceedings IEEE International Symposium on Information Theory,}, 
  title={On information dispersal algorithms}, 
  year={2002},
  volume={},
  number={},
  pages={410-},
  keywords={Artificial intelligence;Information analysis;Algorithm design and analysis;Application software;Fault tolerant systems;Secure storage;Concurrent computing;Distributed computing;Random variables},
  doi={10.1109/ISIT.2002.1023682}}

@inproceedings{beguin1995general,
  title={General short computational secret sharing schemes},
  author={B{\'e}guin, Philippe and Cresti, Antonella},
  booktitle={International Conference on the Theory and Applications of Cryptographic Techniques},
  pages={194--208},
  year={1995},
  organization={Springer}
}

@article{beguin1998general,
  title={General information dispersal algorithms},
  author={B{\'e}guin, Philippe and Cresti, Antonella},
  journal={Theoretical Computer Science},
  volume={209},
  number={1-2},
  pages={87--105},
  year={1998},
  publisher={Elsevier}
}

@inproceedings{bellare2007robust,
  title={Robust computational secret sharing and a unified account of classical secret-sharing goals},
  author={Bellare, Mihir and Rogaway, Phillip},
  booktitle={Proceedings of the 14th ACM conference on Computer and communications security},
  pages={172--184},
  year={2007}
}

@inproceedings{blakely,
    author = "G. R. Blakely",
    title = "Safeguarding Cryptographic Keys",
    booktitle = "Proc. {AFIPS}",
    volume = "48",
    year = "1979",
    pages = "313-317"
}

@inproceedings{cachin1995line,
  title={On-line secret sharing},
  author={Cachin, Christian},
  booktitle={IMA International Conference on Cryptography and Coding},
  pages={190--198},
  year={1995},
  organization={Springer}
}

@inproceedings{chen2017revisiting,
  title={Revisiting and extending the AONT-RS scheme: a robust computationally secure secret sharing scheme},
  author={Chen, Liqun and Laing, Thalia M and Martin, Keith M},
  booktitle={Progress in Cryptology-AFRICACRYPT 2017: 9th International Conference on Cryptology in Africa, Dakar, Senegal, May 24-26, 2017, Proceedings 9},
  pages={40--57},
  year={2017},
  organization={Springer}
}

@article{hellman2,
    author = "E. D. Karnin and J. W. Greene and M. E. Hellman",
    title = "On Secret Sharing Systems",
    journal = "{IEEE} Trans. Inform. Theory",
    volume = "29",
    number = "1",
    pages = "35-41",
    month = jan,
    year = "1983"
}

@inproceedings{krawczyk1993secret,
  title={Secret sharing made short},
  author={Krawczyk, Hugo},
  booktitle={Annual international cryptology conference},
  pages={136--146},
  year={1993},
  organization={Springer}
}

@inproceedings{mayer1997generalized,
  title={Generalized secret sharing and group-key distribution using short keys},
  author={Mayer, Andrew and Yung, Moti},
  booktitle={Proceedings. Compression and Complexity of SEQUENCES 1997 (Cat. No. 97TB100171)},
  pages={30--44},
  year={1997},
  organization={IEEE}
}

@article{naor1995optimal,
  title={Optimal file sharing in distributed networks},
  author={Naor, Moni and Roth, Ron M},
  journal={SIAM Journal on Computing},
  volume={24},
  number={1},
  pages={158--183},
  year={1995},
  publisher={SIAM}
}

@inproceedings{rabin1990information,
  title={The information dispersal algorithm and its applications},
  author={Rabin, Michael O},
  booktitle={Sequences: Combinatorics, Compression, Security, and Transmission},
  pages={406--419},
  year={1990},
  organization={Springer}
}

@article{reed1960polynomial,
  title={Polynomial codes over certain finite fields},
  author={Reed, Irving S and Solomon, Gustave},
  journal={Journal of the society for industrial and applied mathematics},
  volume={8},
  number={2},
  pages={300--304},
  year={1960},
  publisher={SIAM}
}

@inproceedings{resch2011aont,
  title={$\{$AONT-RS$\}$: Blending Security and Performance in Dispersed Storage Systems},
  author={Resch, Jason K and Plank, James S},
  booktitle={9th USENIX Conference on File and Storage Technologies (FAST 11)},
  year={2011}
}

@inproceedings{rivest1997all,
  title={All-or-nothing encryption and the package transform},
  author={Rivest, Ronald L},
  booktitle={Fast Software Encryption: 4th International Workshop, FSEâ€™97 Haifa, Israel, January 20--22 1997 Proceedings 4},
  pages={210--218},
  year={1997},
  organization={Springer}
}

@inproceedings{shamir,
    author = "A. Shamir",
    title = "How to Share a Secret",
    booktitle = "Commun. of the {ACM}",
    volume = "22",
    year = "1979",
    pages = "612-613"
}

@inproceedings{vinod2003power,
  title={On the power of computational secret sharing},
  author={Vinod, V and Narayanan, Arvind and Srinathan, Kannan and Rangan, C Pandu and Kim, Kwangjo},
  booktitle={Progress in Cryptology-INDOCRYPT 2003: 4th International Conference on Cryptology in India, New Delhi, India, December 8-10, 2003. Proceedings 4},
  pages={162--176},
  year={2003},
  organization={Springer}
}

