@inproceedings{ito,
    author = "M. Ito and A. Saito and T. Nishizeki",
    title = "Secret Sharing Scheme Realizing General Access Structure",
    booktitle = "Proc. {IEEE} Global Telecom. Conf. (Globecom '87)",
    year = "1987",
    pages = "99-102"
}

@inproceedings{shamir,
    author = "A. Shamir",
    title = "How to Share a Secret",
    booktitle = "Commun. of the {ACM}",
    volume = "22",
    year = "1979",
    pages = "612-613"
}

@inproceedings{blakely,
    author = "G. R. Blakely",
    title = "Safeguarding Cryptographic Keys",
    booktitle = "Proc. {AFIPS}",
    volume = "48",
    year = "1979",
    pages = "313-317"
}

@incollection{benaloh,
    author = "J. Benaloh and J. Leichter",
    title = "Generalized Secret Sharing and Monotone Functions",
    booktitle = "Advances in Cryptology --- {CRYPTO} '88",
    series = "Lecture Notes in Computer Science",
    address = "Berlin",
    publisher = "Springer-Verlag",
    year = "1990",
    number = "403",
    pages = "27-35"
}

@incollection{stinson,
    author = "D. R. Stinson",
    title = "An Explication of Secret Sharing Schemes",
    booktitle = "Designs, Codes and Cryptography",
    publisher = "Springer",
    month = dec,
    year = "1992",
    volume = "2",
    pages = "357-390"
}

@article{Hellman,
    author = "A. Carleial and M. E. Hellman",
    title = "A Note on Wyner's Wiretap Channel (Corresp.)",
    journal = "{IEEE} Trans. Inform. Theory",
    volume = "23",
    number = "3",
    pages = "387-390",
    month = may,
    year = "1977"
}

@incollection{multisecret,
    author = "C. Blundo and A. De Santis and G. Di Crescenzo and  A. Giorgio Gaggia and U. Vaccaro",
    title = "Multi-Secret Sharing Schemes",
    booktitle = "Advances in Cryptology --- {CRYPTO} '94'",
    series = "Lecture Notes in Computer Science",
    address = "Berlin",
    publisher = "Springer-Verlag",
    year = "1994",
    volume = "839",
    pages = "150-163"
}

@inproceedings{efficientSharing,
    author = "C. Blundo and A. De Santis and U. Vaccaro",
    title = "Efficient Sharing of Many Secrets",
    booktitle = "Proc. {STACS} '93'",
    series = "Lecture Notes in Computer Science",
    volume = "665",
    address = "Berlin",
    publisher = "Springer-Verlag",
    year = "1993",
    pages = "692-703"
}

@article{hellman2,
    author = "E. D. Karnin and J. W. Greene and M. E. Hellman",
    title = "On Secret Sharing Systems",
    journal = "{IEEE} Trans. Inform. Theory",
    volume = "29",
    number = "1",
    pages = "35-41",
    month = jan,
    year = "1983"
}

@incollection{multiThreshold,
    author = "W.-A. Jackson and K. M. Martin and C. M. O'Keefe",
    title = "Multisecret Threshold Schemes",
    booktitle = "Advances in Cryptology --- {CRYPTO} '93'",
    series = "Lecture Notes in Computer Science",
    editor = "D. R. Stinson",
    volume = "773",
    address = "Berlin",
    publisher = "Springer-Verlag",
    year = "1994",
    pages = "126-135"
}

@article{crescenzo,
    author = "G. Di Crescenzo",
    title = "Sharing One Secret vs. Sharing Many Secrets",
    journal = "Theoretical Computer Science",
    volume = "295",
    number = "1",
    pages = "123-140",
    month = feb,
    year = "2003"
}

@article{ideal,
    author = "W.-A. Jackson and K. M. Martin and C. M. O'Keefe",
    title = "Ideal Secret Sharing Schemes with Multiple Secrets",
    journal = "Journal of Cryptology",
    volume = "9",
    pages = "233-250",
    year = "1996"
}

@article{thresholdConstruction,
    author = "W.-A. Jackson and K. M. Matrin and C. M. O'Keefe",
    title = "A construction for multi-secret threshold schemes",
    journal = "Designs, Codes, and Cryptography",
    volume = "9",
    pages = "287-303",
    year = "1996"
}

@ARTICLE{SCMUniform,
  author={Kobayashi, Daisuke and Yamamoto, Hirosuke and Ogawa, Tomohiro},
  journal={IEEE Trans. on Inf. Theory}, 
  title={Secure Multiplex Coding Attaining Channel Capacity in Wiretap Channels}, 
  year={2013},
  volume={59},
  number={12},
  pages={8131-8143},
  doi={10.1109/TIT.2013.2282673}}

@article{cohen2023absolute,
  title={Absolute Security in Terahertz Wireless Links},
  author={Cohen, Alejandro and D'Oliveira, Rafael G. L. and Yeh, Chia-Yi and Guerboukha, Hichem and Shrestha, Rabi and Fang, Zhaoji and Knightly, Edward and M{\'e}dard, Muriel and Mittleman, Daniel M},
  journal={IEEE Journal of Selected Topics in Signal Processing},
  year={2023},
  publisher={IEEE}
}

@inproceedings{mayer1997generalized,
  title={Generalized secret sharing and group-key distribution using short keys},
  author={Mayer, Andrew and Yung, Moti},
  booktitle={Proceedings. Compression and Complexity of SEQUENCES 1997 (Cat. No. 97TB100171)},
  pages={30--44},
  year={1997},
  organization={IEEE}
}

@inproceedings{resch2011aont,
  title={$\{$AONT-RS$\}$: Blending Security and Performance in Dispersed Storage Systems},
  author={Resch, Jason K and Plank, James S},
  booktitle={9th USENIX Conference on File and Storage Technologies (FAST 11)},
  year={2011}
}

@article{rabin1989efficient,
  title={Efficient dispersal of information for security, load balancing, and fault tolerance},
  author={Rabin, Michael O},
  journal={Journal of the ACM (JACM)},
  volume={36},
  number={2},
  pages={335--348},
  year={1989},
  publisher={ACM New York, NY, USA}
}

@inproceedings{rivest1997all,
  title={All-or-nothing encryption and the package transform},
  author={Rivest, Ronald L},
  booktitle={Fast Software Encryption: 4th International Workshop, FSE’97 Haifa, Israel, January 20--22 1997 Proceedings 4},
  pages={210--218},
  year={1997},
  organization={Springer}
}

@inproceedings{chen2017revisiting,
  title={Revisiting and extending the AONT-RS scheme: a robust computationally secure secret sharing scheme},
  author={Chen, Liqun and Laing, Thalia M and Martin, Keith M},
  booktitle={Progress in Cryptology-AFRICACRYPT 2017: 9th International Conference on Cryptology in Africa, Dakar, Senegal, May 24-26, 2017, Proceedings 9},
  pages={40--57},
  year={2017},
  organization={Springer}
}

@inproceedings{bellare2007robust,
  title={Robust computational secret sharing and a unified account of classical secret-sharing goals},
  author={Bellare, Mihir and Rogaway, Phillip},
  booktitle={Proceedings of the 14th ACM conference on Computer and communications security},
  pages={172--184},
  year={2007}
}

@inproceedings{vinod2003power,
  title={On the power of computational secret sharing},
  author={Vinod, V and Narayanan, Arvind and Srinathan, Kannan and Rangan, C Pandu and Kim, Kwangjo},
  booktitle={Progress in Cryptology-INDOCRYPT 2003: 4th International Conference on Cryptology in India, New Delhi, India, December 8-10, 2003. Proceedings 4},
  pages={162--176},
  year={2003},
  organization={Springer}
}

@inproceedings{cachin1995line,
  title={On-line secret sharing},
  author={Cachin, Christian},
  booktitle={IMA International Conference on Cryptography and Coding},
  pages={190--198},
  year={1995},
  organization={Springer}
}

@inproceedings{beguin1995general,
  title={General short computational secret sharing schemes},
  author={B{\'e}guin, Philippe and Cresti, Antonella},
  booktitle={International Conference on the Theory and Applications of Cryptographic Techniques},
  pages={194--208},
  year={1995},
  organization={Springer}
}

@article{reed1960polynomial,
  title={Polynomial codes over certain finite fields},
  author={Reed, Irving S and Solomon, Gustave},
  journal={Journal of the society for industrial and applied mathematics},
  volume={8},
  number={2},
  pages={300--304},
  year={1960},
  publisher={SIAM}
}

@article{yeh2023securing,
  title={Securing Angularly Dispersive Terahertz Links with Coding},
  author={Yeh, Chia-Yi and Cohen, Alejandro and D’Oliveira, Rafael G. L. and M{\'e}dard, Muriel and Mittleman, Daniel M and Knightly, Edward W},
  journal={IEEE Trans. on Inf. Forensics and Security},
  year={2023},
  publisher={IEEE}
}

@inproceedings{mansour2014secrecy,
  title={Secrecy measures for broadcast channels with receiver side information: Joint vs individual},
  author={Mansour, Ahmed S and Schaefer, Rafael F and Boche, Holger},
  booktitle={2014 IEEE Information Theory Workshop (ITW 2014)},
  pages={426--430},
  year={2014},
  organization={IEEE}
}

@inproceedings{chen2015individual,
  title={On the individual secrecy rate region for the broadcast channel with an external eavesdropper},
  author={Chen, Yanling and Koyluoglu, O Ozan and Sezgin, Aydin},
  booktitle={2015 IEEE International Symposium on Information Theory (ISIT)},
  pages={1347--1351},
  year={2015},
  organization={IEEE}
}

@inproceedings{mansour2015individual,
  title={The individual secrecy capacity of degraded multi-receiver wiretap broadcast channels},
  author={Mansour, Ahmed S and Schaefer, Rafael F and Boche, Holger},
  booktitle={2015 IEEE International Conference on Communications (ICC)},
  pages={4181--4186},
  year={2015},
  organization={IEEE}
}

@article{mansour2016individual,
  title={On the individual secrecy capacity regions of the general, degraded, and gaussian multi-receiver wiretap broadcast channel},
  author={Mansour, Ahmed S and Schaefer, Rafael F and Boche, Holger},
  journal={IEEE Transactions on Information Forensics and Security},
  volume={11},
  number={9},
  pages={2107--2122},
  year={2016},
  publisher={IEEE}
}

@inproceedings{goldenbaum2015multiple,
  title={The multiple-access channel with an external eavesdropper: Trusted vs. untrusted users},
  author={Goldenbaum, Mario and Schaefer, Rafael F and Poor, H Vincent},
  booktitle={2015 49th Asilomar Conference on Signals, Systems and Computers},
  pages={564--568},
  year={2015},
  organization={IEEE}
}

@inproceedings{chen2016secure,
  title={On secure communication over the multiple access channel},
  author={Chen, Yanling and Koyluoglu, O Ozan and Vinck, AJ Han},
  booktitle={2016 International Symposium on Information Theory and Its Applications (ISITA)},
  pages={350--354},
  year={2016},
  organization={IEEE}
}

@article{bhattad2005weakly,
  title={Weakly secure network coding},
  author={Bhattad, Kapil and Narayanan, Krishna R and others},
  journal={NetCod, Apr},
  volume={104},
  pages={8--20},
  year={2005}
}

@inproceedings{silva2009universal,
  title={Universal weakly secure network coding},
  author={Silva, Danilo and Kschischang, Frank R},
  booktitle={2009 IEEE Information Theory Workshop on Networking and Information Theory},
  pages={281--285},
  year={2009},
  organization={IEEE}
}

@article{cohen2018secure,
  title={Secure multi-source multicast},
  author={Cohen, Alejandro and Cohen, Asaf and Medard, Muriel and Gurewitz, Omer},
  journal={IEEE Transactions on Communications},
  volume={67},
  number={1},
  pages={708--723},
  year={2018},
  publisher={IEEE}
}

@inproceedings{lima2007random,
  title={Random linear network coding: A free cipher?},
  author={Lima, Luisa and M{\'e}dard, Muriel and Barros, Joao},
  booktitle={2007 IEEE International Symposium on Information Theory},
  pages={546--550},
  year={2007},
  organization={IEEE}
}

@article{claridge2017probability,
  title={Probability of partially decoding network-coded messages},
  author={Claridge, Jessica and Chatzigeorgiou, Ioannis},
  journal={IEEE Communications Letters},
  volume={21},
  number={9},
  pages={1945--1948},
  year={2017},
  publisher={IEEE}
}

@inproceedings{kadhe2014weakly,
  title={Weakly secure regenerating codes for distributed storage},
  author={Kadhe, Swanand and Sprintson, Alex},
  booktitle={2014 International Symposium on Network Coding (NetCod)},
  pages={1--6},
  year={2014},
  organization={IEEE}
}

@inproceedings{kadhe2014weakly1,
  title={On a weakly secure regenerating code construction for minimum storage regime},
  author={Kadhe, Swanand and Sprintson, Alex},
  booktitle={2014 52nd Annual Allerton Conference on Communication, Control, and Computing (Allerton)},
  pages={445--452},
  year={2014},
  organization={IEEE}
}

@inproceedings{paunkoska2016improved,
  title={Improved perfect secrecy of distributed storage systems using interference alignment},
  author={Paunkoska, Natasa and Kafedziski, Venceslav and Marina, Ninoslav},
  booktitle={2016 8th International Congress on Ultra Modern Telecommunications and Control Systems and Workshops (ICUMT)},
  pages={240--245},
  year={2016},
  organization={IEEE}
}

@inproceedings{paunkoska2018improving,
  title={Improving the secrecy of distributed storage systems using interference alignment},
  author={Paunkoska, Natasa and Kafedziski, Venceslav and Marina, Ninoslav},
  booktitle={2018 14th International Wireless Communications \& Mobile Computing Conference (IWCMC)},
  pages={261--266},
  year={2018},
  organization={IEEE}
}

@article{bian2019optimal,
  title={Optimal weakly secure minimum storage regenerating codes scheme},
  author={Bian, Jianchao and Luo, Shoushan and Li, Zhengwen and Yang, Yixian},
  journal={IEEE Access},
  volume={7},
  pages={151120--151130},
  year={2019},
  publisher={IEEE}
}

@article{shannon1949communication,
  title={Communication theory of secrecy systems},
  author={Shannon, Claude E},
  journal={The Bell system technical journal},
  volume={28},
  number={4},
  pages={656--715},
  year={1949},
  publisher={Nokia Bell Labs}
}

@article{shannon1945mathematical,
  title={A mathematical theory of cryptography},
  author={Shannon, Claude E},
  journal={Bell System Technical Memo MM 45-110-02},
  year={1945}
}

@article{shannon1948mathematical,
  title={A mathematical theory of communication},
  author={Shannon, Claude Elwood},
  journal={The Bell system technical journal},
  volume={27},
  number={3},
  pages={379--423},
  year={1948},
  publisher={Nokia Bell Labs}
}

@article{wyner1975wire,
  title={The wire-tap channel},
  author={Wyner, Aaron D},
  journal={Bell system technical journal},
  volume={54},
  number={8},
  pages={1355--1387},
  year={1975},
  publisher={Wiley Online Library}
}

@article{ozarow1984wire,
  title={Wire-tap channel {II}},
  author={Ozarow, Lawrence H and Wyner, Aaron D},
  journal={AT\&T Bell Laboratories technical journal},
  volume={63},
  number={10},
  pages={2135--2157},
  year={1984},
  publisher={Nokia Bell Labs}
}

@inproceedings{brickell1989some,
  title={Some ideal secret sharing schemes},
  author={Brickell, Ernest F},
  booktitle={Workshop on the Theory and Application of of Cryptographic Techniques},
  pages={468--475},
  year={1989},
  organization={Springer}
}

@inproceedings{simmons1988really,
  title={How to (really) share a secret},
  author={Simmons, Gustavus J},
  booktitle={Conference on the Theory and Application of Cryptography},
  pages={390--448},
  year={1988},
  organization={Springer}
}

@article{simmons1991introduction,
  title={An introduction to shared secret and/or shared control schemes and their application},
  author={Simmons, Gustavus J},
  journal={Contemporary cryptology},
  pages={441--497},
  year={1991},
  publisher={IEEE press}
}


@article{77a41a127060489e8ca2a6e9822932d5,
title = "The Geometry of Shared Secret Schemes",
author = "Martin, {Keith M.} and G.J. Simmons and W.-A. Jackson",
year = "1991",
language = "English",
volume = "1",
pages = "71--88",
journal = "Bulletin of the ICA",

}

@misc{bass2024monotone,
      title={A Monotone Circuit Construction for Individually-Secure Multi-Secret Sharing}, 
      author={Cailyn Bass and Alejandro Cohen and Rafael G. L. D'Oliveira and Muriel Médard},
      year={2024},
      eprint={2405.06773},
      archivePrefix={arXiv},
      primaryClass={cs.IT}
}


@inproceedings{wigderson1988completeness,
  title={Completeness theorems for noncryptographic fault-tolerant distributed computations},
  author={Wigderson, Avi and Or, MB and Goldwasser, S},
  booktitle={Proceedings of the 20th Annual Symposium on the Theory of Computing (STOC’88)},
  pages={1--10},
  year={1988}
}


@article{GOLDWASSER1984270,
title = {Probabilistic encryption},
journal = {Journal of Computer and System Sciences},
volume = {28},
number = {2},
pages = {270-299},
year = {1984},
issn = {0022-0000},
doi = {https://doi.org/10.1016/0022-0000(84)90070-9},
url = {https://www.sciencedirect.com/science/article/pii/0022000084900709},
author = {Shafi Goldwasser and Silvio Micali},
abstract = {A new probabilistic model of data encryption is introduced. For this model, under suitable complexity assumptions, it is proved that extracting any information about the cleartext from the cyphertext is hard on the average for an adversary with polynomially bounded computational resources. The proof holds for any message space with any probability distribution. The first implementation of this model is presented. The security of this implementation is proved under the interactability assumptin of deciding Quadratic Residuosity modulo composite numbers whose factorization is unknown.}
}

@INPROCEEDINGS{4568297,
  author={Feldman, Paul},
  booktitle={28th Annual Symposium on Foundations of Computer Science (sfcs 1987)}, 
  title={A practical scheme for non-interactive verifiable secret sharing}, 
  year={1987},
  volume={},
  number={},
  pages={427-438},
  keywords={Cryptography;Variable structure systems;Broadcasting;Identity-based encryption;Tiles;Access protocols;Distributed computing;Voting;Nominations and elections;Computational modeling},
  doi={10.1109/SFCS.1987.4}}


@book{katz2007introduction,
  title={Introduction to modern cryptography: principles and protocols},
  author={Katz, Jonathan and Lindell, Yehuda},
  year={2007},
  publisher={Chapman and hall/CRC}
}

@inproceedings{krawczyk1993secret,
  title={Secret sharing made short},
  author={Krawczyk, Hugo},
  booktitle={Annual international cryptology conference},
  pages={136--146},
  year={1993},
  organization={Springer}
}

@INPROCEEDINGS{4568164,
  author={Chor, Benny and Goldwasser, Shafi and Micali, Silvio and Awerbuch, Baruch},
  booktitle={26th Annual Symposium on Foundations of Computer Science (sfcs 1985)}, 
  title={Verifiable secret sharing and achieving simultaneity in the presence of faults}, 
  year={1985},
  volume={},
  number={},
  pages={383-395},
  keywords={Cryptography;Broadcasting;Robustness;Cryptographic protocols;Shafts;Fault tolerance;Voting;Tiles;Communication networks;Polynomials},
  doi={10.1109/SFCS.1985.64}}



@INPROCEEDINGS{10619205,
  author={Bass, Cailyn and Cohen, Alejandro and D'Oliveira, Rafael G. L. and Médard, Muriel},
  booktitle={2024 IEEE International Symposium on Information Theory (ISIT)}, 
  title={A Monotone Circuit Construction for Individually-Secure Multi-Secret Sharing}, 
  year={2024},
  volume={},
  number={},
  pages={178-183},
  keywords={Security;Mutual information;Information rates;Periodic structures},
  doi={10.1109/ISIT57864.2024.10619205}}

@article{naor1995optimal,
  title={Optimal file sharing in distributed networks},
  author={Naor, Moni and Roth, Ron M},
  journal={SIAM Journal on Computing},
  volume={24},
  number={1},
  pages={158--183},
  year={1995},
  publisher={SIAM}
}

@inproceedings{rabin1990information,
  title={The information dispersal algorithm and its applications},
  author={Rabin, Michael O},
  booktitle={Sequences: Combinatorics, Compression, Security, and Transmission},
  pages={406--419},
  year={1990},
  organization={Springer}
}

@article{beguin1998general,
  title={General information dispersal algorithms},
  author={B{\'e}guin, Philippe and Cresti, Antonella},
  journal={Theoretical Computer Science},
  volume={209},
  number={1-2},
  pages={87--105},
  year={1998},
  publisher={Elsevier}
}

@INPROCEEDINGS{1023682,
  author={De Santis, A. and Masucci, B.},
  booktitle={Proceedings IEEE International Symposium on Information Theory,}, 
  title={On information dispersal algorithms}, 
  year={2002},
  volume={},
  number={},
  pages={410-},
  keywords={Artificial intelligence;Information analysis;Algorithm design and analysis;Application software;Fault tolerant systems;Secure storage;Concurrent computing;Distributed computing;Random variables},
  doi={10.1109/ISIT.2002.1023682}}

@article{mondelli2014achieving,
  title={Achieving Marton’s region for broadcast channels using polar codes},
  author={Mondelli, Marco and Hassani, Seyed Hamed and Sason, Igal and Urbanke, R{\"u}diger L},
  journal={IEEE Transactions on Information Theory},
  volume={61},
  number={2},
  pages={783--800},
  year={2014},
  publisher={Ieee}
}

@article{chou2016polar,
  title={Polar coding for the broadcast channel with confidential messages: A random binning analogy},
  author={Chou, R{\'e}mi A and Bloch, Matthieu R},
  journal={IEEE Transactions on Information Theory},
  volume={62},
  number={5},
  pages={2410--2429},
  year={2016},
  publisher={IEEE}
}

@inproceedings{prabhakaran2007broadcasting,
  title={Broadcasting with degraded message sets: A deterministic approach},
  author={Prabhakaran, Vinod and Diggavi, Suhas and Tse, David},
  booktitle={Proceedings of the 45th Annual Allerton Conference on Communication, Control and Computing},
  year={2007},
  organization={Citeseer}
}

@inproceedings{saeedi2009degraded,
  title={On degraded two message set broadcasting},
  author={Saeedi, Shirin and Diggavi, Suhas and Fragouli, Christina and Prabhakaran, Vinod},
  booktitle={2009 IEEE Information Theory Workshop},
  pages={406--410},
  year={2009},
  organization={IEEE}
}

@article{avestimehr2011wireless,
  title={Wireless network information flow: A deterministic approach},
  author={Avestimehr, A Salman and Diggavi, Suhas N and David, NC},
  journal={IEEE Transactions on Information theory},
  volume={57},
  number={4},
  pages={1872--1905},
  year={2011},
  publisher={IEEE}
}

@book{benaloh1990generalized,
  title={Generalized secret sharing and monotone functions},
  author={Benaloh, Josh and Leichter, Jerry},
  year={1990},
  publisher={Springer}
}