@Article{Khosla2020,
  author  = {Khosla, Prannay and Teterwak, Piotr and Wang, Chen and Sarna, Aaron and Tian, Yonglong and Isola, Phillip and Maschinot, Aaron and Liu, Ce and Krishnan, Dilip},
  journal = {Proc. Advances in Neural Information Processing Systems},
  title   = {Supervised contrastive learning},
  year    = {2020},
  month   = {Dec.},
  pages   = {18661--18673},
  volume  = {33},
  address = {Vancouver, Canada},
}

@InProceedings{Krell2017,
  author    = {Krell, Mario Michael and Kim, Su Kyoung},
  booktitle = {{IEEE} Engineering in Medicine and Biology Society},
  title     = {Rotational data augmentation for electroencephalographic data},
  year      = {2017},
  address   = {Jeju Island, Korea},
  month     = {July},
  pages     = {471-474},
}

@InProceedings{Mohsenvand2020,
  author    = {Mohsenvand, Mostafa Neo and Izadi, Mohammad Rasool and Maes, Pattie},
  booktitle = {Proc. Advances in Neural Information Processing Systems Machine Learning for Health Workshops},
  title     = {Contrastive representation learning for electroencephalogram classification},
  year      = {2020},
  address   = {Vancouver, Canada},
  month     = {Dec.},
  pages     = {238--253},
}

@InProceedings{Rommel2021,
  author    = {Rommel, C{\'e}dric and Moreau, Thomas and Paillard, Joseph and Gramfort, Alexandre},
  booktitle = {Proc. Int'l Conf. Learning Representations},
  title     = {{CADDA}: class-wise automatic differentiable data augmentation for {EEG} signals},
  year      = {2022},
  address   = {Virtual},
  month     = {Apr.},
  pages     = {1-24},
}

@InProceedings{Saeed2021,
  author    = {Saeed, Aaqib and Grangier, David and Pietquin, Olivier and Zeghidour, Neil},
  booktitle = {Proc. IEEE Int'l Conf. on Acoustics, Speech and Signal Processing},
  title     = {Learning from heterogeneous {EEG} signals with differentiable channel reordering},
  year      = {2021},
  address   = {Toronto, Canada},
  month     = {Jun.},
  pages     = {1255-1259},
}

@Article{Schwabedal2018surr,
  author  = {Schwabedal, Justus TC and Snyder, John C and Cakmak, Ayse and Nemati, Shamim and Clifford, Gari D},
  journal = {arXiv preprint arXiv:1806.08675},
  title   = {Addressing class imbalance in classification problems of noisy signals by using {F}ourier transform surrogates},
  year    = {2018},
}

@InProceedings{Wang2018,
  author    = {Wang, Fang and Zhong, Sheng-hua and Peng, Jianfeng and Jiang, Jianmin and Liu, Yan},
  booktitle = {Proc. 24th Int'l Conf. Multimedia Modeling},
  title     = {Data augmentation for {EEG}-based emotion recognition with deep convolutional neural networks},
  year      = {2018},
  address   = {Bangkok, Thailand},
  month     = {Feb.},
  pages     = {82--93},
}

@InProceedings{chen2021simsiam,
  author    = {Chen, Xinlei and He, Kaiming},
  booktitle = {Proc. {IEEE/CVF} Conf. Computer Vision and Pattern Recognition},
  title     = {Exploring simple siamese representation learning},
  year      = {2021},
  address   = {Nashville, TN},
  month     = {Jun.},
  pages     = {15750-15758},
}

@Article{cheng2020subject,
  author  = {Cheng, Joseph Y and Goh, Hanlin and Dogrusoz, Kaan and Tuzel, Oncel and Azemi, Erdrin},
  journal = {arXiv preprint arXiv:2007.04871},
  title   = {Subject-aware contrastive learning for biosignals},
  year    = {2020},
}

@InProceedings{grill2020BYOL,
  author    = {Grill, Jean-Bastien and Strub, Florian and Altch{\'e}, Florent and Tallec, Corentin and Richemond, Pierre and Buchatskaya, Elena and Doersch, Carl and Avila Pires, Bernardo and Guo, Zhaohan and Gheshlaghi Azar, Mohammad and others},
  booktitle = {Proc. Advances in Neural Information Processing Systems},
  title     = {Bootstrap your own latent-A new approach to self-supervised learning},
  year      = {2020},
  address   = {Vancouver, Canada},
  month     = {Dec.},
  pages     = {21271-21284},
}

@InProceedings{he2020moco,
  author    = {He, Kaiming and Fan, Haoqi and Wu, Yuxin and Xie, Saining and Girshick, Ross},
  booktitle = {Proc. {IEEE/CVF} Conf. Computer Vision and Pattern Recognition},
  title     = {Momentum contrast for unsupervised visual representation learning},
  year      = {2020},
  address   = {Seattle, WA},
  month     = {Jun.},
  pages     = {9729--9738},
}

@InProceedings{huang2023epilepsynet,
  author    = {Huang, Baichuan and Zanetti, Renato and Abtahi, Azra and Atienza, David and Aminifar, Amir},
  booktitle = {Int'l Conf. on Artificial Intelligence Circuits and Systems},
  title     = {{E}pilepsy{N}et: Interpretable self-supervised seizure detection for low-power wearable systems},
  year      = {2023},
  address   = {Hangzhou, China},
  month     = {Jun.},
  pages     = {1--5},
}

@InProceedings{jiang2021self,
  author    = {Jiang, Xue and Zhao, Jianhui and Du, Bo and Yuan, Zhiyong},
  booktitle = {Proc. Int'l Joint Conf. on Neural Networks},
  title     = {Self-supervised contrastive learning for {EEG}-based sleep staging},
  year      = {2021},
  address   = {Shenzhen, China},
  month     = {Jul.},
  pages     = {1--8},
}

@InProceedings{lee2022self,
  author    = {Lee, Harim and Seong, Eunseon and Chae, Dong-Kyu},
  booktitle = {Proc. of the Thirty-First Int'l Joint Conf. on Artificial Intelligence},
  title     = {Self-supervised learning with attention-based latent signal augmentation for sleep staging with limited labeled data},
  year      = {2022},
  address   = {Vienna, Austria},
  month     = {Jul.},
  pages     = {3868--3876},
}

@Article{pei2021hs,
  author  = {Pei, Yu and Luo, Zhiguo and Yan, Ye and Yan, Huijiong and Jiang, Jing and Li, Weiguo and Xie, Liang and Yin, Erwei},
  journal = {Frontiers in Human Neuroscience},
  title   = {Data augmentation: {U}sing channel-level recombination to improve classification performance for motor imagery {EEG}},
  year    = {2021},
  pages   = {645952},
  volume  = {15},
}

@InProceedings{simclr2020,
  author    = {Chen, Ting and Kornblith, Simon and Norouzi, Mohammad and Hinton, Geoffrey},
  booktitle = {Proc. Int'l Conf. Machine Learning},
  title     = {A simple framework for contrastive learning of visual representations},
  year      = {2020},
  address   = {Vienna, Austria},
  month     = {Jul.},
  pages     = {1597--1607},
}

@Article{weng2023knowledge,
  author  = {Weng, Weining and Gu, Yang and Zhang, Qihui and Huang, Yingying and Miao, Chunyan and Chen, Yiqiang},
  journal = {arXiv preprint arXiv:2310.03747},
  title   = {A knowledge-driven cross-view contrastive learning for {EEG} representation},
  year    = {2023},
}

@InProceedings{zhang2022expert,
  author    = {Zhang, Hongjun and Wang, Jing and Xiong, Jiahong and Ding, Yuxuan and Gan, Zhenliang and Lin, Youfang},
  booktitle = {Proc. Int'l Joint Conf. on Neural Networks},
  title     = {Expert knowledge inspired contrastive learning for sleep staging},
  year      = {2022},
  address   = {Padua, Italy},
  month     = {Jul.},
  pages     = {1--6},
}

