% Encoding: UTF-8

@Article{Rosenfeld2017,
  author  = {Rosenfeld, Jeffrey V and Wong, Yan Tat},
  journal = {Medical Journal of Australia},
  title   = {Neurobionics and the brain-computer interface: current applications and future horizons},
  year    = {2017},
  number  = {8},
  pages   = {363--368},
  volume  = {206},
}

@Article{van2012brain,
  author  = {Van Erp, Jan and Lotte, Fabien and Tangermann, Michael},
  journal = {Computer},
  title   = {Brain-computer interfaces: beyond medical applications},
  year    = {2012},
  number  = {4},
  pages   = {26--34},
  volume  = {45},
}

@Article{wu2020transfer,
  author  = {Wu, Dongrui and Xu, Yifan and Lu, Bao-Liang},
  journal = {IEEE Trans. on Cognitive and Developmental Systems},
  title   = {Transfer learning for {EEG}-based brain-computer interfaces: {A} review of progress made since 2016},
  year    = {2020},
  number  = {1},
  pages   = {4--19},
  volume  = {14},
}

@Article{Pfurtscheller2001,
  author  = {Pfurtscheller, G. and Neuper, C.},
  journal = {Proc. of the {IEEE}},
  title   = {Motor imagery and direct brain-computer communication},
  year    = {2001},
  number  = {7},
  pages   = {1123-1134},
  volume  = {89},
}

@Article{Wu2022NN,
  author  = {Wu, Dongrui and Jiang, Xue and Peng, Ruimin},
  journal = {Neural Networks},
  title   = {Transfer learning for motor imagery based brain-computer interfaces: A tutorial},
  year    = {2022},
  pages   = {235-253},
  volume  = {153},
}

@InProceedings{simclr2020,
  author    = {Chen, Ting and Kornblith, Simon and Norouzi, Mohammad and Hinton, Geoffrey},
  booktitle = {Proc. Int'l Conf. Machine Learning},
  title     = {A simple framework for contrastive learning of visual representations},
  year      = {2020},
  address   = {Vienna, Austria},
  month     = {Jul.},
  pages     = {1597--1607},
}

@InProceedings{he2020moco,
  author    = {He, Kaiming and Fan, Haoqi and Wu, Yuxin and Xie, Saining and Girshick, Ross},
  booktitle = {Proc. {IEEE/CVF} Conf. Computer Vision and Pattern Recognition},
  title     = {Momentum contrast for unsupervised visual representation learning},
  year      = {2020},
  address   = {Seattle, WA},
  month     = {Jun.},
  pages     = {9729--9738},
}

@InProceedings{infomax2018,
  author    = {Hjelm, R Devon and Fedorov, Alex and Lavoie-Marchildon, Samuel and Grewal, Karan and Bachman, Phil and Trischler, Adam and Bengio, Yoshua},
  booktitle = {Proc. Int'l Conf. Learning Representations},
  title     = {Learning deep representations by mutual information estimation and maximization},
  year      = {2018},
  address   = {Vancouver, Canada},
  month     = {Apr.},
}

@Article{edelman2019,
  author  = {Edelman, Bradley J and Meng, Jianjun and Suma, Daniel and Zurn, Claire and Nagarajan, E and Baxter, BS and Cline, Christopher C and He, BJSR},
  journal = {Science Robotics},
  title   = {Noninvasive neuroimaging enhances continuous neural tracking for robotic device control},
  year    = {2019},
  number  = {31},
  pages   = {6844},
  volume  = {4},
}

@Article{zimmermann2008efficacy,
  author  = {Zimmermann-Schlatter, Andrea and Schuster, Corina and Puhan, Milo A and Siekierka, Ewa and Steurer, Johann},
  journal = {Journal of Neuroengineering and Rehabilitation},
  title   = {Efficacy of motor imagery in post-stroke rehabilitation: a systematic review},
  year    = {2008},
  number  = {1},
  pages   = {1--10},
  volume  = {5},
}

@Article{saha2017evidence,
  author  = {Saha, Simanto and Ahmed, Khawza Iftekhar Uddin and Mostafa, Raqibul and Hadjileontiadis, Leontios and Khandoker, Ahsan},
  journal = {IEEE Trans. on Neural Systems and Rehabilitation Engineering},
  title   = {Evidence of variabilities in {EEG} dynamics during motor imagery-based multiclass brain-computer interface},
  year    = {2017},
  number  = {2},
  pages   = {371-382},
  volume  = {26},
}

@InProceedings{grill2020BYOL,
  author    = {Grill, Jean-Bastien and Strub, Florian and Altch{\'e}, Florent and Tallec, Corentin and Richemond, Pierre and Buchatskaya, Elena and Doersch, Carl and Avila Pires, Bernardo and Guo, Zhaohan and Gheshlaghi Azar, Mohammad and others},
  booktitle = {Proc. Advances in Neural Information Processing Systems},
  title     = {Bootstrap your own latent-A new approach to self-supervised learning},
  year      = {2020},
  address   = {Vancouver, Canada},
  month     = {Dec.},
  pages     = {21271-21284},
}

@InProceedings{chen2021simsiam,
  author    = {Chen, Xinlei and He, Kaiming},
  booktitle = {Proc. {IEEE/CVF} Conf. Computer Vision and Pattern Recognition},
  title     = {Exploring simple siamese representation learning},
  year      = {2021},
  address   = {Nashville, TN},
  month     = {Jun.},
  pages     = {15750-15758},
}

@Article{oord2018cpc,
  author  = {Oord, Aaron van den and Li, Yazhe and Vinyals, Oriol},
  journal = {arXiv preprint arXiv:1807.03748},
  title   = {Representation learning with contrastive predictive coding},
  year    = {2018},
}

@Article{Krucoff2016,
  author  = {Krucoff, Max O and Rahimpour, Shervin and Slutzky, Marc W and Edgerton, V Reggie and Turner, Dennis A},
  journal = {Frontiers in Neuroscience},
  title   = {Enhancing nervous system recovery through neurobiologics, neural interface training, and neurorehabilitation},
  year    = {2016},
  pages   = {584},
  volume  = {10},
}

@Article{cheng2020subject,
  author  = {Cheng, Joseph Y and Goh, Hanlin and Dogrusoz, Kaan and Tuzel, Oncel and Azemi, Erdrin},
  journal = {arXiv preprint arXiv:2007.04871},
  title   = {Subject-aware contrastive learning for biosignals},
  year    = {2020},
}

@InProceedings{huang2023epilepsynet,
  author    = {Huang, Baichuan and Zanetti, Renato and Abtahi, Azra and Atienza, David and Aminifar, Amir},
  booktitle = {Int'l Conf. on Artificial Intelligence Circuits and Systems},
  title     = {{E}pilepsy{N}et: Interpretable self-supervised seizure detection for low-power wearable systems},
  year      = {2023},
  address   = {Hangzhou, China},
  month     = {Jun.},
  pages     = {1--5},
}

@InProceedings{lee2022self,
  author    = {Lee, Harim and Seong, Eunseon and Chae, Dong-Kyu},
  booktitle = {Proc. of the Thirty-First Int'l Joint Conf. on Artificial Intelligence},
  title     = {Self-supervised learning with attention-based latent signal augmentation for sleep staging with limited labeled data},
  year      = {2022},
  address   = {Vienna, Austria},
  month     = {Jul.},
  pages     = {3868--3876},
}

@InProceedings{jiang2021self,
  author    = {Jiang, Xue and Zhao, Jianhui and Du, Bo and Yuan, Zhiyong},
  booktitle = {Proc. Int'l Joint Conf. on Neural Networks},
  title     = {Self-supervised contrastive learning for {EEG}-based sleep staging},
  year      = {2021},
  address   = {Shenzhen, China},
  month     = {Jul.},
  pages     = {1--8},
}

@Article{weng2023knowledge,
  author  = {Weng, Weining and Gu, Yang and Zhang, Qihui and Huang, Yingying and Miao, Chunyan and Chen, Yiqiang},
  journal = {arXiv preprint arXiv:2310.03747},
  title   = {A knowledge-driven cross-view contrastive learning for {EEG} representation},
  year    = {2023},
}

@InProceedings{zhang2022expert,
  author    = {Zhang, Hongjun and Wang, Jing and Xiong, Jiahong and Ding, Yuxuan and Gan, Zhenliang and Lin, Youfang},
  booktitle = {Proc. Int'l Joint Conf. on Neural Networks},
  title     = {Expert knowledge inspired contrastive learning for sleep staging},
  year      = {2022},
  address   = {Padua, Italy},
  month     = {Jul.},
  pages     = {1--6},
}

@Article{pei2021hs,
  author  = {Pei, Yu and Luo, Zhiguo and Yan, Ye and Yan, Huijiong and Jiang, Jing and Li, Weiguo and Xie, Liang and Yin, Erwei},
  journal = {Frontiers in Human Neuroscience},
  title   = {Data augmentation: {U}sing channel-level recombination to improve classification performance for motor imagery {EEG}},
  year    = {2021},
  pages   = {645952},
  volume  = {15},
}

@InProceedings{Wang2018,
  author    = {Wang, Fang and Zhong, Sheng-hua and Peng, Jianfeng and Jiang, Jianmin and Liu, Yan},
  booktitle = {Proc. 24th Int'l Conf. Multimedia Modeling},
  title     = {Data augmentation for {EEG}-based emotion recognition with deep convolutional neural networks},
  year      = {2018},
  address   = {Bangkok, Thailand},
  month     = {Feb.},
  pages     = {82--93},
}

@InProceedings{Mohsenvand2020,
  author    = {Mohsenvand, Mostafa Neo and Izadi, Mohammad Rasool and Maes, Pattie},
  booktitle = {Proc. Advances in Neural Information Processing Systems Machine Learning for Health Workshops},
  title     = {Contrastive representation learning for electroencephalogram classification},
  year      = {2020},
  address   = {Vancouver, Canada},
  month     = {Dec.},
  pages     = {238--253},
}

@Article{Schwabedal2018surr,
  author  = {Schwabedal, Justus TC and Snyder, John C and Cakmak, Ayse and Nemati, Shamim and Clifford, Gari D},
  journal = {arXiv preprint arXiv:1806.08675},
  title   = {Addressing class imbalance in classification problems of noisy signals by using {F}ourier transform surrogates},
  year    = {2018},
}

@InProceedings{Saeed2021,
  author    = {Saeed, Aaqib and Grangier, David and Pietquin, Olivier and Zeghidour, Neil},
  booktitle = {Proc. IEEE Int'l Conf. on Acoustics, Speech and Signal Processing},
  title     = {Learning from heterogeneous {EEG} signals with differentiable channel reordering},
  year      = {2021},
  address   = {Toronto, Canada},
  month     = {Jun.},
  pages     = {1255-1259},
}

@InProceedings{Krell2017,
  author    = {Krell, Mario Michael and Kim, Su Kyoung},
  booktitle = {{IEEE} Engineering in Medicine and Biology Society},
  title     = {Rotational data augmentation for electroencephalographic data},
  year      = {2017},
  address   = {Jeju Island, Korea},
  month     = {July},
  pages     = {471-474},
}

@InProceedings{Luo2018,
  author    = {Luo, Yun and Lu, Bao-Liang},
  booktitle = {40th Annual Int'l Conf. IEEE Engineering in Medicine and Biology Society},
  title     = {{EEG} data augmentation for emotion recognition using a conditional {W}asserstein {GAN}},
  year      = {2018},
  address   = {Honolulu, HI},
  month     = {Jul.},
  pages     = {2535--2538},
}

@Article{Lashgari2020,
  author  = {Lashgari, Elnaz and Liang, Dehua and Maoz, Uri},
  journal = {Journal of Neuroscience Methods},
  title   = {Data augmentation for deep-learning-based electroencephalography},
  year    = {2020},
  pages   = {108885},
  volume  = {346},
}

@InProceedings{Rommel2021,
  author    = {Rommel, C{\'e}dric and Moreau, Thomas and Paillard, Joseph and Gramfort, Alexandre},
  booktitle = {Proc. Int'l Conf. Learning Representations},
  title     = {{CADDA}: class-wise automatic differentiable data augmentation for {EEG} signals},
  year      = {2022},
  address   = {Virtual},
  month     = {Apr.},
  pages     = {1-24},
}

@Article{Lawhern2018EEGNet,
  author  = {Lawhern, Vernon J and Solon, Amelia J and Waytowich, Nicholas R and Gordon, Stephen M and Hung, Chou P and Lance, Brent J},
  journal = {Journal of Neural Engineering},
  title   = {{EEGN}et: A compact convolutional neural network for {EEG}-based brain-computer interfaces},
  year    = {2018},
  number  = {5},
  pages   = {056013},
  volume  = {15},
}

@Article{deepshallow2017,
  author  = {Schirrmeister, Robin Tibor and Springenberg, Jost Tobias and Fiederer, Lukas Dominique Josef and Glasstetter, Martin and Eggensperger, Katharina and Tangermann, Michael and Hutter, Frank and Burgard, Wolfram and Ball, Tonio},
  journal = {Human Brain Mapping},
  title   = {Deep learning with convolutional neural networks for {EEG} decoding and visualization},
  year    = {2017},
  number  = {11},
  pages   = {5391--5420},
  volume  = {38},
}

@Article{vaswani2017attention,
  author  = {Vaswani, Ashish and Shazeer, Noam and Parmar, Niki and Uszkoreit, Jakob and Jones, Llion and Gomez, Aidan N and Kaiser, {\L}ukasz and Polosukhin, Illia},
  journal = {Proc. Advances in Neural Information Processing Systems},
  title   = {Attention is all you need},
  year    = {2017},
  month   = {Dec.},
  volume  = {30},
  address = {Long Beach, CA},
}

@Article{He2020EA,
  author  = {He He and Dongrui Wu},
  journal = {IEEE Trans. on Biomedical Engineering},
  title   = {Transfer Learning for Brain-Computer Interfaces: A {E}uclidean space data alignment approach},
  year    = {2020},
  number  = {2},
  pages   = {399-410},
  volume  = {67},
}

@Article{Freer2020,
  author  = {Freer, Daniel and Yang, Guang-Zhong},
  journal = {Journal of Neural Engineering},
  title   = {Data augmentation for self-paced motor imagery classification with {C}-{LSTM}},
  year    = {2020},
  number  = {1},
  pages   = {016041},
  volume  = {17},
}

@Article{Zhang2022MSDT,
  author  = {Zhang, Wen and Wang, Ziwei and Wu, Dongrui},
  journal = {IEEE Trans. on Neural Systems and Rehabilitation Engineering},
  title   = {Multi-Source Decentralized Transfer for Privacy-Preserving {BCI}s},
  year    = {2022},
  pages   = {2710-2720},
  volume  = {30},
}

@Article{zhang2022tfc,
  author  = {Zhang, Xiang and Zhao, Ziyuan and Tsiligkaridis, Theodoros and Zitnik, Marinka},
  journal = {Proc. Advances in Neural Information Processing Systems},
  title   = {Self-supervised contrastive pre-training for time series via time-frequency consistency},
  year    = {2022},
  pages   = {3988--4003},
  volume  = {35},
}

@InProceedings{chen2020simclrv2,
  author    = {Chen, Ting and Kornblith, Simon and Swersky, Kevin and Norouzi, Mohammad and Hinton, Geoffrey E},
  booktitle = {Proc. Advances in Neural Information Processing Systems},
  title     = {Big self-supervised models are strong semi-supervised learners},
  year      = {2020},
  address   = {Vancouver, Canada},
  month     = {Dec.},
  pages     = {22243--22255},
}

@Article{VanderMaaten2008,
  author  = {Van der Maaten, Laurens and Hinton, Geoffrey},
  journal = {Journal of Machine Learning Research},
  title   = {{V}isualizing data using t-{SNE}},
  year    = {2008},
  number  = {11},
  pages   = {2579-2605},
  volume  = {9},
}

@Article{Khosla2020,
  author  = {Khosla, Prannay and Teterwak, Piotr and Wang, Chen and Sarna, Aaron and Tian, Yonglong and Isola, Phillip and Maschinot, Aaron and Liu, Ce and Krishnan, Dilip},
  journal = {Proc. Advances in Neural Information Processing Systems},
  title   = {Supervised contrastive learning},
  year    = {2020},
  month   = {Dec.},
  pages   = {18661--18673},
  volume  = {33},
  address = {Vancouver, Canada},
}

@Article{Jayaram2018,
  author  = {Jayaram, Vinay and Barachant, Alexandre},
  journal = {Journal of Neural Engineering},
  title   = {{MOABB}: trustworthy algorithm benchmarking for {BCI}s},
  year    = {2018},
  number  = {6},
  pages   = {066011},
  volume  = {15},
}

@Article{Blankertz2007MI1,
  author  = {Blankertz, Benjamin and Dornhege, Guido and Krauledat, Matthias and M{\"u}ller, Klaus-Robert and Curio, Gabriel},
  journal = {NeuroImage},
  title   = {The non-invasive {B}erlin brain--computer interface: fast acquisition of effective performance in untrained subjects},
  year    = {2007},
  number  = {2},
  pages   = {539--550},
  volume  = {37},
}

@Article{Li2024T-TIME,
  author  = {Li, Siyang and Wang, Ziwei and Luo, Hanbin and Ding, Lieyun and Wu, Dongrui},
  journal = {IEEE Trans. on Biomedical Engineering},
  title   = {{T}-{TIME}: Test-Time Information Maximization Ensemble for Plug-and-Play {BCI}s},
  year    = {2024},
  number  = {2},
  pages   = {423-432},
  volume  = {71},
}

@Article{Steyrl2016BNCI2014002,
  author  = {Steyrl, David and Scherer, Reinhold and Faller, Josef and M{\"u}ller-Putz, Gernot R},
  journal = {Biomedical Engineering/Biomedizinische Technik},
  title   = {Random forests in non-invasive sensorimotor rhythm brain-computer interfaces: a practical and convenient non-linear classifier},
  year    = {2016},
  number  = {1},
  pages   = {77--86},
  volume  = {61},
}

@Article{Faller2012BNCI2015001,
  author  = {Faller, Josef and Vidaurre, Carmen and Solis-Escalante, Teodoro and Neuper, Christa and Scherer, Reinhold},
  journal = {IEEE Trans. on Neural Systems and Rehabilitation Engineering},
  title   = {Autocalibration and recurrent adaptation: Towards a plug and play online {ERD}-{BCI}},
  year    = {2012},
  number  = {3},
  pages   = {313--319},
  volume  = {20},
}

@Article{Blankertz2007,
  author  = {Blankertz, Benjamin and Dornhege, Guido and Krauledat, Matthias and M{\"u}ller, Klaus-Robert and Curio, Gabriel},
  journal = {NeuroImage},
  title   = {The non-invasive {B}erlin brain--computer interface: fast acquisition of effective performance in untrained subjects},
  year    = {2007},
  number  = {2},
  pages   = {539--550},
  volume  = {37},
}

@Article{Zhou2016,
  author  = {Zhou, Bangyan and Wu, Xiaopei and Lv, Zhao and Zhang, Lei and Guo, Xiaojin},
  journal = {PloS one},
  title   = {A fully automated trial selection method for optimization of motor imagery based brain-computer interface},
  year    = {2016},
  number  = {9},
  pages   = {e0162657},
  volume  = {11},
}

@Article{Blankertz2008,
  author  = {Blankertz, Benjamin and Tomioka, Ryota and Lemm, Steven and Kawanabe, Motoaki and Muller, Klaus-robert},
  journal = {IEEE Signal Processing Magazine},
  title   = {Optimizing Spatial filters for Robust {EEG} Single-Trial Analysis},
  year    = {2008},
  number  = {1},
  pages   = {41-56},
  volume  = {25},
}

@InProceedings{Long2015,
  author    = {Long, Mingsheng and Cao, Yue and Wang, Jianmin and Jordan, Michael I},
  booktitle = {Proc. Int'l Conf. Machine Learning},
  title     = {Learning transferable features with deep adaptation networks},
  year      = {2015},
  address   = {Lille, France},
  month     = {Jul.},
  pages     = {97--105},
}

@InProceedings{Long2018,
  author    = {Long, Mingsheng and Cao, Zhangjie and Wang, Jianmin and Jordan, Michael I},
  booktitle = {Proc. Advances in Neural Information Processing Systems},
  title     = {Conditional adversarial domain adaptation},
  year      = {2018},
  address   = {Montreal, Canada},
  month     = {Dec.},
  pages     = {1640--1650},
}

@InProceedings{Jin2020,
  author    = {Jin, Ying and Wang, Ximei and Long, Mingsheng and Wang, Jianmin},
  booktitle = {Proc. European Conf. Computer Vision},
  title     = {Minimum class confusion for versatile domain adaptation},
  year      = {2020},
  address   = {Glasgow, UK},
  month     = {Aug.},
  pages     = {464--480},
}

@Article{Kostas2020,
  author  = {Kostas, Demetres and Rudzicz, Frank},
  journal = {Journal of Neural Engineering},
  title   = {Thinker invariance: enabling deep neural networks for {BCI} across more people},
  year    = {2020},
  number  = {5},
  pages   = {056008},
  volume  = {17},
}

@Article{Zhuang2021,
  author  = {Zhuang, Fuzhen and Qi, Zhiyuan and Duan, Keyu and Xi, Dongbo and Zhu, Yongchun and Zhu, Hengshu and Xiong, Hui and He, Qing},
  journal = {Proc. of the IEEE},
  title   = {A Comprehensive Survey on Transfer Learning},
  year    = {2021},
  number  = {1},
  pages   = {43-76},
  volume  = {109},
}

@Article{Lawhern2018,
  author  = {Lawhern, Vernon J and Solon, Amelia J and Waytowich, Nicholas R and Gordon, Stephen M and Hung, Chou P and Lance, Brent J},
  journal = {Journal of Neural Engineering},
  title   = {{EEGN}et: A compact convolutional neural network for {EEG}-based brain-computer interfaces},
  year    = {2018},
  number  = {5},
  pages   = {056013},
  volume  = {15},
}

@Article{He2020,
  author  = {He He and Dongrui Wu},
  journal = {IEEE Trans. on Biomedical Engineering},
  title   = {Transfer Learning for Brain-Computer Interfaces: A {E}uclidean space data alignment approach},
  year    = {2020},
  number  = {2},
  pages   = {399-410},
  volume  = {67},
}

@Article{Wu2022,
  author  = {Wu, Dongrui and Jiang, Xue and Peng, Ruimin},
  journal = {Neural Networks},
  title   = {Transfer learning for motor imagery based brain-computer interfaces: A tutorial},
  year    = {2022},
  pages   = {235-253},
  volume  = {153},
}

@Article{Rivet2009,
  author  = {Rivet, Bertrand and Souloumiac, Antoine and Attina, Virginie and Gibert, Guillaume},
  journal = {IEEE Trans. on Biomedical Engineering},
  title   = {x{DAWN} algorithm to enhance evoked potentials: application to brain--computer interface},
  year    = {2009},
  number  = {8},
  pages   = {2035--2043},
  volume  = {56},
}

@Article{Blankertz2008a,
  author  = {Blankertz, Benjamin and Tomioka, Ryota and Lemm, Steven and Kawanabe, Motoaki and Muller, Klaus-robert},
  journal = {IEEE Signal Processing Magazine},
  title   = {Optimizing Spatial filters for Robust {EEG} Single-Trial Analysis},
  year    = {2008},
  number  = {1},
  pages   = {41-56},
  volume  = {25},
}

@Article{Li2021,
  author  = {Li, Ren and Johansen, Jared S. and Ahmed, Hamad and Ilyevsky, Thomas V. and Wilbur, Ronnie B. and Bharadwaj, Hari M. and Siskind, Jeffrey Mark},
  journal = {IEEE Trans. on Pattern Analysis and Machine Intelligence},
  title   = {The Perils and Pitfalls of Block Design for {EEG} Classification Experiments},
  year    = {2021},
  number  = {1},
  pages   = {316-333},
  volume  = {43},
}

@Article{Zhang2022,
  author  = {Zhang, Wen and Wang, Ziwei and Wu, Dongrui},
  journal = {IEEE Trans. on Neural Systems and Rehabilitation Engineering},
  title   = {Multi-Source Decentralized Transfer for Privacy-Preserving {BCI}s},
  year    = {2022},
  pages   = {2710-2720},
  volume  = {30},
}

@Article{Buda2018,
  author  = {Buda, Mateusz and Maki, Atsuto and Mazurowski, Maciej A},
  journal = {Neural Networks},
  title   = {A systematic study of the class imbalance problem in convolutional neural networks},
  year    = {2018},
  pages   = {249--259},
  volume  = {106},
}

@Article{Chevallier2024,
  author  = {Chevallier, Sylvain and Carrara, Igor and Aristimunha, Bruno and Guetschel, Pierre and Sedlar, Sara and Lopes, Bruna and Velut, Sebastien and Khazem, Salim and Moreau, Thomas},
  journal = {arXiv preprint arXiv:2404.15319},
  title   = {The largest {EEG}-based {BCI} reproducibility study for open science: the {MOABB} benchmark},
  year    = {2024},
}

@Article{Baltrusaitis2019,
  author  = {Baltrušaitis, Tadas and Ahuja, Chaitanya and Morency, Louis-Philippe},
  journal = {IEEE Trans. on Pattern Analysis and Machine Intelligence},
  title   = {Multimodal Machine Learning: A Survey and Taxonomy},
  year    = {2019},
  number  = {2},
  pages   = {423-443},
  volume  = {41},
}

@Article{Rueden2021,
  author  = {von Rueden, Laura and Mayer, Sebastian and Beckh, Katharina and Georgiev, Bogdan and Giesselbach, Sven and Heese, Raoul and Kirsch, Birgit and Walczak, Michal and Pfrommer, Julius and Pick, Annika and Ramamurthy, Rajkumar and Garcke, Jochen and Bauckhage, Christian and Schuecker, Jannis},
  journal = {IEEE Trans. on Knowledge and Data Engineering},
  title   = {Informed Machine Learning - A Taxonomy and Survey of Integrating Prior Knowledge into Learning Systems},
  year    = {2021},
  number  = {1},
  pages   = {614-633},
  volume  = {35},
}

@Article{He2009,
  author  = {He, Haibo and Garcia, Edwardo A.},
  journal = {IEEE Trans. on Knowledge and Data Engineering},
  title   = {Learning from Imbalanced Data},
  year    = {2009},
  number  = {9},
  pages   = {1263-1284},
  volume  = {21},
}

@Article{Gao2019,
  author  = {Gao, Zhongke and Wang, Xinmin and Yang, Yuxuan and Mu, Chaoxu and Cai, Qing and Dang, Weidong and Zuo, Siyang},
  journal = {IEEE Trans. on Neural Networks and Learning Systems},
  title   = {{EEG}-Based Spatio–Temporal Convolutional Neural Network for Driver Fatigue Evaluation},
  year    = {2019},
  number  = {9},
  pages   = {2755-2763},
  volume  = {30},
}

@Article{Cui2019,
  author  = {Cui, Yuqi and Xu, Yifan and Wu, Dongrui},
  journal = {IEEE Trans. on Neural Systems and Rehabilitation Engineering},
  title   = {{EEG}-based driver drowsiness estimation using feature weighted episodic training},
  year    = {2019},
  number  = {11},
  pages   = {2263-2273},
  volume  = {27},
}

@Article{Schirrmeister2017,
  author  = {Schirrmeister, Robin Tibor and Springenberg, Jost Tobias and Fiederer, Lukas Dominique Josef and Glasstetter, Martin and Eggensperger, Katharina and Tangermann, Michael and Hutter, Frank and Burgard, Wolfram and Ball, Tonio},
  journal = {Human Brain Mapping},
  title   = {Deep learning with convolutional neural networks for {EEG} decoding and visualization},
  year    = {2017},
  number  = {11},
  pages   = {5391--5420},
  volume  = {38},
}

@Article{Li2022,
  author  = {Li, Siyang and Wu, Huanyu and Ding, Lieyun and Wu, Dongrui},
  journal = {IEEE Computational Intelligence Magazine},
  title   = {Meta-Learning for Fast and Privacy-Preserving Source Knowledge Transfer of {EEG}-Based {BCI}s},
  year    = {2022},
  number  = {4},
  pages   = {16-26},
  volume  = {17},
}

@Article{Ganin2016,
  author  = {Ganin, Yaroslav and Ustinova, Evgeniya and Ajakan, Hana and Germain, Pascal and Larochelle, Hugo and Laviolette, Fran{\c{c}}ois and Marchand, Mario and Lempitsky, Victor},
  journal = {Journal of Machine Learning Research},
  title   = {Domain-adversarial training of neural networks},
  year    = {2016},
  pages   = {1--35},
  volume  = {17},
}

@Article{Zhu2021,
  author  = {Zhu, Yongchun and Zhuang, Fuzhen and Wang, Jindong and Ke, Guolin and Chen, Jingwu and Bian, Jiang and Xiong, Hui and He, Qing},
  journal = {IEEE Trans. on Neural Networks and Learning Systems},
  title   = {Deep Subdomain Adaptation Network for Image Classification},
  year    = {2021},
  number  = {4},
  pages   = {1713-1722},
  volume  = {32},
}

@InProceedings{Zhu2019,
  author    = {Zhu, Yongchun and Zhuang, Fuzhen and Wang, Deqing},
  booktitle = {Proc. {AAAI} Conf. on Artificial Intelligence},
  title     = {Aligning domain-specific distribution and classifier for cross-domain classification from multiple sources},
  year      = {2019},
  address   = {Honolulu,HI},
  month     = {Jan.},
  number    = {01},
  pages     = {5989--5996},
  volume    = {33},
}

@InProceedings{Long2017,
  author    = {Long, Mingsheng and Zhu, Han and Wang, Jianmin and Jordan, Michael I},
  booktitle = {Proc. Int'l Conf. Machine Learning},
  title     = {Deep transfer learning with joint adaptation networks},
  year      = {2017},
  address   = {Sydney, Australia},
  month     = {Aug.},
  pages     = {2208--2217},
}

@InProceedings{Zhang2019,
  author    = {Zhang, Yuchen and Liu, Tianle and Long, Mingsheng and Jordan, Michael},
  booktitle = {Proc. Int'l Conf. Machine Learning},
  title     = {Bridging theory and algorithm for domain adaptation},
  year      = {2019},
  address   = {Long Beach, CA},
  month     = {Jun.},
  pages     = {7404--7413},
}

@Article{Liang2022,
  author  = {Liang, Jian and Hu, Dapeng and Wang, Yunbo and He, Ran and Feng, Jiashi},
  journal = {IEEE Trans. on Pattern Analysis and Machine Intelligence},
  title   = {Source Data-Absent Unsupervised Domain Adaptation Through Hypothesis Transfer and Labeling Transfer},
  year    = {2022},
  number  = {11},
  pages   = {8602-8617},
  volume  = {44},
}

@Article{Zhang2023,
  author  = {Zhang, Wen and Deng, Lingfei and Zhang, Lei and Wu, Dongrui},
  journal = {{IEEE/CAA} Journal of Automatica Sinica},
  title   = {A Survey on Negative Transfer},
  year    = {2023},
  number  = {2},
  pages   = {305-329},
  volume  = {10},
}

@InProceedings{Grandvalet2004,
  author    = {Grandvalet, Yves and Bengio, Yoshua},
  booktitle = {Proc. Advances in Neural Information Processing Systems},
  title     = {Semi-supervised learning by entropy minimization},
  year      = {2004},
  address   = {Vancouver, Canada},
  month     = {Dec.},
}

@InProceedings{Lee2013,
  author    = {Dong Hyun Lee},
  booktitle = {Proc. Int'l Conf. Machine Learning Workshops},
  title     = {Pseudo-Label: The simple and efficient semi-supervised learning method for deep neural networks},
  year      = {2013},
  address   = {Atlanta, GA},
  month     = {Jun.},
  pages     = {1322--1333},
}

@Article{Shannon1948,
  author  = {Shannon, C. E.},
  journal = {The Bell System Technical Journal},
  title   = {A mathematical theory of communication},
  year    = {1948},
  number  = {3},
  pages   = {379-423},
  volume  = {27},
}

@InProceedings{Chen2022,
  author    = {Chen, Dian and Wang, Dequan and Darrell, Trevor and Ebrahimi, Sayna},
  booktitle = {Proc. {IEEE/CVF} Conf. Computer Vision and Pattern Recognition},
  title     = {Contrastive test-time adaptation},
  year      = {2022},
  address   = {New Orleans, LA},
  month     = {Jun.},
  pages     = {295--305},
}

@InProceedings{Iwasawa2021,
  author    = {Iwasawa, Yusuke and Matsuo, Yutaka},
  booktitle = {Proc. Advances in Neural Information Processing Systems},
  title     = {Test-time classifier adjustment module for model-agnostic domain generalization},
  year      = {2021},
  address   = {Virtual},
  month     = {Dec.},
  pages     = {2427--2440},
}

@InProceedings{Liu2021,
  author    = {Liu, Yuejiang and Kothari, Parth and Van Delft, Bastien and Bellot-Gurlet, Baptiste and Mordan, Taylor and Alahi, Alexandre},
  booktitle = {Proc. Advances in Neural Information Processing Systems},
  title     = {{TTT}++: When does self-supervised test-time training fail or thrive?},
  year      = {2021},
  address   = {Virtual},
  month     = {Dec.},
  pages     = {21808--21820},
}

@InProceedings{Niu2022,
  author    = {Niu, Shuaicheng and Wu, Jiaxiang and Zhang, Yifan and Chen, Yaofo and Zheng, Shijian and Zhao, Peilin and Tan, Mingkui},
  booktitle = {Int'l Conf. Machine Learning},
  title     = {Efficient test-time model adaptation without forgetting},
  year      = {2022},
  address   = {Baltimore, MD},
  month     = {Jul.},
  pages     = {16888--16905},
}

@InProceedings{Wang2022,
  author    = {Wang, Qin and Fink, Olga and Van Gool, Luc and Dai, Dengxin},
  booktitle = {Proc. {IEEE/CVF} Conf. Computer Vision and Pattern Recognition},
  title     = {Continual test-time domain adaptation},
  year      = {2022},
  address   = {New Orleans, LA},
  month     = {Jun.},
  pages     = {7201--7211},
}

@InProceedings{Goyal2022,
  author    = {Goyal, Sachin and Sun, Mingjie and Raghunathan, Aditi and Kolter, J Zico},
  booktitle = {Proc. Advances in Neural Information Processing Systems},
  title     = {Test Time Adaptation via Conjugate Pseudo-labels},
  year      = {2022},
  address   = {New Orleans, LA},
  month     = {Nov.},
}

@InProceedings{Zhang2022a,
  author    = {Zhang, Marvin Mengxin and Levine, Sergey and Finn, Chelsea},
  booktitle = {Proc. Advances in Neural Information Processing Systems},
  title     = {{MEMO}: Test Time Robustness via Adaptation and Augmentation},
  year      = {2022},
  address   = {New Orleans, LA},
  month     = {Nov.},
  pages     = {38629--38642},
}

@InProceedings{Niu2023,
  author    = {Niu, Shuaicheng and Wu, Jiaxiang and Zhang, Yifan and Wen, Zhiquan and Chen, Yaofo and Zhao, Peilin and Tan, Mingkui},
  booktitle = {Proc. Int'l Conf. Learning Representations},
  title     = {Towards Stable Test-time Adaptation in Dynamic Wild World},
  year      = {2023},
  address   = {Kigali, Rwanda},
  month     = {May.},
}

@InProceedings{Zhao2023,
  author    = {Zhao, Bowen and Chen, Chen and Xia, Shu-Tao},
  booktitle = {Proc. Int'l Conf. Learning Representations},
  title     = {{DELTA}: degradation-free fully test-time adaptation},
  year      = {2023},
  address   = {Kigali, Rwanda},
  month     = {May.},
}

@InProceedings{Zhang2022b,
  author    = {Zhang, Yifan and Hooi, Bryan and Lanqing, HONG and Feng, Jiashi},
  booktitle = {Proc. Advances in Neural Information Processing Systems},
  title     = {Self-Supervised Aggregation of Diverse Experts for Test-Agnostic Long-Tailed Recognition},
  year      = {2022},
  address   = {New Orleans, LA},
  month     = {Nov.},
  pages     = {34077--34090},
}

@InProceedings{Yang2021,
  author    = {Yang, Shiqi and Wang, Yaxing and Van De Weijer, Joost and Herranz, Luis and Jui, Shangling},
  booktitle = {Proc. {IEEE/CVF} Int'l Conf. Computer Vision},
  title     = {Generalized source-free domain adaptation},
  year      = {2021},
  address   = {Montreal, Canada},
  month     = {Oct.},
  pages     = {8978--8987},
}

@Article{DeLange2022,
  author  = {De Lange, Matthias and Aljundi, Rahaf and Masana, Marc and Parisot, Sarah and Jia, Xu and Leonardis, Aleš and Slabaugh, Gregory and Tuytelaars, Tinne},
  journal = {IEEE Trans. on Pattern Analysis and Machine Intelligence},
  title   = {A Continual Learning Survey: Defying Forgetting in Classification Tasks},
  year    = {2022},
  number  = {7},
  pages   = {3366-3385},
  volume  = {44},
}

@InProceedings{Li2021a,
  author    = {Li, Xinhao and Li, Jingjing and Zhu, Lei and Wang, Guoqing and Huang, Zi},
  booktitle = {Proc. {ACM} Int'l Conf. Multimedia},
  title     = {Imbalanced source-free domain adaptation},
  year      = {2021},
  address   = {Chengdu, China},
  month     = {Oct.},
  pages     = {3330--3339},
}

@InProceedings{DeLange2021,
  author    = {De Lange, Matthias and Tuytelaars, Tinne},
  booktitle = {Proc. {IEEE/CVF} Int'l Conf. Computer Vision},
  title     = {Continual prototype evolution: Learning online from non-stationary data streams},
  year      = {2021},
  address   = {Montreal, Canada},
  month     = {Oct.},
  pages     = {8250--8259},
}

@Article{Shi2022,
  author  = {Shi, Yongjie and Ying, Xianghua and Yang, Jinfa},
  journal = {Sensors},
  title   = {Deep unsupervised domain adaptation with time series sensor data: A survey},
  year    = {2022},
  number  = {15},
  pages   = {5507},
  volume  = {22},
}

@InProceedings{Sun2016,
  author    = {Sun, Baochen and Feng, Jiashi and Saenko, Kate},
  booktitle = {Proc. {AAAI} Conf. on Artificial Intelligence},
  title     = {Return of frustratingly easy domain adaptation},
  year      = {2016},
  address   = {Phoenix, AZ},
  month     = {Feb.},
  pages     = {2058--2065},
}

@Article{Zanini2018,
  author  = {Zanini, Paolo and Congedo, Marco and Jutten, Christian and Said, Salem and Berthoumieu, Yannick},
  journal = {IEEE Trans. on Biomedical Engineering},
  title   = {Transfer Learning: A {R}iemannian Geometry Framework With Applications to Brain–Computer Interfaces},
  year    = {2018},
  number  = {5},
  pages   = {1107-1116},
  volume  = {65},
}

@Article{Fang2022,
  author  = {Fang, Yuqi and Yap, Pew-Thian and Lin, Weili and Zhu, Hongtu and Liu, Mingxia},
  journal = {arXiv preprint arXiv:2301.00265},
  title   = {Source-Free Unsupervised Domain Adaptation: A Survey},
  year    = {2022},
}

@Article{Wilson2020,
  author  = {Wilson, Garrett and Cook, Diane J},
  journal = {{ACM} Trans. Intelligent Systems and Technology},
  title   = {A survey of unsupervised deep domain adaptation},
  year    = {2020},
  number  = {5},
  pages   = {1--46},
  volume  = {11},
}

@InProceedings{Fredrikson2015,
  author    = {Fredrikson, Matt and Jha, Somesh and Ristenpart, Thomas},
  booktitle = {Proc. {ACM} {SIGSAC} Conf. Computer Communications Security},
  title     = {Model inversion attacks that exploit confidence information and basic countermeasures},
  year      = {2015},
  address   = {Denver, CO},
  month     = {Oct.},
  pages     = {1322--1333},
}

@InProceedings{Yin2020,
  author    = {Yin, Hongxu and Molchanov, Pavlo and Alvarez, Jose M and Li, Zhizhong and Mallya, Arun and Hoiem, Derek and Jha, Niraj K and Kautz, Jan},
  booktitle = {Proc. {IEEE/CVF} Conf. Computer Vision and Pattern Recognition},
  title     = {Dreaming to distill: Data-free knowledge transfer via {D}eep{I}nversion},
  year      = {2020},
  address   = {Seattle, WA},
  month     = {Jun.},
  pages     = {8715--8724},
}

@InProceedings{Li2020,
  author    = {Li, Rui and Jiao, Qianfen and Cao, Wenming and Wong, Hau-San and Wu, Si},
  booktitle = {Proc. {IEEE/CVF} Conf. Computer Vision and Pattern Recognition},
  title     = {Model adaptation: Unsupervised domain adaptation without source data},
  year      = {2020},
  address   = {Seattle, WA},
  month     = {Jun.},
  pages     = {9641--9650},
}

@InProceedings{Liang2021,
  author    = {Liang, Jian and Hu, Dapeng and Feng, Jiashi},
  booktitle = {Proc. {IEEE/CVF} Conf. Computer Vision and Pattern Recognition},
  title     = {Domain adaptation with auxiliary target domain-oriented classifier},
  year      = {2021},
  address   = {Nashville, TN},
  month     = {Jun.},
  pages     = {16632--16642},
}

@InProceedings{Guillory2021,
  author    = {Guillory, Devin and Shankar, Vaishaal and Ebrahimi, Sayna and Darrell, Trevor and Schmidt, Ludwig},
  booktitle = {Proc. {IEEE/CVF} Int'l Conf. Computer Vision},
  title     = {Predicting with confidence on unseen distributions},
  year      = {2021},
  address   = {Montreal, Canada},
  month     = {Oct.},
  pages     = {1134--1144},
}

@Article{Parisi2014,
  author  = {Parisi, Fabio and Strino, Francesco and Nadler, Boaz and Kluger, Yuval},
  journal = {Proc. National Academy of Sciences},
  title   = {Ranking and combining multiple predictors without labeled data},
  year    = {2014},
  number  = {4},
  pages   = {1253--1258},
  volume  = {111},
}

@InProceedings{Wu2016,
  author    = {Wu, Dongrui and Lawhern, Vernon J and Gordon, Stephen and Lance, Brent J and Lin, Chin-Teng},
  booktitle = {IEEE Int'l Conf. Systems, Man, and Cybernetics},
  title     = {Spectral meta-learner for regression ({SMLR}) model aggregation: Towards calibrationless brain-computer interface ({BCI})},
  year      = {2016},
  address   = {Budapest, Hungary},
  month     = {Oct.},
  pages     = {000743--000749},
}

@Article{Waytowich2016,
  author  = {Waytowich, Nicholas R and Lawhern, Vernon J and Bohannon, Addison W and Ball, Kenneth R and Lance, Brent J},
  journal = {Frontiers in Neuroscience},
  title   = {Spectral transfer learning using information geometry for a user-independent brain-computer interface},
  year    = {2016},
  pages   = {430},
  volume  = {10},
}

@InProceedings{Schneider2020,
  author    = {Schneider, Steffen and Rusak, Evgenia and Eck, Luisa and Bringmann, Oliver and Brendel, Wieland and Bethge, Matthias},
  booktitle = {Proc. Advances in Neural Information Processing Systems},
  title     = {Improving robustness against common corruptions by covariate shift adaptation},
  year      = {2020},
  address   = {Vancouver, Canada},
  month     = {Dec.},
  pages     = {11539--11551},
}

@InProceedings{Wang2021,
  author    = {Wang, Dequan and Shelhamer, Evan and Liu, Shaoteng and Olshausen, Bruno and Darrell, Trevor},
  booktitle = {Proc. Int'l Conf. Learning Representations},
  title     = {Tent: Fully Test-Time Adaptation by Entropy Minimization},
  year      = {2021},
  address   = {Vienna, Austria},
  month     = {May.},
}

@Article{Erp2012,
  author  = {van Erp, Jan and Lotte, Fabien and Tangermann, Michael},
  journal = {Computer},
  title   = {Brain-Computer Interfaces: Beyond Medical Applications},
  year    = {2012},
  number  = {4},
  pages   = {26-34},
  volume  = {45},
}

@Article{Krucoff2016a,
  author  = {Krucoff, Max O and Rahimpour, Shervin and Slutzky, Marc W and Edgerton, V Reggie and Turner, Dennis A},
  journal = {Frontiers in Neuroscience},
  title   = {Enhancing nervous system recovery through neurobiologics, neural interface training, and neurorehabilitation},
  year    = {2016},
  pages   = {584},
  volume  = {10},
}

@Article{Graimann2009,
  author  = {Graimann, Bernhard and Allison, Brendan and Pfurtscheller, Gert},
  journal = {Brain-Computer Interfaces},
  title   = {Brain-Computer Interfaces: A Gentle Introduction},
  year    = {2009},
  pages   = {1-27},
}

@Article{Pfurtscheller2001a,
  author  = {Pfurtscheller, G. and Neuper, C.},
  journal = {Proc. of the {IEEE}},
  title   = {Motor imagery and direct brain-computer communication},
  year    = {2001},
  number  = {7},
  pages   = {1123-1134},
  volume  = {89},
}

@Article{Sutton1965,
  author  = {Sutton, Samuel and Braren, Margery and Zubin, Joseph and John, E.R.},
  journal = {Science},
  title   = {Evoked-potential correlates of stimulus uncertainty},
  year    = {1965},
  number  = {3700},
  pages   = {1187--1188},
  volume  = {150},
}

@Article{Friman2007,
  author  = {Friman, Ola and Volosyak, Ivan and Graser, Axel},
  journal = {IEEE Trans. on Biomedical Engineering},
  title   = {Multiple Channel Detection of Steady-State Visual Evoked Potentials for Brain-Computer Interfaces},
  year    = {2007},
  number  = {4},
  pages   = {742-750},
  volume  = {54},
}

@Article{Gao2021,
  author  = {Gao, Xiaorong and Wang, Yijun and Chen, Xiaogang and Gao, Shangkai},
  journal = {Trends in Cognitive Sciences},
  title   = {Interface, interaction, and intelligence in generalized brain--computer interfaces},
  year    = {2021},
  number  = {8},
  pages   = {671--684},
  volume  = {25},
}

@Article{Liyanage2013,
  author  = {Liyanage, Sidath Ravindra and Guan, Cuntai and Zhang, Haihong and Ang, Kai Keng and Xu, JianXin and Lee, Tong Heng},
  journal = {Journal of Neural Engineering},
  title   = {Dynamically weighted ensemble classification for non-stationary {EEG} processing},
  year    = {2013},
  number  = {3},
  pages   = {036007},
  volume  = {10},
}

@InProceedings{Dubey2021,
  author    = {Dubey, Abhimanyu and Ramanathan, Vignesh and Pentland, Alex and Mahajan, Dhruv},
  booktitle = {Proc. {IEEE/CVF} Conf. Computer Vision and Pattern Recognition},
  title     = {Adaptive methods for real-world domain generalization},
  year      = {2021},
  address   = {Nashville, TN},
  month     = {Jun.},
  pages     = {14340--14349},
}

@InProceedings{Guo2017,
  author    = {Guo, Chuan and Pleiss, Geoff and Sun, Yu and Weinberger, Kilian Q},
  booktitle = {Proc. Int'l Conf. Machine Learning},
  title     = {On calibration of modern neural networks},
  year      = {2017},
  address   = {Sydney, Australia},
  month     = {Aug.},
  pages     = {1321--1330},
}

@InProceedings{Boudiaf2022,
  author    = {Boudiaf, Malik and Mueller, Romain and Ben Ayed, Ismail and Bertinetto, Luca},
  booktitle = {Proc. {IEEE/CVF} Conf. Computer Vision and Pattern Recognition},
  title     = {Parameter-free online test-time adaptation},
  year      = {2022},
  address   = {New Orleans, LA},
  month     = {Jun.},
  pages     = {8344--8353},
}

@Article{Liang2023,
  author  = {Liang, Jian and He, Ran and Tan, Tieniu},
  journal = {arXiv preprint arXiv:2303.15361},
  title   = {A Comprehensive Survey on Test-Time Adaptation under Distribution Shifts},
  year    = {2023},
}

@Article{Zhou2023,
  author  = {Zhou, Kaiyang and Liu, Ziwei and Qiao, Yu and Xiang, Tao and Loy, Chen Change},
  journal = {IEEE Trans. on Pattern Analysis and Machine Intelligence},
  title   = {Domain Generalization: A Survey},
  year    = {2023},
  number  = {4},
  pages   = {4396-4415},
  volume  = {45},
}

@Article{Ven2022,
  author  = {van de Ven, Gido M and Tuytelaars, Tinne and Tolias, Andreas S},
  journal = {Nature Machine Intelligence},
  title   = {Three types of incremental learning},
  year    = {2022},
  number  = {4},
  pages   = {1185--1197},
}

@Article{Lashgari2020a,
  author  = {Lashgari, Elnaz and Liang, Dehua and Maoz, Uri},
  journal = {Journal of Neuroscience Methods},
  title   = {Data augmentation for deep-learning-based electroencephalography},
  year    = {2020},
  pages   = {108885},
  volume  = {346},
}

@InProceedings{Luo2018a,
  author    = {Luo, Yun and Lu, Bao-Liang},
  booktitle = {40th Annual Int'l Conf. IEEE Engineering in Medicine and Biology Society},
  title     = {{EEG} data augmentation for emotion recognition using a conditional {W}asserstein {GAN}},
  year      = {2018},
  address   = {Honolulu, HI},
  month     = {Jul.},
  pages     = {2535--2538},
}

@InProceedings{Wang2018a,
  author    = {Wang, Fang and Zhong, Sheng-hua and Peng, Jianfeng and Jiang, Jianmin and Liu, Yan},
  booktitle = {Proc. 24th Int'l Conf. Multimedia Modeling},
  title     = {Data augmentation for {EEG}-based emotion recognition with deep convolutional neural networks},
  year      = {2018},
  address   = {Bangkok, Thailand},
  month     = {Feb.},
  pages     = {82--93},
}

@Article{Blankertz2007a,
  author  = {Blankertz, Benjamin and Dornhege, Guido and Krauledat, Matthias and M{\"u}ller, Klaus Robert and Curio, Gabriel},
  journal = {NeuroImage},
  title   = {The non-invasive {B}erlin brain--computer interface: fast acquisition of effective performance in untrained subjects},
  year    = {2007},
  number  = {2},
  pages   = {539--550},
  volume  = {37},
}

@Article{Jasper1949,
  author  = {Jasper, Herbert and Penfield, Wilder},
  journal = {Archiv f{\"u}r Psychiatrie und Nervenkrankheiten},
  title   = {Electrocorticograms in man: effect of voluntary movement upon the electrical activity of the precentral gyrus},
  year    = {1949},
  pages   = {163--174},
  volume  = {183},
}

@Article{Wu2023,
  author  = {Wu, Dongrui and Lu, Bao-Liang and Hu, Bin and Zeng, Zhigang},
  journal = {Proc. of the IEEE},
  title   = {Affective Brain–Computer Interfaces (a{BCI}s): A Tutorial},
  year    = {2023},
  number  = {10},
  pages   = {1314-1332},
  volume  = {111},
}

@Article{Shorten2019,
  author  = {Shorten, Connor and Khoshgoftaar, Taghi M},
  journal = {Journal of Big Data},
  title   = {A survey on image data augmentation for deep learning},
  year    = {2019},
  number  = {1},
  pages   = {1--48},
  volume  = {6},
}

@Article{Steyrl2016,
  author  = {Steyrl, David and Scherer, Reinhold and Faller, Josef and M{\"u}ller Putz, Gernot R},
  journal = {Biomedical Engineering/Biomedizinische Technik},
  title   = {Random forests in non-invasive sensorimotor rhythm brain-computer interfaces: a practical and convenient non-linear classifier},
  year    = {2016},
  number  = {1},
  pages   = {77--86},
  volume  = {61},
}

@Article{Leeb2007,
  author  = {Leeb, Robert and Lee, Felix and Keinrath, Claudia and Scherer, Reinhold and Bischof, Horst and Pfurtscheller, Gert},
  journal = {IEEE Trans. on Neural Systems and Rehabilitation Engineering},
  title   = {Brain–Computer Communication: Motivation, Aim, and Impact of Exploring a Virtual Apartment},
  year    = {2007},
  number  = {4},
  pages   = {473-482},
  volume  = {15},
}

@Article{Freer2020a,
  author  = {Freer, Daniel and Yang, Guang-Zhong},
  journal = {Journal of Neural Engineering},
  title   = {Data augmentation for self-paced motor imagery classification with {C}-{LSTM}},
  year    = {2020},
  number  = {1},
  pages   = {016041},
  volume  = {17},
}

@Article{Freeman2007,
  author  = {Freeman, Walter J},
  journal = {Scholarpedia},
  title   = {Hilbert transform for brain waves},
  year    = {2007},
  number  = {1},
  pages   = {1338},
  volume  = {2},
}

@Article{Li2024,
  author  = {Li, Siyang and Wang, Ziwei and Luo, Hanbin and Ding, Lieyun and Wu, Dongrui},
  journal = {IEEE Trans. on Biomedical Engineering},
  title   = {{T}-{TIME}: Test-Time Information Maximization Ensemble for Plug-and-Play {BCI}s},
  year    = {2024},
  number  = {2},
  pages   = {423-432},
  volume  = {71},
}

@Article{VanderMaaten2008a,
  author  = {Van der Maaten, Laurens and Hinton, Geoffrey},
  journal = {Journal of Machine Learning Research},
  title   = {{V}isualizing data using t-{SNE}},
  year    = {2008},
  number  = {11},
  pages   = {2579-2605},
  volume  = {9},
}

@Article{Pan2022,
  author  = {Pan, Yudong and Chen, Jianbo and Zhang, Yangsong and Zhang, Yu},
  journal = {Journal of Neural Engineering},
  title   = {An efficient {CNN-LSTM} network with spectral normalization and label smoothing technologies for {SSVEP} frequency recognition},
  year    = {2022},
  number  = {5},
  pages   = {056014},
  volume  = {19},
}

@Article{Rosenfeld2017a,
  author  = {Rosenfeld, Jeffrey V and Wong, Yan Tat},
  journal = {Medical Journal of Australia},
  title   = {Neurobionics and the brain-computer interface: current applications and future horizons},
  year    = {2017},
  number  = {8},
  pages   = {363--368},
  volume  = {206},
}

@Article{Wang2023,
  author  = {Wang, Ziwei and Zhang, Wen and Li, Siyang and Chen, Xinru and Wu, Dongrui},
  journal = {Journal of Neural Engineering},
  title   = {Unsupervised domain adaptation for cross-patient seizure classification},
  year    = {2023},
  number  = {6},
  pages   = {066002},
  volume  = {20},
}

@Article{Riccio2013,
  author  = {Riccio, Angela and Simione, Luca and Schettini, Francesca and Pizzimenti, Alessia and Inghilleri, Maurizio and Belardinelli, Marta Olivetti and Mattia, Donatella and Cincotti, Febo},
  journal = {Frontiers in Human Neuroscience},
  title   = {Attention and {P300}-based {BCI} performance in people with amyotrophic lateral sclerosis},
  year    = {2013},
  pages   = {732},
  volume  = {7},
}

@Article{Arico2014,
  author  = {Aric{\`o}, P and Aloise, F and Schettini, F and Salinari, S and Mattia, D and Cincotti, F},
  journal = {Journal of Neural Engineering},
  title   = {Influence of {P300} latency jitter on event related potential-based brain--computer interface performance},
  year    = {2014},
  number  = {3},
  pages   = {035008},
  volume  = {11},
}

@Article{Stevenson2019,
  author  = {Stevenson, Nathan J. and Tapani, Karoliina and Lauronen, Leena and Vanhatalo, Sampsa},
  journal = {Scientific Data},
  title   = {A dataset of neonatal {EEG} recordings with seizure annotations},
  year    = {2019},
  number  = {1},
  pages   = {1--8},
  volume  = {6},
}

@Article{Peng2022,
  author  = {R. Peng and C. Zhao and J. Jiang and G. Kuang and Y. Cui and Y. Xu and H. Du and J. Shao and Dongrui Wu},
  journal = {IEEE Trans. on Neural Systems and Rehabilitation Engineering},
  title   = {{TIE-EEGNet}: Temporal Information Enhanced {EEGNet} for Seizure Subtype Classification},
  year    = {2022},
  pages   = {2567-2576},
  volume  = {30},
}

@Article{Abiri2019,
  author  = {Abiri, Reza and Borhani, Soheil and Sellers, Eric W and Jiang, Yang and Zhao, Xiaopeng},
  journal = {Journal of Neural Engineering},
  title   = {A comprehensive review of {EEG}-based brain-computer interface paradigms},
  year    = {2019},
  number  = {1},
  pages   = {011001},
  volume  = {16},
}

@Article{Thuwajit2022,
  author  = {Thuwajit, Punnawish and Rangpong, Phurin and Sawangjai, Phattarapong and Autthasan, Phairot and Chaisaen, Rattanaphon and Banluesombatkul, Nannapas and Boonchit, Puttaranun and Tatsaringkansakul, Nattasate and Sudhawiyangkul, Thapanun and Wilaiprasitporn, Theerawit},
  journal = {IEEE Trans. on Industrial Informatics},
  title   = {{EEGWaveNet}: multiscale {CNN}-based spatiotemporal feature extraction for {EEG} seizure detection},
  year    = {2022},
  number  = {8},
  pages   = {5547-5557},
  volume  = {18},
}

@Article{Pedroni2019,
  author    = {Pedroni, Andreas and Bahreini, Amirreza and Langer, Nicolas},
  journal   = {NeuroImage},
  title     = {Automagic: standardized preprocessing of big {EEG} data},
  year      = {2019},
  pages     = {460--473},
  volume    = {200},
  publisher = {Elsevier},
}

@Article{Jenke2014,
  author  = {Jenke, Robert and Peer, Angelika and Buss, Martin},
  journal = {IEEE Trans. on Affective computing},
  title   = {Feature extraction and selection for emotion recognition from {EEG}},
  year    = {2014},
  number  = {3},
  pages   = {327--339},
  volume  = {5},
}

@Article{Boonyakitanont2020,
  author    = {Boonyakitanont, Poomipat and Lek-Uthai, Apiwat and Chomtho, Krisnachai and Songsiri, Jitkomut},
  journal   = {Biomedical Signal Processing and Control},
  title     = {A review of feature extraction and performance evaluation in epileptic seizure detection using {EEG}},
  year      = {2020},
  pages     = {101702},
  volume    = {57},
  publisher = {Elsevier},
}

@Article{Lance2012,
  author    = {Lance, Brent J and Kerick, Scott E and Ries, Anthony J and Oie, Kelvin S and McDowell, Kaleb},
  journal   = {Proc. of the {IEEE}},
  title     = {Brain-computer interface technologies in the coming decades},
  year      = {2012},
  number    = {Special Centennial Issue},
  pages     = {1585--1599},
  volume    = {100},
  publisher = {IEEE},
}

@Article{Makeig2012,
  author    = {Makeig, Scott and Kothe, Christian and Mullen, Tim and Bigdely-Shamlo, Nima and Zhang, Zhilin and Kreutz-Delgado, Kenneth},
  journal   = {Proc. of the {IEEE}},
  title     = {Evolving signal processing for brain-computer interfaces},
  year      = {2012},
  number    = {Special Centennial Issue},
  pages     = {1567--1584},
  volume    = {100},
  publisher = {IEEE},
}

@Article{Peng2022a,
  author  = {R. Peng and C. Zhao and J. Jiang and G. Kuang and Y. Cui and Y. Xu and H. Du and J. Shao and Dongrui Wu},
  journal = {IEEE Trans. on Neural Systems and Rehabilitation Engineering},
  title   = {{TIE-EEGNet}: {T}emporal information enhanced {EEGNet} for seizure subtype classification},
  year    = {2022},
  pages   = {2567-2576},
  volume  = {30},
}

@Article{Wu2020,
  author    = {Wu, Dongrui and Xu, Yifan and Lu, Bao-Liang},
  journal   = {IEEE Trans. on Cognitive and Developmental Systems},
  title     = {Transfer learning for {EEG}-based brain--computer interfaces: A review of progress made since 2016},
  year      = {2020},
  number    = {1},
  pages     = {4--19},
  volume    = {14},
  publisher = {IEEE},
}

@Article{Yao2019,
  author    = {Yao, Dezhong and Qin, Yun and Hu, Shiang and Dong, Li and Bringas Vega, Maria L and Vald{\'e}s Sosa, Pedro A},
  journal   = {Brain topography},
  title     = {Which reference should we use for {EEG} and {ERP} practice?},
  year      = {2019},
  pages     = {530--549},
  volume    = {32},
  publisher = {Springer},
}

@Article{Li2022a,
  author  = {Bohan Li and Yutai Hou and Wanxiang Che},
  journal = {AI Open},
  title   = {Data augmentation approaches in natural language processing: A survey},
  year    = {2022},
  issn    = {2666-6510},
  pages   = {71-90},
  volume  = {3},
}

@InProceedings{Diligenti2017,
  author    = {Diligenti, Michelangelo and Roychowdhury, Soumali and Gori, Marco},
  booktitle = {IEEE Int'l Conf. on Machine Learning and Applications},
  title     = {Integrating prior knowledge into deep learning},
  year      = {2017},
  address   = {Cancun, Mexico},
  month     = {Dec.},
  pages     = {920-923},
}

@Article{Lisboa2023,
  author    = {Lisboa, PJG and Saralajew, Sascha and Vellido, Alfredo and Fern{\'a}ndez-Domenech, R and Villmann, T},
  journal   = {Neurocomputing},
  title     = {The coming of age of interpretable and explainable machine learning models},
  year      = {2023},
  pages     = {25--39},
  volume    = {535},
  publisher = {Elsevier},
}

@Article{Guelcehre2016,
  author  = {G{\"u}l{\c{c}}ehre, {\c{C}}aǧlar and Bengio, Yoshua},
  journal = {Journal of Machine Learning Research},
  title   = {Knowledge matters: Importance of prior information for optimization},
  year    = {2016},
  number  = {1},
  pages   = {226--257},
  volume  = {17},
}

@Article{Ferranti2017,
  author  = {Ferranti, Dana and Krane, David and Craft, David},
  journal = {Bioinformatics},
  title   = {The value of prior knowledge in machine learning of complex network systems},
  year    = {2017},
  month   = {07},
  number  = {22},
  pages   = {3610-3618},
  volume  = {33},
}

@Article{Nakanishi2015,
  author  = {Nakanishi, Masaki and Wang, Yijun and Wang, Yu Te and Jung, Tzyy Ping},
  journal = {PloS one},
  title   = {A comparison study of canonical correlation analysis based methods for detecting steady-state visual evoked potentials},
  year    = {2015},
  number  = {10},
  pages   = {1-18},
  volume  = {10},
}

@InProceedings{Mohsenvand2020a,
  author    = {Mohsenvand, Mostafa Neo and Izadi, Mohammad Rasool and Maes, Pattie},
  booktitle = {Proc. Advances in Neural Information Processing Systems Machine Learning for Health Workshops},
  title     = {Contrastive representation learning for electroencephalogram classification},
  year      = {2020},
  address   = {Vancouver, Canada},
  month     = {Dec.},
  pages     = {238--253},
}

@InProceedings{Rommel2022,
  author    = {Rommel, C{\'e}dric and Moreau, Thomas and Paillard, Joseph and Gramfort, Alexandre},
  booktitle = {Proc. Int'l Conf. Learning Representations},
  title     = {{CADDA}: class-wise automatic differentiable data augmentation for {EEG} signals},
  year      = {2022},
  address   = {Virtual},
  month     = {Apr.},
  pages     = {1-24},
}

@Article{Cheng2020,
  author  = {Cheng, Joseph Y and Goh, Hanlin and Dogrusoz, Kaan and Tuzel, Oncel and Azemi, Erdrin},
  journal = {arXiv preprint arXiv:2007.04871},
  title   = {Subject-aware contrastive learning for biosignals},
  year    = {2020},
}

@InProceedings{Saeed2021a,
  author    = {Saeed, Aaqib and Grangier, David and Pietquin, Olivier and Zeghidour, Neil},
  booktitle = {Proc. IEEE Int'l Conf. on Acoustics, Speech and Signal Processing},
  title     = {Learning from heterogeneous {EEG} signals with differentiable channel reordering},
  year      = {2021},
  address   = {Toronto, Canada},
  month     = {Jun.},
  pages     = {1255-1259},
}

@InProceedings{Krell2017a,
  author    = {Krell, Mario Michael and Kim, Su Kyoung},
  booktitle = {Proc. Int'l Conf. of the IEEE Engineering in Medicine and Biology Society},
  title     = {Rotational data augmentation for electroencephalographic data},
  year      = {2017},
  address   = {Jeju Island, Korea},
  month     = {July},
  pages     = {471-474},
}

@Article{Deiss2018,
  author  = {Deiss, Olivier and Biswal, Siddharth and Jin, Jing and Sun, Haoqi and Westover, M Brandon and Sun, Jimeng},
  journal = {arXiv preprint arXiv:1803.09702},
  title   = {{HAMLET}: interpretable human and machine co-learning technique},
  year    = {2018},
}

@Article{Dugas2009,
  author  = {Dugas, Charles and Bengio, Yoshua and B{\'e}lisle, Fran{\c{c}}ois and Nadeau, Claude and Garcia, Ren{\'e}},
  journal = {Journal of Machine Learning Research},
  title   = {Incorporating Functional Knowledge in Neural Networks},
  year    = {2009},
  number  = {6},
  pages   = {1239-1262},
  volume  = {10},
}

@Article{Ghosn2003,
  author  = {Ghosn, Joumana and Bengio, Yoshua},
  journal = {IEEE Trans. on Neural Networks},
  title   = {Bias learning, knowledge sharing},
  year    = {2003},
  number  = {4},
  pages   = {748--765},
  volume  = {14},
}

@Article{Ramoser2000,
  author  = {Ramoser, H. and Muller-Gerking, J. and Pfurtscheller, G.},
  journal = {IEEE Trans. on Rehabilitation Engineering},
  title   = {Optimal spatial filtering of single trial {EEG} during imagined hand movement},
  year    = {2000},
  number  = {4},
  pages   = {441-446},
  volume  = {8},
}

@Article{Cully2015,
  author  = {Cully, Antoine and Clune, Jeff and Tarapore, Danesh and Mouret, Jean-Baptiste},
  journal = {Nature},
  title   = {Robots that can adapt like animals},
  year    = {2015},
  number  = {7553},
  pages   = {503--507},
  volume  = {521},
}

@InProceedings{Marino2017,
  author    = {Marino, Kenneth and Salakhutdinov, Ruslan and Gupta, Abhinav},
  booktitle = {Proc. {IEEE/CVF} Conf. Computer Vision and Pattern Recognition},
  title     = {The more you know: using knowledge graphs for image classification},
  year      = {2017},
  address   = {Honolulu, Hawaii},
  month     = {July},
  pages     = {2673--2681},
}

@InProceedings{Lee2019,
  author    = {Lee, Kuan Hui and Ros, German and Li, Jie and Gaidon, Adrien},
  booktitle = {Int'l Conf. on Learning Representations},
  title     = {{SPIGAN}: privileged adversarial learning from simulation},
  year      = {2019},
  address   = {New Orleans, United States},
  month     = {May},
  pages     = {1-14},
}

@InProceedings{Jiang2018,
  author    = {Jiang, Chenhan and Xu, Hang and Liang, Xiaodan and Lin, Liang},
  booktitle = {Proc. Advances in Neural Information Processing Systems},
  title     = {Hybrid knowledge routed modules for large-scale object detection},
  year      = {2018},
  address   = {Montréal, Canada},
  pages     = {1559-1570},
  volume    = {31},
}

@Article{Acharya2013,
  author  = {Acharya, U. Rajendra and Sree, S. Vinitha and Swapna, G. and Martis, Roshan Joy and Suri, Jasjit S.},
  journal = {Knowledge-Based Systems},
  title   = {Automated {EEG} analysis of epilepsy: a review},
  year    = {2013},
  pages   = {147--165},
  volume  = {45},
}

@Article{Lin2005,
  author  = {Chin Teng Lin and Ruei Cheng Wu and Sheng Fu Liang and Wen Hung Chao and Yu Jie Chen and Tzyy Ping Jung},
  journal = {IEEE Trans. on Circuits and Systems I: Regular Papers},
  title   = {{EEG}-based drowsiness estimation for safety driving using independent component analysis},
  year    = {2005},
  number  = {12},
  pages   = {2726-2738},
  volume  = {52},
}

@Article{Hoffmann2008,
  author  = {Hoffmann, Ulrich and Vesin, Jean-Marc and Ebrahimi, Touradj and Diserens, Karin},
  journal = {Journal of Neuroscience Methods},
  title   = {An efficient {P}300-based brain--computer interface for disabled subjects},
  year    = {2008},
  number  = {1},
  pages   = {115--125},
  volume  = {167},
}

@Article{He2020a,
  author  = {He, He and Wu, Dongrui},
  journal = {IEEE Trans. on Neural Systems and Rehabilitation Engineering},
  title   = {Different Set Domain Adaptation for Brain-Computer Interfaces: A Label Alignment Approach},
  year    = {2020},
  number  = {5},
  pages   = {1091-1108},
  volume  = {28},
}

@Article{Wang2017,
  author   = {Wang, Yijun and Chen, Xiaogang and Gao, Xiaorong and Gao, Shangkai},
  journal  = {IEEE Trans. on Neural Systems and Rehabilitation Engineering},
  title    = {A benchmark dataset for {SSVEP}-based brain–computer interfaces},
  year     = {2017},
  number   = {10},
  pages    = {1746-1752},
  volume   = {25},
  doi      = {10.1109/TNSRE.2016.2627556},
  keywords = {Electroencephalography;Electrodes;Frequency modulation;Indexes;Benchmark testing;Visualization;Encoding;Brain–computer interface (BCI);electroencephalogram (EEG);joint frequency and phase modulation (JFPM);public data set;steady-state visual evoked potential (SSVEP)},
}

@Article{Nakanishi2018,
  author   = {Nakanishi, Masaki and Wang, Yijun and Chen, Xiaogang and Wang, Yu-Te and Gao, Xiaorong and Jung, Tzyy-Ping},
  journal  = {IEEE Trans. on Biomedical Engineering},
  title    = {Enhancing detection of {SSVEP}s for a high-speed brain speller using task-related component analysis},
  year     = {2018},
  number   = {1},
  pages    = {104-112},
  volume   = {65},
  doi      = {10.1109/TBME.2017.2694818},
  keywords = {Visualization;Electroencephalography;Frequency shift keying;Filtering;Monitoring;Biomedical monitoring;Calibration;Brain-computer interfaces (BCI);electroencephalography (EEG);steady-state visual evoked potentials (SSVEP);task-related component analysis (TRCA)},
}

@Article{Rivet2009a,
  author  = {Rivet, Bertrand and Souloumiac, Antoine and Attina, Virginie and Gibert, Guillaume},
  journal = {IEEE Trans. on Biomedical Engineering},
  title   = {{xDAWN} algorithm to enhance evoked potentials: {A}pplication to brain–computer interface},
  year    = {2009},
  number  = {8},
  pages   = {2035-2043},
  volume  = {56},
}

@Article{Ahmed2022,
  author   = {Ahmed, Hamad and Wilbur, Ronnie B. and Bharadwaj, Hari M. and Siskind, Jeffrey Mark},
  journal  = {IEEE Trans. on Pattern Analysis and Machine Intelligence},
  title    = {Confounds in the data—comments on “{D}ecoding brain representations by multimodal learning of neural activity and visual features”},
  year     = {2022},
  number   = {12},
  pages    = {9217-9220},
  volume   = {44},
  doi      = {10.1109/TPAMI.2021.3121268},
  keywords = {Electroencephalography;Support vector machines;Training;Neuroscience;Codes;Auditory system;Welding;Object classification;EEG;human vision;neuroscience;neuroimaging;brain-computer interface},
}

@Article{Nakanishi2014,
  author  = {Nakanishi, Masaki and Wang, Yijun and Wang, Yu Te and Mitsukura, Yasue and Jung, Tzyy Ping},
  journal = {Int'l Journal of Neural Systems},
  title   = {A high-speed brain speller using steady-state visual evoked potentials},
  year    = {2014},
  number  = {06},
  pages   = {1450019},
  volume  = {24},
}

@Article{Amin2015,
  author  = {Amin, Hafeez Ullah and Malik, Aamir Saeed and Ahmad, Rana Fayyaz and Badruddin, Nasreen and Kamel, Nidal and Hussain, Muhammad and Chooi, Weng-Tink},
  journal = {Australasian Physical Engineering Sciences in Medicine},
  title   = {Feature extraction and classification for {EEG} signals using wavelet transform and machine learning techniques},
  year    = {2015},
  pages   = {139--149},
  volume  = {38},
}

@Article{Kumar2017,
  author  = {Kumar, Nitendra and Alam, Khursheed and Siddiqi, Abul Hasan},
  journal = {Biomedical and Pharmacology Journal},
  title   = {Wavelet transform for classification of {EEG} signal using {SVM} and {ANN}},
  year    = {2017},
  number  = {4},
  pages   = {2061--2069},
  volume  = {10},
}

@Article{Pei2021,
  author  = {Pei, Yu and Luo, Zhiguo and Yan, Ye and Yan, Huijiong and Jiang, Jing and Li, Weiguo and Xie, Liang and Yin, Erwei},
  journal = {Frontiers in Human Neuroscience},
  title   = {Data augmentation: {U}sing channel-level recombination to improve classification performance for motor imagery {EEG}},
  year    = {2021},
  pages   = {645952},
  volume  = {15},
}

@Article{Zhao2022,
  author  = {Zhao, Xuyang and Sole Casals, Jordi and Sugano, Hidenori and Tanaka, Toshihisa},
  journal = {Journal of Neural Engineering},
  title   = {Seizure onset zone classification based on imbalanced {iEEG} with data augmentation},
  year    = {2022},
  number  = {6},
  pages   = {065001},
  volume  = {19},
}

@Article{Wang2024,
  author  = {Wang, Ziwei and Li, Siyang and Luo, Jingwei and Liu, Jiajing and Wu, Dongrui},
  journal = {Neural Networks},
  title   = {Channel reflection: {K}nowledge-driven data augmentation for {EEG}-based brain-computer interfaces},
  year    = {2024},
  pages   = {106351},
  volume  = {176},
}

@Article{Huang1998,
  author  = {Huang, Norden E and Shen, Zheng and Long, Steven R and Wu, Manli C and Shih, Hsing H and Zheng, Quanan and Yen, Nai-Chyuan and Tung, Chi Chao and Liu, Henry H},
  journal = {Proc. of the Royal Society of London. Series A: Mathematical, Physical and Engineering Sciences},
  title   = {The empirical mode decomposition and the {H}ilbert spectrum for nonlinear and non-stationary time series analysis},
  year    = {1998},
  number  = {1971},
  pages   = {903--995},
  volume  = {454},
}

@Article{Shen2022,
  author    = {Shen, Mingkan and Wen, Peng and Song, Bo and Li, Yan},
  journal   = {Biomedical Signal Processing and Control},
  title     = {An {EEG} based real-time epilepsy seizure detection approach using discrete wavelet transform and machine learning methods},
  year      = {2022},
  pages     = {103820},
  volume    = {77},
  publisher = {Elsevier},
}

@Article{Adeli2003,
  author  = {Adeli, Hojjat and Zhou, Ziqin and Dadmehr, Nahid},
  journal = {Journal of Neuroscience Methods},
  title   = {Analysis of {EEG} records in an epileptic patient using wavelet transform},
  year    = {2003},
  number  = {1},
  pages   = {69--87},
  volume  = {123},
}

@Article{Peng2020,
  author    = {Peng, Chia Ju and Chen, Yi Chun and Chen, Chun Chuan and Chen, Shih Jui and Cagneau, Barthelemy and Chassagne, Luc},
  journal   = {Journal of Medical and Biological Engineering},
  title     = {An {EEG}-based attentiveness recognition system using {Hilbert--Huang} transform and support vector machine},
  year      = {2020},
  number    = {2},
  pages     = {230--238},
  volume    = {40},
  publisher = {Springer},
}

@Article{Xie2023,
  author    = {Xie, Yu and Oniga, Stefan},
  journal   = {Sensors},
  title     = {Classification of motor imagery {EEG} signals based on data augmentation and convolutional neural networks},
  year      = {2023},
  number    = {4},
  pages     = {1932},
  volume    = {23},
  publisher = {MDPI},
}

@Article{Aslan2021,
  author    = {Aslan, Muzaffer and Al{\c{c}}{\.i}n, Zeynep},
  journal   = {Cumhuriyet Science Journal},
  title     = {Detection of epileptic seizures from {EEG} signals with {Hilbert--Huang Transformation}},
  year      = {2021},
  number    = {2},
  pages     = {508--514},
  volume    = {42},
  publisher = {Sivas Cumhuriyet {\"U}niversitesi},
}

@Article{Liu2023,
  author    = {Liu, Xiaolin and Sun, Ying and Zheng, Dezhi and Na, Rui},
  journal   = {Measurement},
  title     = {{Hilbert--Huang transformation}-based subject-specific time--frequency-space pattern optimization for motor imagery electroencephalogram classification},
  year      = {2023},
  pages     = {113673},
  volume    = {223},
  publisher = {Elsevier},
}

@Article{Oweis2011,
  author    = {Oweis, Rami J and Abdulhay, Enas W},
  journal   = {Biomedical Engineering Online},
  title     = {Seizure classification in {EEG} signals utilizing {Hilbert-Huang} transform},
  year      = {2011},
  pages     = {1--15},
  volume    = {10},
  publisher = {Springer},
}

@Article{Zheng2021,
  author    = {Zheng, Jingyi and Liang, Mingli and Sinha, Sujata and Ge, Linqiang and Yu, Wei and Ekstrom, Arne and Hsieh, Fushing},
  journal   = {IEEE Journal of Biomedical and Health Informatics},
  title     = {Time-frequency analysis of scalp {EEG} with {Hilbert-Huang} transform and deep learning},
  year      = {2021},
  number    = {4},
  pages     = {1549--1559},
  volume    = {26},
  publisher = {IEEE},
}

@Article{Bai2023,
  author  = {Bai, Yunpeng and Wang, Xintao and Cao, Yan-pei and Ge, Yixiao and Yuan, Chun and Shan, Ying},
  journal = {arXiv preprint arXiv:2306.16934},
  title   = {Dreamdiffusion: Generating high-quality images from brain {EEG} signals},
  year    = {2023},
}

@InProceedings{Lee2023,
  author    = {Lee, Young Eun and Lee, Seo Hyun and Kim, Sang Ho and Lee, Seong Whan},
  booktitle = {Proc. of the AAAI Conf. on Artificial Intelligence},
  title     = {Towards voice reconstruction from {EEG} during imagined speech},
  year      = {2023},
  number    = {5},
  pages     = {6030--6038},
  volume    = {37},
}

@Article{Shensa1992,
  author  = {Shensa, Mark J},
  journal = {IEEE Trans. on Signal Processing},
  title   = {The discrete wavelet transform: wedding the a trous and {Mallat} algorithms},
  year    = {1992},
  number  = {10},
  pages   = {2464--2482},
  volume  = {40},
}

@Article{Heil1989,
  author    = {Heil, Christopher E and Walnut, David F},
  journal   = {Society for Industrial and Applied Mathematics Review},
  title     = {Continuous and discrete wavelet transforms},
  year      = {1989},
  number    = {4},
  pages     = {628--666},
  volume    = {31},
  publisher = {SIAM},
}

@Article{Chawla2002,
  author  = {Chawla, Nitesh V and Bowyer, Kevin W and Hall, Lawrence O and Kegelmeyer, W Philip},
  journal = {Journal of Artificial Intelligence Research},
  title   = {{SMOTE}: synthetic minority over-sampling technique},
  year    = {2002},
  pages   = {321--357},
  volume  = {16},
}

@Article{Luo2023,
  author  = {Luo, Jie and Cui, Weigang and Xu, Song and Wang, Lina and Li, Xiao and Liao, Xiaofeng and Li, Yang},
  journal = {IEEE Trans. on Industrial Informatics},
  title   = {A dual-branch spatio-temporal-spectral transformer feature fusion network for {EEG}-based visual recognition},
  year    = {2023},
  number  = {2},
  pages   = {1721-1731},
  volume  = {20},
}

@Article{Kapoor2023,
  author  = {Kapoor, Sayash and Narayanan, Arvind},
  journal = {Patterns},
  title   = {Leakage and the reproducibility crisis in machine-learning-based science},
  year    = {2023},
  number  = {9},
  pages   = {100804},
  volume  = {4},
}

@Article{Rommel2022a,
  author  = {Rommel, C{\'e}dric and Paillard, Joseph and Moreau, Thomas and Gramfort, Alexandre},
  journal = {Journal of Neural Engineering},
  title   = {Data augmentation for learning predictive models on {EEG}: a systematic comparison},
  year    = {2022},
  number  = {6},
  pages   = {066020},
  volume  = {19},
}

@Article{song2022conformer,
  author  = {Song, Yonghao and Zheng, Qingqing and Liu, Bingchuan and Gao, Xiaorong},
  journal = {IEEE Trans. on Neural Systems and Rehabilitation Engineering},
  title   = {{EEG} {C}onformer: {C}onvolutional transformer for {EEG} decoding and visualization},
  year    = {2022},
  pages   = {710--719},
  volume  = {31},
}

@InProceedings{Ang2008,
  author    = {Ang, Kai Keng and Chin, Zheng Yang and Zhang, Haihong and Guan, Cuntai},
  booktitle = {Proc. IEEE Int'l Joint Conf. on Neural Networks},
  title     = {Filter bank common spatial pattern ({FBCSP}) in brain-computer interface},
  year      = {2008},
  address   = {Hong Kong, China},
  month     = {Jun.},
  pages     = {2390--2397},
}

@Comment{jabref-meta: databaseType:bibtex;}
