@inproceedings{adhanom_effect_2020,
	title        = {The Effect of a Foveated Field-of-view Restrictor on {VR} Sickness},
	author       = {Adhanom, Isayas Berhe and Navarro Griffin, Nathan and MacNeilage, Paul and Folmer, Eelke},
	year         = 2020,
	booktitle    = {IEEE {VR}},
	pages        = {645--652}
}

@article{adhanom_field--view_2021,
	title        = {Field-of-View Restriction to Reduce {VR} Sickness Does Not Impede Spatial Learning in Women},
	author       = {Adhanom, Isayas Berhe and Al-Zayer, Majed and Macneilage, Paul and Folmer, Eelke},
	year         = 2021,
	journal      = {ACM TAP},
	volume       = 18,
	number       = 2,
	issn         = 15443965
}

@article{adhikari_integrating_2022,
	title        = {Integrating Continuous and Teleporting {VR} Locomotion Into a Seamless ‘HyperJump’ Paradigm},
	author       = {Adhikari, Ashu and Zielasko, Daniel and Aguilar, Ivan and Bretin, Alexander and Kruijff, Ernst and Heyde, Markus von der and Riecke, Bernhard E.},
	year         = 2022,
	journal      = {IEEE TVCG},
	volume       = 29,
	number       = 12,
	pages        = {5265--5281},
	issn         = {1077-2626}
}

@inproceedings{al_zayer_effect_2019,
	title        = {The Effect of Field-of-View Restriction on Sex Bias in {VR} Sickness and Spatial Navigation Performance},
	author       = {Al Zayer, Majed and Adhanom, Isayas B. and MacNeilage, Paul and Folmer, Eelke},
	year         = 2019,
	booktitle    = {Proc. of CHI},
	publisher    = {ACM},
	pages        = {1--12}
}

@article{ang_reduction_2023,
	title        = {Reduction of cybersickness in head mounted displays use: A systematic review and taxonomy of current strategies},
	author       = {Ang, Samuel and Quarles, John},
	year         = 2023,
	journal      = {Front. Virtual Reality},
	volume       = 4,
	issn         = {2673-4192}
}

@article{arcioni_postural_2019,
	title        = {Postural stability predicts the likelihood of cybersickness in active HMD-based virtual reality},
	author       = {Arcioni, Benjamin and Palmisano, Stephen and Apthorp, Deborah and Kim, Juno},
	year         = 2019,
	journal      = {Displays},
	volume       = 58,
	number       = {October},
	pages        = {3--11},
	issn         = {01419382}
}

@article{bailey_using_2022,
	title        = {Using quantitative data on postural activity to develop methods to predict and prevent cybersickness},
	author       = {Bailey, George S. and Arruda, Danilo G. and Stoffregen, Thomas A.},
	year         = 2022,
	journal      = {Front. Virtual Reality},
	volume       = 3,
	issn         = {2673-4192}
}

@inproceedings{bala_dynamic_2021,
	title        = {Dynamic Field of View Restriction in 360° Video: Aligning Optical Flow and Visual SLAM to Mitigate VIMS},
	author       = {Bala, Paulo and Oakley, Ian and Nisi, Valentina and Nunes, Nuno Jardim},
	year         = 2021,
	booktitle    = {Proc. of CHI},
	publisher    = {ACM}
}

@inproceedings{bala_visually_2018,
	title        = {Visually Induced Motion Sickness in 360° Videos: Comparing and Combining Visual Optimization Techniques},
	author       = {Bala, Paulo and Dionísio, Dina and Nisi, Valentina and Nunes, Nuno},
	year         = 2018,
	booktitle    = {IEEE ISMAR-Adjunct},
	pages        = {244--249}
}

@inproceedings{bimberg_usage_2020,
	title        = {On the Usage of the Simulator Sickness Questionnaire for Virtual Reality Research},
	author       = {Bimberg, Pauline and Weissker, Tim and Kulik, Alexander},
	year         = 2020,
	booktitle    = {IEEE {VR}W},
	pages        = {464--467}
}

@misc{bolas_dynamic_2014,
	title        = {Dynamic field of view throttling as a means of improving user experience in head mounted virtual environments},
	author       = {Bolas, Mark and Jones, J. Adam and McDowall, Ian and Suma, Evan},
	year         = 2014
}

@inproceedings{bowman_travel_1997,
	title        = {Travel in immersive virtual environments: an evaluation of viewpoint motion control techniques},
	author       = {Bowman, D. A. and Koller, D. and Hodges, L. F.},
	year         = 1997,
	booktitle    = {Proc. of IEEE IS{VR}},
	publisher    = {IEEE},
	pages        = {45--52,}
}

@inproceedings{buhler_reducing_2018,
	title        = {Reducing {VR} Sickness Through Peripheral Visual Effects},
	author       = {Buhler, Helmut and Misztal, Sebastian and Schild, Jonas},
	year         = 2018,
	booktitle    = {IEEE {VR}},
	pages        = {517--519}
}

@article{cao_granulated_2021,
	title        = {Granulated Rest Frames Outperform Field of View Restrictors on Visual Search Performance},
	author       = {Cao, Zekun and Grandi, Jeronimo and Kopper, Regis},
	year         = 2021,
	journal      = {Front. Virtual Reality},
	volume       = 2,
	pages        = 604889,
	issn         = {2673-4192},
	urldate      = {2024-01-29},
}

@inproceedings{cao_visually-induced_2018,
	title        = {Visually-Induced Motion Sickness Reduction via Static and Dynamic Rest Frames},
	author       = {Cao, Zekun and Jerald, Jason and Kopper, Regis},
	year         = 2018,
	booktitle    = {IEEE {VR}},
	pages        = {105--112}
}

@article{chance_locomotion_1998,
	title        = {Locomotion Mode Affects the Updating of Objects Encountered During Travel: The Contribution of Vestibular and Proprioceptive Inputs to Path Integration},
	author       = {Chance, Sarah S. and Gaunet, Florence and Beall, Andrew C. and Loomis, Jack M.},
	year         = 1998,
	journal      = {Presence},
	volume       = 7,
	number       = 2,
	pages        = {168--178}
}

@inproceedings{cortes_eeg-based_2023,
	title        = {An EEG-based Experiment on {VR} Sickness and Postural Instability While Walking in Virtual Environments},
	author       = {Cortes, Carlos Alfredo Tirado and Lin, Chin-Teng and Do, Tien-Thong Nguyen and Chen, Hsiang-Ting},
	year         = 2023,
	booktitle    = {IEEE {VR}},
	pages        = {94--104}
}

@article{dennison_use_2016,
	title        = {Use of physiological signals to predict cybersickness},
	author       = {Dennison, Mark S and Wisti, A Zachary and D'Zmura, Michael},
	year         = 2016,
	journal      = {Displays},
	volume       = 44,
	pages        = {42--52},
	issn         = {0141-9382}
}

@inproceedings{duh_independent_2001,
	title        = {An “independent visual background” reduced balance disturbance envoked by visual scene motion},
	author       = {Duh, Henry Been-Lirn and Parker, Donald E. and Furness, Thomas A.},
	year         = 2001,
	booktitle    = {Proc. of CHI},
	publisher    = {ACM},
	pages        = {85--89}
}

@article{ellis_demand_2007,
	title        = {Demand Characteristics in Assessing Motion Sickness in a Virtual Environment: Or Does Taking a Motion Sickness Questionnaire Make You Sick?},
	author       = {Ellis, S. R. and Young, S. D. and Adelstein, B. D.},
	year         = 2007,
	journal      = {IEEE TVCG},
	volume       = 13,
	number       = {03},
	pages        = {422--428},
	issn         = {1941-0506}
}

@inproceedings{fernandes_combating_2016,
	title        = {Combating {VR} sickness through subtle dynamic field-of-view modification},
	author       = {Fernandes, Ajoy S and Feiner, Steven K},
	year         = 2016,
	booktitle    = {2016 IEEE 3DUI},
	publisher    = {IEEE},
	pages        = {201--210}
}

@article{freiwald_continuity_2022,
	title        = {The Continuity of Locomotion: Rethinking Conventions for Locomotion and its Visualization in Shared Virtual Reality Spaces},
	author       = {Freiwald, Jann Philipp and Schmidt, Susanne and Riecke, Bernhard E. and Steinicke, Frank},
	year         = 2022,
	journal      = {ACM TOG},
	volume       = 41,
	number       = 6,
	pages        = {1--14},
	issn         = {0730-0301}
}

@article{gibson_parallax_1955,
	title        = {Parallax and Perspective during Aircraft Landings},
	author       = {Gibson, James J. and Olum, Paul and Rosenblatt, Frank},
	year         = 1955,
	journal      = {Am. J. Psychol.},
	volume       = 68,
	number       = 3,
	pages        = 372,
	issn         = {00029556},
	pmid         = 13248971
}

@article{groth_cybersickness_2024,
	title        = {Cybersickness Reduction via Gaze-Contingent Image Deformation},
	author       = {Groth, Colin and Magnor, Marcus and Grogorick, Steve and Eisemann, Martin and Didyk, Piotr},
	year         = 2024,
	journal      = {ACM TOG},
	volume       = 43,
	number       = 4
}

@article{groth_omnidirectional_2022,
	title        = {Omnidirectional Galvanic Vestibular Stimulation in Virtual Reality},
	author       = {Groth, Colin and Tauscher, Jan-Philipp and Heesen, Nikkel and Hattenbach, Max and Castillo, Susana and Magnor, Marcus},
	year         = 2022,
	journal      = {IEEE TVCG},
	volume       = 28,
	number       = 5,
	pages        = {2234--2244}
}

@article{hu_reducing_2019,
	title        = {Reducing Simulator Sickness with Perceptual Camera Control},
	author       = {Hu, Ping and Sun, Qi and Didyk, Piotr and Wei, Li-Yi and Kaufman, Arie E},
	year         = 2019,
	journal      = {ACM TOG},
	volume       = 38,
	number       = 6,
	issn         = {0730-0301}
}

@article{islam_cybersickness_2021,
	title        = {Cybersickness prediction from integrated HMD's sensors: A Multimodal Deep Fusion Approach using Eye-tracking and Head-tracking Data},
	author       = {Islam, Rifatul and Desai, Kevin and Quarles, John},
	year         = 2021,
	journal      = {IEEE ISMAR},
	pages        = {31--40}
}

@inproceedings{islam_towards_2022,
	title        = {Towards Forecasting the Onset of Cybersickness by Fusing Physiological, Head-tracking and Eye-tracking with Multimodal Deep Fusion Network},
	author       = {Islam, Rifatul and Desai, Kevin and Quarles, John},
	year         = 2022,
	booktitle    = {IEEE ISMAR},
	pages        = {121--130}
}

@inproceedings{joo_effects_2024,
	title        = {The Effects of False but Stable Heart Rate Feedback on Cybersickness and User Experience in Virtual Reality},
	author       = {Joo, Dongyun and Kim, Hanseob and Kim, Gerard Jounghyun},
	year         = 2024,
	booktitle    = {Proc. of CHI},
	publisher    = {ACM}
}

@article{jung_floor-vibration_2021,
	title        = {Floor-vibration {VR}: Mitigating Cybersickness Using Whole-body Tactile Stimuli in Highly Realistic Vehicle Driving Experiences},
	author       = {Jung, Sungchul and Li, Richard and McKee, Ryan and Whitton, Mary C. and Lindeman, Robert W.},
	year         = 2021,
	journal      = {IEEE TVCG},
	volume       = 27,
	number       = 5,
	pages        = {2669--2680},
	issn         = 19410506,
	pmid         = 33760736
}

@article{kelly_teleporting_2020,
	title        = {Teleporting through virtual environments: Effects of path scale and environment scale on spatial updating},
	author       = {Kelly, Jonathan W. and Ostrander, Alec G. and Lim, Alex F. and Cherep, Lucia A. and Gilbert, Stephen B.},
	year         = 2020,
	journal      = {IEEE TVCG},
	volume       = 26,
	number       = 5,
	pages        = {1841--1850},
	issn         = {1077-2626}
}

@article{kennedy_simulator_1993,
	title        = {Simulator Sickness Questionnaire: An Enhanced Method for Quantifying Simulator Sickness},
	author       = {Kennedy, Robert S and Lane, Norman E and Berbaum, Kevin S and Lilienthal, Michael G},
	year         = 1993,
	journal      = {Int. J. Aerosp. Psychol.},
	volume       = 3,
	number       = 3,
	pages        = {203--220},
	issn         = {1050-8414}
}

@article{keshavarz_validating_2011,
	title        = {Validating an Efficient Method to Quantify Motion Sickness},
	author       = {Keshavarz, Behrang and Hecht, Heiko},
	year         = 2011,
	journal      = {Human Factors},
	volume       = 53,
	number       = 4,
	pages        = {415--426},
	issn         = {0018-7208}
}

@article{lackner_motion_2014,
	title        = {Motion sickness: more than nausea and vomiting},
	author       = {Lackner, James R.},
	year         = 2014,
	journal      = {Experimental Brain Research},
	volume       = 232,
	number       = 8,
	pages        = {2493--2510},
	issn         = {0014-4819}
}

@article{langbehn_blink_2018,
	title        = {In the Blink of an Eye: Leveraging Blink-Induced Suppression for Imperceptible Position and Orientation Redirection in Virtual Reality},
	author       = {Langbehn, Eike and Steinicke, Frank and Lappe, Markus and Welch, Gregory F. and Bruder, Gerd},
	year         = 2018,
	journal      = {ACM TOG},
	volume       = 37,
	number       = 4
}

@inproceedings{langbehn_evaluation_2018,
	title        = {Evaluation of Locomotion Techniques for Room-Scale {VR}},
	author       = {Langbehn, Eike and Lubos, Paul and Steinicke, Frank},
	year         = 2018,
	booktitle    = {Proc. of the Virtual Reality International Conference},
	publisher    = {ACM},
	pages        = {1--9}
}

@article{laviola_discussion_2000,
	title        = {A discussion of cybersickness in virtual environments},
	author       = {LaViola, Joseph J.},
	year         = 2000,
	journal      = {ACM SIGCHI Bulletin},
	volume       = 32,
	number       = 1,
	pages        = {47--56},
	issn         = {07366906}
}

@article{lin_how_2020,
	title        = {How the Presence and Size of Static Peripheral Blur Affects Cybersickness in Virtual Reality},
	author       = {Lin, Yun-Xuan and Venkatakrishnan, Rohith and Venkatakrishnan, Roshan and Ebrahimi, Elham and Lin, Wen-Chieh and Babu, Sabarish V.},
	year         = 2020,
	journal      = {ACM TAP},
	volume       = 17,
	number       = 4,
	pages        = {1--18},
	issn         = {1544-3558}
}

@article{lin_intentional_2022,
	title        = {Intentional Head-Motion Assisted Locomotion for Reducing Cybersickness},
	author       = {Lin, Zehui and Gu, Xiang and Li, Sheng and Hu, Zhiming and Wang, Guoping},
	year         = 2022,
	journal      = {IEEE TVCG},
	volume       = 2626,
	number       = {c},
	pages        = {1--14},
	issn         = 19410506
}

@article{lishman_vision_1981,
	title        = {Vision and the optic flow field},
	author       = {Lishman, J. R.},
	year         = 1981,
	journal      = {Nature},
	volume       = 293,
	number       = 5830,
	pages        = {263--264},
	issn         = {0028-0836}
}

@inproceedings{liu_phantomlegs_2019,
	title        = {PhantomLegs: Reducing Virtual Reality Sickness Using Head-Worn Haptic Devices},
	author       = {Liu, Shi Hong and Yu, Neng Hao and Chan, Liwei and Peng, Yi Hao and Sun, Wei Zen and Chen, Mike Y},
	year         = 2019,
	booktitle    = {IEEE {VR}},
	pages        = {817--826}
}

@inproceedings{lopes_2020,
	title        = {Eye Thought You Were Sick! Exploring Eye Behaviors for Cybersickness Detection in {VR}},
	author       = {Lopes, Phil and Tian, Nana and Boulic, Ronan},
	year         = 2020,
	booktitle    = {Proc. of ACM SIGGRAPH Conference on MIG},
	articleno    = 3,
	numpages     = 10
}

@inproceedings{lou_geometric_2022,
	title        = {Geometric Deformation for Reducing Optic Flow and Cybersickness Dose Value in {VR}},
	author       = {Lou, Ruding and So, Richard H. Y. and Bechmann, Dominique},
	year         = 2022,
	booktitle    = {Eurographics 2022 - Posters},
	publisher    = {The Eurographics Association}
}

@article{mimnaugh_virtual_2023,
	title        = {Virtual Reality Sickness Reduces Attention During Immersive Experiences},
	author       = {Mimnaugh, Katherine J. and Center, Evan G. and Suomalainen, Markku and Becerra, Israel and Lozano, Eliezer and Murrieta-Cid, Rafael and Ojala, Timo and LaValle, Steven M. and Federmeier, Kara D.},
	year         = 2023,
	journal      = {IEEE TVCG},
	volume       = 29,
	number       = 11,
	pages        = {4394--4404}
}

@article{mine_virtual_1995,
	title        = {Virtual environment interaction techniques},
	author       = {Mine, Mark R},
	year         = 1995,
	journal      = {UNC Chapel Hill CS Dept}
}

@inproceedings{monteiro_using_2021,
	title        = {Using Trajectory Compression Rate to Predict Changes in Cybersickness in Virtual Reality Games},
	author       = {Monteiro, Diego and Liang, Hai-Ning and Tang, Xiaohang and Irani, Pourang},
	year         = 2021,
	booktitle    = {2021 IEEE ISMAR},
	pages        = {138--146}
}

@article{nie_analysis_2020,
	title        = {Analysis on Mitigation of Visually Induced Motion Sickness by Applying Dynamical Blurring on a User's Retina},
	author       = {Nie, Guang Yu and Duh, Henry Been Lirn and Liu, Yue and Wang, Yongtian},
	year         = 2020,
	journal      = {IEEE TVCG},
	volume       = 26,
	number       = 8,
	pages        = {2535--2545},
	issn         = 19410506,
	pmid         = 30668475
}

@inproceedings{nie_like_2023,
	title        = {Like a Rolling Stone: Effects of Space Deformation During Linear Acceleration on Slope Perception and Cybersickness},
	author       = {Nie, Tongyu and Adhanom, Isayas Berhe and Rosenberg, Evan Suma},
	year         = 2023,
	booktitle    = {IEEE {VR}},
	pages        = {658--668}
}

@inproceedings{norouzi_assessing_2018,
	title        = {Assessing Vignetting as a Means to Reduce {VR} Sickness during Amplified Head Rotations},
	author       = {Norouzi, Nahal and Bruder, Gerd and Welch, Greg},
	year         = 2018,
	booktitle    = {ACM SAP},
	publisher    = {ACM}
}

@article{oman_motion_1990,
	title        = {Motion sickness: a synthesis and evaluation of the sensory conflict theory},
	author       = {Oman, Charles M},
	year         = 1990,
	journal      = {Canadian Journal of Physiology and Pharmacology},
	volume       = 68,
	number       = 2,
	pages        = {294--303},
	issn         = {0008-4212},
	language     = {eng},
	pmid         = 2178753
}

@article{palmisano_predicting_2018,
	title        = {Predicting vection and visually induced motion sickness based on spontaneous postural activity},
	author       = {Palmisano, Stephen and Arcioni, Benjamin and Stapley, Paul J.},
	year         = 2018,
	journal      = {Experimental Brain Research},
	volume       = 236,
	number       = 1,
	pages        = {315--329},
	issn         = 14321106,
	pmid         = 29181555
}

@inproceedings{park_mixing_2022,
	title        = {Mixing in Reverse Optical Flow to Mitigate Vection and Simulation Sickness in Virtual Reality},
	author       = {Park, Su Han and Han, Bin and Kim, Gerard Jounghyun},
	year         = 2022,
	booktitle    = {Proc. of CHI},
	publisher    = {ACM},
	pages        = {1--11}
}

@inproceedings{peng_walkingvibe_2020,
	title        = {WalkingVibe: Reducing Virtual Reality Sickness and Improving Realism While Walking in {VR} Using Unobtrusive Head-Mounted Vibrotactile Feedback},
	author       = {Peng, Yi-Hao and Yu, Carolyn and Liu, Shi-Hong and Wang, Chung-Wei and Taele, Paul and Yu, Neng-Hao and Chen, Mike Y.},
        booktitle    = {IEEE {VR}},
	year         = 2020,
	pages        = {1--12}
}

@article{prithul_teleportation_2021,
	title        = {Teleportation in Virtual Reality; A Mini-Review},
	author       = {Prithul, Aniruddha and Adhanom, Isayas Berhe and Folmer, Eelke},
	year         = 2021,
	journal      = {Front. Virtual Reality},
	volume       = 2,
	issn         = {2673-4192}
}

@article{rahimi_scene_2020,
	title        = {Scene Transitions and Teleportation in Virtual Reality and the Implications for Spatial Awareness and Sickness},
	author       = {Rahimi, Kasra and Banigan, Colin and Ragan, Eric D.},
	year         = 2020,
	journal      = {IEEE TVCG},
	volume       = 26,
	number       = 6,
	pages        = {2273--2287},
	issn         = {1077-2626}
}

@inproceedings{rebenitsch_individual_2014,
author = {Rebenitsch, Lisa and Owen, Charles},
title = {Individual variation in susceptibility to cybersickness},
year = {2014},
publisher = {ACM},
booktitle = {Proc. of UIST},
pages = {309–317},
}

@article{riccio_ecological_1991,
	title        = {An Ecological Theory of Motion Sickness and Postural Instability},
	author       = {Riccio, Gary E and Stoffregen, Thomas A},
	year         = 1991,
	journal      = {Ecological Psychology},
	volume       = 3,
	number       = 3,
	pages        = {195--240}
}

@article{risi_effects_2019,
	title        = {Effects of postural stability, active control, exposure duration and repeated exposures on HMD induced cybersickness},
	author       = {Risi, Dante and Palmisano, Stephen},
	year         = 2019,
	journal      = {Displays},
	volume       = 60,
	pages        = {9--17},
	issn         = {0141-9382}
}

@article{shi_virtual_2021,
	title        = {Virtual Reality Sickness Mitigation Methods: A Comparative Study in a Racing Game},
	author       = {Shi, Rongkai and Liang, Hai-Ning and Wu, Yu and Yu, Difeng and Xu, Wenge},
	year         = 2021,
	journal      = {Proc. ACM CGIT},
	volume       = 4,
	number       = 1
}

@inproceedings{sra_adding_2019,
	title        = {Adding Proprioceptive Feedback to Virtual Reality Experiences Using Galvanic Vestibular Stimulation},
	author       = {Sra, Misha and Jain, Abhinandan and Maes, Pattie},
	year         = 2019,
	booktitle    = {Proc. of CHI},
	publisher    = {ACM},
	pages        = {1--14}
}

@article{stanney_aftereffects_1998,
	title        = {Aftereffects and Sense of Presence in Virtual Environments: Formulation of a Research and Development Agenda},
	author       = {Stanney, Kay and Salvendy, Ga{VR}iel and Deisinger, Joachim and Dizio, Paul and Ellis, Stephen and Ellison, June and Fogleman, Guy and Gallimore, Jennie and Singer, Michael and Hettinger, Larry and Kennedy, Robert and Lackner, James and Lawson, Ben and Maida, James and Mead, Andrew and Mon-Williams, Mark and Newman, Dava and Piantanida, Tom and Reeves, Leah and Witmer, Bob},
	year         = 1998,
	journal      = {Int. J. Hum. Comput.},
	volume       = 10,
	pages        = {135--187}
}

@article{stanney_identifying_2020,
	title        = {Identifying Causes of and Solutions for Cybersickness in Immersive Technology: Reformulation of a Research and Development Agenda},
	author       = {Stanney, Kay and Lawson, Ben D. and Rokers, Bas and Dennison, Mark and Fidopiastis, Cali and Stoffregen, Thomas and Weech, Séamas and Fulvio, Jacqueline M.},
	year         = 2020,
	journal      = {International Journal of Human–Computer Interaction},
	volume       = 36,
	number       = 19,
	pages        = {1783--1803},
	issn         = {1044-7318}
}

@article{stoffregen_flow_1985,
	title        = {Flow structure versus retinal location in the optical control of stance.},
	author       = {Stoffregen, Thomas A.},
	year         = 1985,
	journal      = {Journal of Experimental Psychology: Human Perception and Performance},
	volume       = 11,
	number       = 5,
	pages        = {554--565},
	issn         = {1939-1277}
}

@article{stoffregen_postural_1998,
	title        = {Postural instability precedes motion sickness},
	author       = {Stoffregen, Thomas A. and Smart, L. James},
	year         = 1998,
	journal      = {Brain Research Bulletin},
	volume       = 47,
	number       = 5,
	pages        = {437--448},
	issn         = {03619230},
	pmid         = 10052572
}

@article{sun_towards_2018,
	title        = {Towards virtual reality infinite walking: dynamic saccadic redirection},
	author       = {Sun, Qi and Patney, Anjul and Wei, Li-Yi and Shapira, Omer and Lu, Jingwan and Asente, Paul and Zhu, Suwen and Mcguire, Morgan and Luebke, David and Kaufman, Arie},
	year         = 2018,
	journal      = {ACM TOG},
	volume       = 37,
	number       = 4,
	issn         = {0730-0301}
}

@article{tian_who_2024,
	title        = {Who says you are so sick? An investigation on individual susceptibility to cybersickness triggers using {EEG}, {EGG} and {ECG}},
	author       = {Tian, Nana and Boulic, Ronan},
	year         = 2024,
	journal      = {IEEE TVCG},
	volume       = 30,
	number       = 5,
	pages        = {2380--2389}
}

@article{venkatakrishnan_effects_2023,
	title        = {The Effects of Auditory, Visual, and Cognitive Distractions on Cybersickness in Virtual Reality},
	author       = {Venkatakrishnan, Rohith and Venkatakrishnan, Roshan and Raveendranath, Balagopal and Sarno, Dawn M. and Robb, Andrew C. and Lin, Wen-Chieh and Babu, Sabarish V.},
	year         = 2023,
	journal      = {IEEE TVCG},
	pages        = {1--16}
}

@article{venkatakrishnan_effects_2024,
	title        = {The Effects of Secondary Task Demands on Cybersickness in Active Exploration Virtual Reality Experiences},
	author       = {Venkatakrishnan, Rohith and Venkatakrishnan, Roshan and Raveendranath, Balagopal and Canales, Ryan and Sarno, Dawn M. and Robb, Andrew C. and Lin, Wen–Chieh and Babu, Sabarish V.},
	year         = 2024,
	journal      = {IEEE TVCG},
	volume       = 30,
	number       = 5,
	pages        = {2745--2755}
}

@inproceedings{weissker_spatial_2018,
	title        = {Spatial Updating and Simulator Sickness During Steering and Jumping in Immersive Virtual Environments},
	author       = {Weissker, Tim and Kunert, Andre and Frohlich, Bernd and Kulik, Alexander},
	year         = 2018,
	booktitle    = {IEEE {VR}},
	pages        = {97--104}
}

@inproceedings{wienrich_virtual_2018,
	title        = {A Virtual Nose as a Rest-Frame - The Impact on Simulator Sickness and Game Experience},
	author       = {Wienrich, Carolin and Weidner, Christine Katharina and Schatto, Celina and Obremski, David and Israel, Johann Habakuk},
	year         = 2018,
	booktitle    = {International Conference on Virtual Worlds and Games for Serious Applications},
	publisher    = {IEEE},
	pages        = {1--8}
}

@inproceedings{wu_adaptive_2022,
author = {Wu, Fei and Suma Rosenberg, Evan},
title = {Adaptive Field-of-view Restriction: Limiting Optical Flow to Mitigate Cybersickness in Virtual Reality},
year = {2022},
publisher = {ACM},
booktitle = {Proc. of VRST},
articleno = {28},
numpages = {11},
}

@inproceedings{wu_asymmetric_2022,
	title        = {Asymmetric Lateral Field-of-View Restriction to Mitigate Cybersickness During Virtual Turns},
	author       = {Wu, Fei and Rosenberg, Evan Suma},
	year         = 2022,
	booktitle    = {IEEE {VR}},
	pages        = {103--111}
}

@inproceedings{wu_combining_2019,
	title        = {Combining Dynamic Field of View Modification with Physical Obstacle Avoidance},
	author       = {Wu, Fei and Rosenberg, Evan Suma},
	year         = 2019,
	booktitle    = {IEEE {VR}},
	pages        = {1882--1883}
}

@inproceedings{wu_dont_2021,
	title        = {Don't Block the Ground: Reducing Discomfort in Virtual Reality with an Asymmetric Field-of-View Restrictor},
	author       = {Wu, Fei and Bailey, George S. and Stoffregen, Thomas and Suma Rosenberg, Evan},
	year         = 2021,
	booktitle    = {Symposium on Spatial User Interaction},
	publisher    = {ACM},
	pages        = {1--10}
}

@inproceedings{xiao_augmenting_2016,
	title        = {Augmenting the Field-of-View of Head-Mounted Displays with Sparse Peripheral Displays},
	author       = {Xiao, Robert and Benko, Hrvoje},
	year         = 2016,
	booktitle    = {Proc. of CHI},
	publisher    = {ACM},
	pages        = {1221--1232}
}

@article{yip_preregistered_2024,
	title = {Preregistered test of whether a virtual nose reduces cybersickness},
	volume = {9},
	number = {1},
	journal = {Cognitive Research: Principles and Implications},
	author = {Yip, Sai Ho and Ng, Adrian KT and Lau, Henry YK and Saunders, Jeffrey A},
	year = {2024},
	pages = {74},
}

@inproceedings{zhao_2023,
	title        = {Deep Learning-based Simulator Sickness Estimation from 3D Motion},
	author       = {J. Zhao and K. P. Tran and A. Chalmers and W. Hoh and R. Yao and A. Dey and J. Wilmott and J. Lin and M. Billinghurst and R. W. Lindeman and T. Rhee},
	year         = 2023,
	booktitle    = {IEEE ISMAR},
	volume       = {},
	pages        = {39--48},
	issn         = {}
}

@article{zhao_mitigation_2022,
	title        = {Mitigation of {VR} Sickness during Locomotion with a Motion-Based Dynamic Vision Modulator},
	author       = {Zhao, Guanghan and Orlosky, Jason and Feiner, Steven and Ratsamee, Photchara and Uranishi, Yuki},
	year         = 2022,
	journal      = {IEEE TVCG},
	pages        = {1--13},
	issn         = {1077-2626}
}

@inproceedings{zielasko_dynamic_2018,
	title        = {Dynamic Field of View Reduction Related to Subjective Sickness Measures in an HMD-based Data Analysis Task},
	author       = {Zielasko, Daniel and Meißner, Alexander and Sebastian, Freitag and Weyers, Benjamin and Kuhlen, Torsten W},
	year         = 2018,
	booktitle    = {Proc. of IEEE Virtual Reality Workshop on Everyday Virtual Reality}
}

@inproceedings{zielasko_systematic_2022,
	title        = {Systematic Design Space Exploration of Discrete Virtual Rotations in {VR}},
	author       = {Zielasko, Daniel and Heib, Jonas and Weyers, Benjamin},
	year         = 2022,
	booktitle    = {IEEE {VR}},
	pages        = {693--702}
}

