@article{adams_resolving_2020,
	title        = {Resolving Cue Conflicts in Augmented Reality},
	author       = {Adams, Haley},
	year         = 2020,
	journal      = {Proc. - 2020 IEEE Conference on Virtual Reality and 3D User Interfaces, {VR}W 2020},
	number       = {August},
	pages        = {547--548}
}
@article{adams_shedding_2020,
	title        = {Shedding Light on Cast Shadows : An Investigation of Perceived Ground Contact in AR and {VR}},
	author       = {Adams, Haley and Stefanucci, Jeanine and Creem-regehr, Sarah and Pointon, Grant and Thompson, William and Bodenheimer, Bobby},
	year         = 2020,
	volume       = {00},
	number       = {0},
	pages        = {1--17}
}
@inproceedings{adhanom_effect_2020,
	title        = {The Effect of a Foveated Field-of-view Restrictor on {VR} Sickness},
	author       = {Adhanom, Isayas Berhe and Navarro Griffin, Nathan and MacNeilage, Paul and Folmer, Eelke},
	year         = 2020,
	booktitle    = {IEEE {VR}},
	pages        = {645--652}
}
@article{adhanom_field--view_2021,
	title        = {Field-of-View Restriction to Reduce {VR} Sickness Does Not Impede Spatial Learning in Women},
	author       = {Adhanom, Isayas Berhe and Al-Zayer, Majed and Macneilage, Paul and Folmer, Eelke},
	year         = 2021,
	journal      = {ACM TAP},
	volume       = 18,
	number       = 2,
	issn         = 15443965
}
@article{adhikari_integrating_2022,
	title        = {Integrating Continuous and Teleporting {VR} Locomotion Into a Seamless ‘HyperJump’ Paradigm},
	author       = {Adhikari, Ashu and Zielasko, Daniel and Aguilar, Ivan and Bretin, Alexander and Kruijff, Ernst and Heyde, Markus von der and Riecke, Bernhard E.},
	year         = 2022,
	journal      = {IEEE TVCG},
	volume       = 29,
	number       = 12,
	pages        = {5265--5281},
	issn         = {1077-2626}
}
@article{aizenman_statistics_2023,
	title        = {The Statistics of Eye Movements and Binocular Disparities during {VR} Gaming: Implications for Headset Design},
	author       = {Aizenman, Avi M. and Koulieris, George A. and Gibaldi, Agostino and Sehgal, Vibhor and Levi, Dennis M. and Banks, Martin S.},
	year         = 2023,
	journal      = {ACM TOG},
	volume       = 42,
	number       = 1,
	issn         = {0730-0301}
}
@article{akiduki_visual-vestibular_2003,
	title        = {Visual-vestibular conflict induced by virtual reality in humans},
	author       = {Akiduki, Hironori and Nishiike, Suetaka and Watanabe, Hiroshi and Matsuoka, Katsunori and Kubo, Takeshi and Takeda, Noriaki},
	year         = 2003,
	journal      = {Neuroscience Letters},
	volume       = 340,
	number       = 3,
	pages        = {197--200},
	issn         = {03043940},
	pmid         = 12672540
}
@inproceedings{al_zayer_effect_2019,
	title        = {The Effect of Field-of-View Restriction on Sex Bias in {VR} Sickness and Spatial Navigation Performance},
	author       = {Al Zayer, Majed and Adhanom, Isayas B. and MacNeilage, Paul and Folmer, Eelke},
	year         = 2019,
	booktitle    = {Proc. of CHI},
	publisher    = {ACM},
	pages        = {1--12}
}
@article{al_zayer_virtual_2020,
	title        = {Virtual Locomotion: A Survey},
	author       = {Al Zayer, Majed and MacNeilage, Paul and Folmer, Eelke},
	year         = 2020,
	journal      = {IEEE TVCG},
	volume       = 26,
	number       = 6,
	pages        = {2315--2334},
	issn         = {1077-2626}
}
@inproceedings{albert_user-centric_2018,
	title        = {User-Centric Classification of Virtual Reality Locomotion},
	author       = {Albert, Jeremy and Sung, Kelvin},
	year         = 2018,
	booktitle    = {Proc. of the 24th ACM Symposium on Virtual Reality Software and Technology},
	publisher    = {ACM}
}
@article{aldaba_effects_2020,
	title        = {Effects of virtual reality technology locomotive multi-sensory motion stimuli on a user simulator sickness and controller intuitiveness during a navigation task.},
	author       = {Aldaba, Cassandra N and Moussavi, Zahra},
	year         = 2020,
	journal      = {Medical \& biological engineering \& computing},
	volume       = 58,
	number       = 1,
	pages        = {143--154},
	issn         = {1741-0444 (Electronic)},
	language     = {eng},
	pmid         = 31758315
}
@article{allen_visual_2016,
	title        = {Visual 3D motion acuity predicts discomfort in 3D stereoscopic environments},
	author       = {Allen, B and Hanley, T and Rokers, B and Green, C S},
	year         = 2016,
	journal      = {Entertainment Computing},
	volume       = 13,
	pages        = {1--9},
	issn         = 18759521
}
@inproceedings{andre_cybersickness_2019,
	title        = {Cybersickness and Evaluation of a Remediation System: A Pilot Study},
	author       = {ANDRE, L and COU℡LIER, R},
	year         = 2019,
	booktitle    = {2019 International Conference on 3D Immersion (IC3D)},
	pages        = {1--6}
}
@article{andre_displaying_1998,
	title        = {Displaying Uncertainty in Advanced Navigation Systems},
	author       = {Andre, Anthony D and Cutler, Henry A},
	year         = 1998,
	journal      = {Proc. of the Human Factors and Ergonomics Society Annual Meeting},
	volume       = 42,
	number       = 1,
	pages        = {31--35},
	issn         = {2169-5067}
}
@inproceedings{ang_gingerVR_2020,
	title        = {Ginger{VR}: An Open Source Repository of Cybersickness Reduction Techniques for Unity},
	author       = {Ang, Samuel and Quarles, John},
	year         = 2020,
	booktitle    = {IEEE VRW},
	pages        = {460--463}
}
@article{ang_reduction_2023,
	title        = {Reduction of cybersickness in head mounted displays use: A systematic review and taxonomy of current strategies},
	author       = {Ang, Samuel and Quarles, John},
	year         = 2023,
	journal      = {Front. Virtual Reality},
	volume       = 4,
	issn         = {2673-4192}
}
@inproceedings{ang_youre_2022,
	title        = {You're in for a Bumpy Ride! Uneven Terrain Increases Cybersickness While Navigating with Head Mounted Displays},
	author       = {Ang, Samuel and Quarles, John},
	year         = 2022,
	booktitle    = {IEEE {VR}},
	publisher    = {IEEE},
	pages        = {428--435}
}
@article{angelaki_neurons_2004,
	title        = {Neurons compute internal models of the physical laws of motion},
	author       = {Angelaki, Dora E. and Shaikh, Aasef G. and Green, Andrea M. and Dickman, J. David},
	year         = 2004,
	journal      = {Nature},
	volume       = 430,
	number       = 6999,
	pages        = {560--564},
	issn         = {0028-0836}
}
@article{arcioni_postural_2019,
	title        = {Postural stability predicts the likelihood of cybersickness in active HMD-based virtual reality},
	author       = {Arcioni, Benjamin and Palmisano, Stephen and Apthorp, Deborah and Kim, Juno},
	year         = 2019,
	journal      = {Displays},
	volume       = 58,
	number       = {October},
	pages        = {3--11},
	issn         = {01419382}
}
@article{ash_tornado_2014,
	title        = {Tornado warning trade-offs: Evaluating choices for visually communicating risk},
	author       = {Ash, Kevin D. and Schumann, Ronald L. and Bowser, Gregg C.},
	year         = 2014,
	journal      = {Weather, Climate, and Society},
	volume       = 6,
	number       = 1,
	pages        = {104--118},
	issn         = 19488327
}
@inproceedings{avery_improving_2009,
	title        = {Improving Spatial Perception for Augmented Reality X-Ray Vision},
	author       = {Avery, Benjamin and Sandor, Christian and Thomas, Bruce H.},
	year         = 2009,
	booktitle    = {2009 IEEE Virtual Reality Conference},
	publisher    = {IEEE},
	pages        = {79--82}
}

@inproceedings{aykut_delay_2018,
	title        = {A Delay Compensation Approach for Pan-Tilt-Unit-based Stereoscopic 360 Degree Telepresence Systems Using Head Motion Prediction},
	author       = {Aykut, T and Zou, C and Xu, J and Van Opdenbosch, D and Steinbach, E},
	year         = 2018,
	booktitle    = {2018 IEEE International Conference on Robotics and Automation (ICRA)},
	pages        = {3323--3330}
}
@phdthesis{azmandian_design_2018,
	title        = {Design and Evaluation of Adaptive Redirected Walking Systems},
	author       = {Azmandian, Mahdi},
	year         = 2018,
	type         = {{PhD} {Thesis}},
	school       = {University of South California}
}
@inproceedings{bacim_collaborative_2012,
	title        = {Collaborative navigation in virtual search and rescue},
	author       = {Bacim, Felipe and Ragan, Eric D and Stinson, Cheryl and Scerbo, Siroberto and Bowman, Doug A},
	year         = 2012,
	booktitle    = {3D User Interfaces (3DUI), 2012 IEEE Symposium on},
	publisher    = {IEEE},
	pages        = {187--188}
}
@article{bailey_using_2022,
	title        = {Using quantitative data on postural activity to develop methods to predict and prevent cybersickness},
	author       = {Bailey, George S. and Arruda, Danilo G. and Stoffregen, Thomas A.},
	year         = 2022,
	journal      = {Front. Virtual Reality},
	volume       = 3,
	issn         = {2673-4192}
}
@article{bajura_merging_1992,
	title        = {Merging virtual objects with the real world},
	author       = {Bajura, Michael and Fuchs, Henry and Ohbuchi, Ryutarou},
	year         = 1992,
	journal      = {ACM SIGGRAPH Computer Graphics},
	volume       = 26,
	number       = 2,
	pages        = {203--210},
	issn         = {0097-8930}
}
@inproceedings{bala_dynamic_2021,
	title        = {Dynamic Field of View Restriction in 360° Video: Aligning Optical Flow and Visual SLAM to Mitigate VIMS},
	author       = {Bala, Paulo and Oakley, Ian and Nisi, Valentina and Nunes, Nuno Jardim},
	year         = 2021,
	booktitle    = {Proc. of CHI},
	publisher    = {ACM}
}
@inproceedings{bala_staying_2020,
	title        = {Staying on Track: A Comparative Study on the Use of Optical Flow in 360{\textasciicircum}{\textbackslash}circ Video to Mitigate VIMS},
	author       = {Bala, Paulo and Oakley, Ian and Nisi, Valentina and Nunes, Nuno},
	year         = 2020,
	booktitle    = {ACM International Conference on Interactive Media Experiences},
	publisher    = {ACM},
	pages        = {82--93}
}
@inproceedings{bala_visually_2018,
	title        = {Visually Induced Motion Sickness in 360° Videos: Comparing and Combining Visual Optimization Techniques},
	author       = {Bala, Paulo and Dionísio, Dina and Nisi, Valentina and Nunes, Nuno},
	year         = 2018,
	booktitle    = {IEEE ISMAR-Adjunct},
	pages        = {244--249}
}
@inproceedings{bane_interactive_2004,
	title        = {Interactive tools for virtual X-ray vision in mobile augmented reality},
	author       = {Bane, Ryan and Höllerer, Tobias},
	year         = 2004,
	booktitle    = {ISMAR 2004: Proc. of the Third IEEE and ACM International Symposium on Mixed and Augmented Reality},
	publisher    = {IEEE},
	pages        = {231--239}
}
@article{barnes_deceptive_2019,
	title        = {Deceptive but not open label placebos attenuate motion-induced nausea.},
	author       = {Barnes, K and Yu, A and Josupeit, J and Colagiuri, B},
	year         = 2019,
	journal      = {Journal of psychosomatic research},
	volume       = 125,
	pages        = 109808,
	issn         = {1879-1360 (Electronic)},
	language     = {eng},
	pmid         = 31426018
}
@article{basso_travelling_2019,
	title        = {Travelling salesperson in an immersive virtual environment: Experimental evaluation of tracking system device},
	author       = {Basso, D and Saracini, C and Palladino, P and Cottini, M},
	year         = 2019,
	journal      = {Advances in Intelligent Systems and Computing},
	volume       = 919,
	pages        = {519--529},
	issn         = 21945357,
	editor       = {A., Luigini}
}
@article{beckhaus_chairiochair-based_2007,
	title        = {ChairIO–the Chair-Based Interface ChairIO – The Chair-Based Interface Steffi Beckhaus , Kristopher J . Blom , Matthias Haringer},
	author       = {Beckhaus, Steffi and Blom, Kristopher J},
	year         = 2007,
	number       = {November 2015}
}
@techreport{bhandari_teleportation_2018,
	title        = {Teleportation without Spatial Disorientation Using Optical Flow Cues},
	author       = {Bhandari, Jiwan and Macneilage, Paul and Folmer, Eelke},
	year         = 2018
}
@article{bhargava_revisiting_2020,
	title        = {Revisiting affordance perception in contemporary virtual reality},
	author       = {Bhargava, Ayush and Lucaites, Kathryn M. and Hartman, Leah S. and Solini, Hannah and Bertrand, Jeffrey W. and Robb, Andrew C. and Pagano, Christopher C. and Babu, Sabarish V.},
	year         = 2020,
	journal      = {Virtual Reality},
	volume       = 24,
	number       = 4,
	pages        = {713--724},
	issn         = {1359-4338}
}
@inproceedings{bimberg_usage_2020,
	title        = {On the Usage of the Simulator Sickness Questionnaire for Virtual Reality Research},
	author       = {Bimberg, Pauline and Weissker, Tim and Kulik, Alexander},
	year         = 2020,
	booktitle    = {IEEE {VR}W},
	pages        = {464--467}
}
@inproceedings{bishop_survey_2018,
	title        = {Survey of Locomotion Systems in Virtual Reality},
	author       = {Bishop, Ian and Abid, Muhammad Rizwan},
	year         = 2018,
	booktitle    = {Proc. of the 2nd International Conference on Information System and Data Mining},
	publisher    = {ACM},
	pages        = {151--154}
}
@article{blackwell_harassment_2019,
	title        = {Harassment in Social Virtual Reality: Challenges for Platform Governance},
	author       = {Blackwell, Lindsay and Ellison, Nicole and Elliott-Deflo, Natasha and Schwartz, Raz},
	year         = 2019,
	journal      = {Proc. ACM Hum.-Comput. Interact.},
	volume       = 3,
	number       = {CSCW}
}
@inproceedings{blanz_morphable_1999,
	title        = {A Morphable Model for the Synthesis of 3D Faces},
	author       = {Blanz, Volker and Vetter, Thomas},
	year         = 1999,
	booktitle    = {Proc. of the 26th Annual Conference on Computer Graphics and Interactive Techniques},
	publisher    = {ACM Press/Addison-Wesley Publishing Co.},
	pages        = {187--194}
}
@misc{bolas_dynamic_2014,
	title        = {Dynamic field of view throttling as a means of improving user experience in head mounted virtual environments},
	author       = {Bolas, Mark and Jones, J. Adam and McDowall, Ian and Suma, Evan},
	year         = 2014
}
@article{bonato_combined_2009,
	title        = {Combined Pitch and Roll and Cybersickness in a Virtual Environment},
	author       = {Bonato, Frederick and Bubka, Andrea and Palmisano, Stephen},
	year         = 2009,
	journal      = {Aviation, Space, and Environmental Medicine},
	volume       = 80,
	number       = 11,
	pages        = {941--945},
	issn         = {00956562}
}
@inproceedings{borah_sensory_1977,
	title        = {Sensory Mechanism Modeling.},
	author       = {Borah, Joshua and Young, Laurence R and Curry, Renwick E},
	year         = 1977
}
@inproceedings{boukhelifa_uncertainty_2009,
	title        = {Uncertainty visualization},
	author       = {Boukhelifa, Nadia and Duke, David John},
	year         = 2009,
	booktitle    = {Proc. of the 27th international conference extended abstracts on Human factors in computing systems - CHI EA '09},
	publisher    = {ACM Press},
	pages        = 4051
}
@inproceedings{bowman_travel_1997,
	title        = {Travel in immersive virtual environments: an evaluation of viewpoint motion control techniques},
	author       = {Bowman, D. A. and Koller, D. and Hodges, L. F.},
	year         = 1997,
	booktitle    = {Proc. of IEEE IS{VR}},
	publisher    = {IEEE},
	pages        = {45--52,}
}
@inproceedings{bozgeyikli_point_2016,
	title        = {Point \& Teleport Locomotion Technique for Virtual Reality},
	author       = {Bozgeyikli, E{VR}en and Raij, Andrew and Katkoori, Srinivas and Dubey, Rajiv},
	year         = 2016,
	booktitle    = {Proc. of the 2016 Annual Symposium on Computer-Human Interaction in Play},
	publisher    = {ACM},
	pages        = {205--216}
}
@article{brandt_differential_1973,
	title        = {Differential effects of central versus peripheral vision on egocentric and exocentric motion perception},
	author       = {Brandt, Th and Dichgans, J. and Koenig, E.},
	year         = 1973,
	journal      = {Experimental Brain Research},
	volume       = 16,
	number       = 5,
	pages        = {476--491},
	issn         = {0014-4819}
}
@article{bronstein_calculus_2007,
	title        = {Calculus of Nonrigid Surfaces for Geometry and Texture Manipulation},
	author       = {Bronstein, Alexander M. and Bronstein, Michael M. and Kimmel, Ron},
	year         = 2007,
	journal      = {IEEE TVCG},
	volume       = 13,
	number       = 5,
	pages        = {902--913}
}
@incollection{brooke_sus_1996,
	title        = {SUS: A 'Quick and Dirty' Usability Scale},
	author       = {Brooke, John},
	year         = 1996,
	booktitle    = {Usability Evaluation In Industry},
	publisher    = {CRC Press},
	pages        = {207--212}
}
@inproceedings{brooks_comparison_2017,
	title        = {Comparison of a head-mounted display and flat screen display during a micro-UAV target detection Task},
	author       = {Brooks, J and Lodge, R and White, D},
	year         = 2017,
	booktitle    = {Proc. of the Human Factors and Ergonomics Society},
	publisher    = {Human Factors an Ergonomics Society Inc.},
	volume       = {2017-Octob},
	pages        = {1514--1518}
}
@article{brown_efficient_2023,
	title        = {Efficient Dataflow Modeling of Peripheral Encoding in the Human Visual System},
	author       = {Brown, Rachel and Dutell, Vasha and Walter, Bruce and Rosenholtz, Ruth and Shirley, Peter and McGuire, Morgan and Luebke, David},
	year         = 2023,
	journal      = {ACM TAP},
	volume       = 20,
	number       = 1,
	pages        = {1--22},
	issn         = {1544-3558}
}
@book{bruce_visual_2014,
	title        = {Visual Perception},
	author       = {Bruce, Vicki and Georgeson, Mark A. and Green, Patrick R. and Georgeson, Mark A.},
	year         = 2014,
	publisher    = {Psychology Press}
}
@article{buck_comparison_2018,
	title        = {A Comparison of Distance Estimation in HMD-Based Virtual Environments with Different HMD-Based Conditions},
	author       = {Buck, Lauren E. and Young, Mary K. and Bodenheimer, Bobby},
	year         = 2018,
	journal      = {ACM TAP},
	volume       = 15,
	number       = 3,
	pages        = {1--15},
	issn         = {1544-3558}
}
@inproceedings{buhler_reducing_2018,
	title        = {Reducing {VR} Sickness Through Peripheral Visual Effects},
	author       = {Buhler, Helmut and Misztal, Sebastian and Schild, Jonas},
	year         = 2018,
	booktitle    = {IEEE {VR}},
	pages        = {517--519}
}
@inproceedings{burns_hand_2005,
	title        = {The hand is slower than the eye: A quantitative exploration of visual dominance over proprioception},
	author       = {Burns, Eric and Whitton, Mary C. and Razzaque, Sharif and McCallus, Matthew R. and Panter, Abigail T. and Brooks, Frederick P.},
	year         = 2005,
	booktitle    = {Proc. - IEEE Virtual Reality},
	volume       = 2005,
	pages        = {3--10}
}
@article{cao_granulated_2021,
	title        = {Granulated Rest Frames Outperform Field of View Restrictors on Visual Search Performance},
	author       = {Cao, Zekun and Grandi, Jeronimo and Kopper, Regis},
	year         = 2021,
	journal      = {Front. Virtual Reality},
	volume       = 2,
	pages        = 604889,
	issn         = {2673-4192},
	urldate      = {2024-01-29},
}
@inproceedings{cao_visually-induced_2018,
	title        = {Visually-Induced Motion Sickness Reduction via Static and Dynamic Rest Frames},
	author       = {Cao, Zekun and Jerald, Jason and Kopper, Regis},
	year         = 2018,
	booktitle    = {IEEE {VR}},
	pages        = {105--112}
}
@article{carvalho_{VR}_2017,
	title        = {{VR} Rio 360: The challenges of motion sickness in {VR} environments},
	author       = {Carvalho, P and Miyagawa, T and Maciel, F and Melo, P},
	year         = 2017,
	journal      = {Lecture Notes in Computer Science (including subseries Lecture Notes in Artificial Intelligence and Lecture Notes in Bioinformatics)},
	volume       = 10280,
	pages        = {495--504},
	issn         = {03029743}
}
@article{chakravarthula_gaze-contingent_2021,
	title        = {Gaze-Contingent Retinal Speckle Suppression for Perceptually-Matched Foveated Holographic Displays},
	author       = {Chakravarthula, Praneeth and Zhang, Zhan and Tursun, Okan and Didyk, Piotr and Sun, Qi and Fuchs, Henry},
	year         = 2021,
	journal      = {IEEE TVCG},
	volume       = 27,
	number       = 11,
	pages        = {4194--4203},
	issn         = {1077-2626}
}
@article{chance_locomotion_1998,
	title        = {Locomotion Mode Affects the Updating of Objects Encountered During Travel: The Contribution of Vestibular and Proprioceptive Inputs to Path Integration},
	author       = {Chance, Sarah S. and Gaunet, Florence and Beall, Andrew C. and Loomis, Jack M.},
	year         = 1998,
	journal      = {Presence},
	volume       = 7,
	number       = 2,
	pages        = {168--178}
}
@article{chander_virtual-reality-induced_2019,
	title        = {Virtual-reality-induced visual perturbations impact postural control system behavior},
	author       = {Chander, Harish and Arachchige, Sachini N.K.Kodithuwakku and Hill, Christopher M. and Turner, Alana J. and Deb, Shuchisnigdha and Shojaei, Alireza and Hudson, Christopher and Knight, Adam C. and Carruth, Daniel W.},
	year         = 2019,
	journal      = {Behavioral Sciences},
	volume       = 9,
	number       = 11,
	pages        = {1--12},
	issn         = {2076328X}
}
@inproceedings{chang_panning_2017,
	title        = {Panning and Zooming High-Resolution Panoramas in Virtual Reality Devices},
	author       = {Chang, Huiwen and Cohen, Michael F},
	year         = 2017,
	booktitle    = {Proc. of the 30th Annual ACM Symposium on User Interface Software and Technology},
	publisher    = {ACM},
	pages        = {279--288}
}
@article{chang_virtual_2020,
	title        = {Virtual Reality Sickness: A Review of Causes and Measurements},
	author       = {Chang, Eunhee and Kim, Hyun Taek and Yoo, Byounghyun},
	year         = 2020,
	journal      = {Int. J. Hum. Comput.},
	volume       = 36,
	number       = 17,
	pages        = {1--25},
	issn         = 15327590
}
@article{chen_urbanrama_2021,
	title        = {UrbanRama: Navigating Cities in Virtual Reality},
	author       = {Chen, Shaoyu and Miranda, Fabio and Ferreira, Nivan and Lage, Marcos and Doraiswamy, Harish and Brenner, Corinne and Defanti, Connor and Koutsoubis, Michael and Wilson, Luc and Perlin, Kenneth and Silva, Claudio T.},
	year         = 2021,
	journal      = {IEEE TVCG},
	pages        = {1--1},
	issn         = {1077-2626}
}
@article{cheung_spatial_1995,
	title        = {Spatial disorientation-implicated accidents in Canadian forces, 1982-92.},
	author       = {Cheung, B and Money, K and Wright, H and Bateman, W},
	year         = 1995,
	journal      = {Aviation, space, and environmental medicine},
	volume       = 66,
	number       = 6,
	pages        = {579--85},
	issn         = {0095-6562},
	pmid         = 7646410
}
@article{chin_physiological_2017,
	title        = {Physiological feature-driven interactive human body appearance synthesis: A {VR} game character perspective},
	author       = {Chin, S},
	year         = 2017,
	journal      = {Information (Japan)},
	volume       = 20,
	number       = 7,
	pages        = {5373--5380},
	issn         = 13434500
}
@inproceedings{cho_road{VR}_2020,
	title        = {Road{VR}: Mitigating the Effect of Vection and Sickness by Distortion of Pathways for In-Car Virtual Reality},
	author       = {Cho, Hyung-jun and Kim, Gerard J},
	year         = 2020,
	booktitle    = {26th ACM Symposium on Virtual Reality Software and Technology},
	publisher    = {ACM}
}
@article{choe_interaction_2017,
	title        = {Do interaction modes influence the degree of virtual reality sickness?},
	author       = {Choe, M and Choi, Y and Kim, H K and Park, J and Jeong, H},
	year         = 2017,
	journal      = {ICIC Express Letters, Part B: Applications},
	volume       = 8,
	number       = 10,
	pages        = {1395--1400},
	issn         = 21852766
}
@article{choros_software_2019,
	title        = {Software Techniques to Reduce Cybersickness Among Users of Immersive Virtual Reality Environments},
	author       = {Choroś, K and Nippe, P},
	year         = 2019,
	journal      = {Lecture Notes in Computer Science (including subseries Lecture Notes in Artificial Intelligence and Lecture Notes in Bioinformatics)},
	volume       = {11431 LNAI},
	pages        = {638--648},
	issn         = {03029743},
	editor       = {Nguyen N.T. Hong T.-P., Nguyen N T Trawinski B Gaol F L}
}
@inproceedings{choudhary_revisiting_2021,
	title        = {Revisiting Distance Perception with Scaled Embodied Cues in Social Virtual Reality},
	author       = {Choudhary, Zubin and Gottsacker, Matthew and Kim, Kangsoo and Schubert, Ryan and Stefanucci, Jeanine and Bruder, Gerd and Welch, Gregory F.},
	year         = 2021,
	booktitle    = {2021 IEEE Virtual Reality and 3D User Interfaces ({VR})},
	publisher    = {IEEE},
	pages        = {788--797}
}
@inproceedings{clarke_arcaid_2016,
	title        = {Arcaid: Addressing Situation Awareness and Simulator Sickness in a Virtual Reality Pac-Man Game},
	author       = {Clarke, Daniel and McGregor, Graham and Rubin, Brianna and Stanford, Jonathan and Graham, T C Nicholas},
	year         = 2016,
	booktitle    = {Proc. of the 2016 Annual Symposium on Computer-Human Interaction in Play Companion Extended Abstracts},
	publisher    = {ACM},
	pages        = {39--45}
}
@misc{cleanboxtechnology_cleanbox_nodate,
	title        = {CleanBox},
	author       = {{CleanboxTechnology}}
}
@inproceedings{cortes_eeg-based_2023,
	title        = {An EEG-based Experiment on {VR} Sickness and Postural Instability While Walking in Virtual Environments},
	author       = {Cortes, Carlos Alfredo Tirado and Lin, Chin-Teng and Do, Tien-Thong Nguyen and Chen, Hsiang-Ting},
	year         = 2023,
	booktitle    = {IEEE {VR}},
	pages        = {94--104}
}
@article{costa_multiscale_2005,
	title        = {Multiscale entropy analysis of biological signals},
	author       = {Costa, Madalena and Goldberger, Ary L. and Peng, C.-K.},
	year         = 2005,
	journal      = {Phys. Rev. E},
	volume       = 71,
	number       = 2,
	pages        = {021906}
}
@article{cummings_how_2015,
	title        = {How Immersive Is Enough? A Meta-Analysis of the Effect of Immersive Technology on User Presence},
	author       = {Cummings, James and Bailenson, Jeremy},
	year         = 2015,
	journal      = {Media Psychology},
	volume       = 19,
	pages        = {1--38}
}
@inproceedings{curry_cybersickness_2019,
	title        = {Cybersickness in virtual reality: Examining the influence of the virtual environments on sex susceptibility},
	author       = {Curry, C},
	year         = 2019,
	booktitle    = {SIGGRAPH Asia 2019 Doctoral Consortium, SA 2019},
	publisher    = {ACM, Inc}
}
@article{damour_efficacy_2017,
	title        = {The efficacy of airflow and seat vibration on reducing visually induced motion sickness.},
	author       = {D'Amour, Sarah and Bos, Jelte E and Keshavarz, Behrang},
	year         = 2017,
	journal      = {Experimental brain research},
	volume       = 235,
	number       = 9,
	pages        = {2811--2820},
	issn         = {1432-1106 (Electronic)},
	language     = {eng},
	pmid         = 28634889
}
@book{darwin_power_1896,
	title        = {The power of movement in plants},
	author       = {Darwin, Charles and Darwin, Francis},
	year         = 1896,
	publisher    = {D. Appleton}
}
@article{day_dual_2016,
	title        = {Dual processing of visual rotation for bipedal stance control},
	author       = {Day, Brian L. and Muller, Timothy and Offord, Joanna and Di Giulio, Irene},
	year         = 2016,
	journal      = {The Journal of Physiology},
	volume       = 594,
	number       = 19,
	pages        = {5661--5671},
	issn         = {00223751},
	pmid         = 27686250
}
@article{de_haan_using_2008,
	title        = {Using the Wii Balance Board™ as a low-cost {VR} interaction device},
	author       = {De Haan, Gerwin and Griffith, Eric J. and Post, Frits H.},
	year         = 2008,
	journal      = {Proc. of the ACM Symposium on Virtual Reality Software and Technology, {VR}ST},
	number       = {June},
	pages        = {289--290}
}
@article{deng_fov-nerf_2022,
	title        = {FoV-NeRF: Foveated Neural Radiance Fields for Virtual Reality},
	author       = {Deng, Nianchen and He, Zhenyi and Ye, Jiannan and Duinkharjav, Budmonde and Chakravarthula, Praneeth and Yang, Xubo and Sun, Qi},
	year         = 2022,
	journal      = {IEEE TVCG},
	volume       = 28,
	number       = 11,
	pages        = {3854--3864},
	issn         = {1077-2626}
}
@article{dennison_cybersickness_2017,
	title        = {Cybersickness without the wobble: Experimental results speak against postural instability theory},
	author       = {Dennison, Mark Stephen and D’Zmura, Michael},
	year         = 2017,
	journal      = {Applied Ergonomics},
	volume       = 58,
	pages        = {215--223},
	issn         = {0003-6870}
}
@article{dennison_use_2016,
	title        = {Use of physiological signals to predict cybersickness},
	author       = {Dennison, Mark S and Wisti, A Zachary and D'Zmura, Michael},
	year         = 2016,
	journal      = {Displays},
	volume       = 44,
	pages        = {42--52},
	issn         = {0141-9382}
}
@article{descheneaux_negative_2020,
	title        = {Negative effects associated with hmds in augmented and virtual reality},
	author       = {Descheneaux, C R and Reinerman-Jones, L and Moss, J and Krum, D and Hudson, I},
	year         = 2020,
	journal      = {Lecture Notes in Computer Science (including subseries Lecture Notes in Artificial Intelligence and Lecture Notes in Bioinformatics)},
	volume       = {12190 LNCS},
	pages        = {410--428},
	issn         = {03029743},
	editor       = {Chen J.Y.C., Fragomeni G}
}
@article{dey_lessons_2014,
	title        = {Lessons learned: Evaluating visualizations for occluded objects in handheld augmented reality},
	author       = {Dey, Arindam and Sandor, Christian},
	year         = 2014,
	journal      = {International Journal of Human Computer Studies},
	volume       = 72,
	number       = {10-11},
	pages        = {704--716},
	issn         = 10959300
}
@article{dey_systematic_2018,
	title        = {A systematic review of 10 Years of Augmented Reality usability studies: 2005 to 2014},
	author       = {Dey, Arindam and Billinghurst, Mark and Lindeman, Robert W. and Swan, J. Edward},
	year         = 2018,
	journal      = {Frontiers Robotics AI},
	volume       = 5,
	number       = {APR},
	issn         = 22969144
}
@article{diaz_designing_2017,
	title        = {Designing for depth perceptions in augmented reality},
	author       = {Diaz, Catherine and Walker, Michael and Szafir, Danielle Albers and Szafir, Daniel},
	year         = 2017,
	journal      = {Proc. of the 2017 IEEE International Symposium on Mixed and Augmented Reality, ISMAR 2017},
	pages        = {111--122}
}
@article{dichgans_moving_1972,
	title        = {Moving visual scenes influence the apparent direction of gravity},
	author       = {Dichgans, Johannes and Held, Richard and Young, Laurence R. and Brandt, Thomas},
	year         = 1972,
	journal      = {Science},
	volume       = 178,
	number       = 4066,
	pages        = {1217--1219},
	issn         = {00368075},
	pmid         = 4637810
}
@inproceedings{dizio_circumventing_1997,
	title        = {Circumventing Side Effects of Immersive Virtual Environments},
	author       = {DiZio, P and Lackner, J},
	year         = 1997,
	booktitle    = {HCI}
}
@article{dong_control_2011,
	title        = {Control of a Virtual Vehicle Influences Postural Activity and Motion Sickness},
	author       = {Dong, Xiao and Yoshida, Ken and Stoffregen, Thomas A.},
	year         = 2011,
	journal      = {Journal of Experimental Psychology: Applied},
	volume       = 17,
	number       = 2,
	pages        = {128--138},
	issn         = {1076898X},
	pmid         = 21604911
}
@article{dorado_methods_2015,
	title        = {Methods to reduce cybersickness and enhance presence for in-place navigation techniques},
	author       = {Dorado, Jose L. and Figueroa, Pablo A.},
	year         = 2015,
	journal      = {2015 IEEE Symposium on 3D User Interfaces, 3DUI 2015},
	pages        = {145--146}
}
@article{dorado_ramps_2014,
	title        = {Ramps are better than stairs to reduce cybersickness in applications based on a HMD and a Gamepad},
	author       = {Dorado, Jose L. and Figueroa, Pablo A.},
	year         = 2014,
	journal      = {2014 IEEE 3DUI},
	pages        = {47--50}
}
@inproceedings{dreja_demonstration_2018,
	title        = {A Demonstration of {VR}Spinning: Exploring the Design Space of a 1D Rotation Platform to Increase the Perception of Self-Motion in {VR}},
	author       = {Dreja, Thomas and Rietzler, Michael and Hirzle, Teresa and Gugenheimer, Jan and Frommel, Julian and Rukzio, Enrico},
	year         = 2018,
	booktitle    = {The 31st Annual ACM Symposium on User Interface Software and Technology Adjunct Proc.},
	publisher    = {ACM},
	pages        = {185--187}
}
@phdthesis{drummond_lie_nodate,
	title        = {Lie groups, Lie algebras, projective geometry and optimization for 3D Geometry, Engineering and Computer Vision},
	author       = {Drummond, Tom}
}
@inproceedings{duh_independent_2001,
	title        = {An “independent visual background” reduced balance disturbance envoked by visual scene motion},
	author       = {Duh, Henry Been-Lirn and Parker, Donald E. and Furness, Thomas A.},
	year         = 2001,
	booktitle    = {Proc. of CHI},
	publisher    = {ACM},
	pages        = {85--89}
}
@article{duinkharjav_image_2022,
	title        = {Image features influence reaction time},
	author       = {Duinkharjav, Budmonde and Chakravarthula, Praneeth and Brown, Rachel and Patney, Anjul and Sun, Qi},
	year         = 2022,
	journal      = {ACM TOG},
	volume       = 41,
	number       = 4,
	pages        = {1--15},
	issn         = {0730-0301}
}
@inproceedings{dunn_stimulating_2020,
	title        = {Stimulating the Human Visual System Beyond Real World Performance in Future Augmented Reality Displays},
	author       = {Dunn, David and Tursun, Okan and Yu, Hyeonseung and Didyk, Piotr and Myszkowski, Karol and Fuchs, Henry},
	year         = 2020,
	booktitle    = {2020 IEEE ISMAR},
	publisher    = {IEEE},
	pages        = {90--100}
}
@book{einstein_meaning_2003,
	title        = {The Meaning of Relativity},
	author       = {Einstein, Albert},
	year         = 2003,
	publisher    = {Routledge},
	volume       = 1,
	number       = 9
}
@article{einstein_uber_1907,
	title        = {Über das Relativitätsprinzip und die aus demselben gezogenen Folgerungen},
	author       = {Einstein, Albert},
	year         = 1907,
	journal      = {Jahrb. Radioaktivität Elektronik},
	volume       = 4,
	pages        = {411--462}
}
@article{ellis_demand_2007,
	title        = {Demand Characteristics in Assessing Motion Sickness in a Virtual Environment: Or Does Taking a Motion Sickness Questionnaire Make You Sick?},
	author       = {Ellis, S. R. and Young, S. D. and Adelstein, B. D.},
	year         = 2007,
	journal      = {IEEE TVCG},
	volume       = 13,
	number       = {03},
	pages        = {422--428},
	issn         = {1941-0506}
}
@article{ellis_localization_1998,
	title        = {Localization of Virtual Objects in the Near Visual Field},
	author       = {Ellis, Stephen R. and Menges, Brian M.},
	year         = 1998,
	journal      = {Human Factors: The Journal of the Human Factors and Ergonomics Society},
	volume       = 40,
	number       = 3,
	pages        = {415--431},
	issn         = {0018-7208},
	pmid         = 11536894
}
@inproceedings{engel_lsd-slam_2014,
	title        = {LSD-SLAM: Large-Scale Direct Monocular SLAM},
	author       = {Engel, Jakob and Schöps, Thomas and Cremers, Daniel},
	year         = 2014,
	booktitle    = {Computer Vision – ECCV 2014},
	publisher    = {Springer International Publishing},
	pages        = {834--849},
	editor       = {Fleet, David and Pajdla, Tomas and Schiele, Bernt and Tuytelaars, Tinne}
}
@article{ernst_merging_2004,
	title        = {Merging the senses into a robust percept},
	author       = {Ernst, Marc O. and Bülthoff, Heinrich H.},
	year         = 2004,
	journal      = {Trends in Cognitive Sciences},
	volume       = 8,
	number       = 4,
	pages        = {162--169},
	issn         = 13646613,
	pmid         = 15050512
}
@article{estrada_airsickness_2007,
	title        = {Airsickness prevention in helicopter passengers.},
	author       = {Estrada, Arthur and LeDuc, Patricia A and Curry, Ian P and Phelps, Shean E and Fuller, Daniel R},
	year         = 2007,
	journal      = {Aviation, space, and environmental medicine},
	volume       = 78,
	number       = 4,
	pages        = {408--413},
	issn         = {0095-6562 (Print)},
	language     = {eng},
	pmid         = 17484344
}
@inproceedings{evangelakos_extended_2016,
	title        = {Extended TimeWarp Latency Compensation for Virtual Reality},
	author       = {Evangelakos, Daniel and Mara, Michael},
	year         = 2016,
	booktitle    = {Proc. of the 20th ACM SIGGRAPH Symposium on Interactive 3D Graphics and Games},
	publisher    = {ACM},
	pages        = {193--194}
}
@article{evans_dynamic_1997,
	title        = {Dynamic display of spatial data-reliability: Does it benefit the map user?},
	author       = {Evans, Beverley J.},
	year         = 1997,
	journal      = {Computers \& Geosciences},
	volume       = 23,
	number       = 4,
	pages        = {409--422},
	issn         = {00983004}
}
@article{farmani_evaluating_2020,
	title        = {Evaluating discrete viewpoint control to reduce cybersickness in virtual reality},
	author       = {Farmani, Y and Teather, R J},
	year         = 2020,
	journal      = {Virtual Reality},
	volume       = 24,
	number       = 4,
	pages        = {645--664},
	issn         = 13594338
}
@inproceedings{farmani_viewpoint_2018,
	title        = {Viewpoint Snapping to Reduce Cybersickness in Virtual Reality},
	author       = {Farmani, Yasin and Teather, Robert J},
	year         = 2018,
	booktitle    = {Proc. of the 44th Graphics Interface Conference},
	publisher    = {Canadian Human-Computer Communications Society},
	pages        = {168--175}
}
@article{faul_statistical_2009,
	title        = {Statistical power analyses using G*Power 3.1: Tests for correlation and regression analyses},
	author       = {Faul, Franz and Erdfelder, Edgar and Buchner, Axel and Lang, Albert-Georg},
	year         = 2009,
	journal      = {Behavior Research Methods},
	volume       = 41,
	number       = 4,
	pages        = {1149--1160},
	issn         = {1554-351X},
	pmid         = 19897823
}
@article{feiner_cutaways_1992,
	title        = {Cutaways and ghosting: satisfying visibility constraints in dynamic 3D illustrations},
	author       = {Feiner, Steven K. and Seligmann, Dorée Duncan},
	year         = 1992,
	journal      = {The Visual Computer},
	volume       = 8,
	number       = {5-6},
	pages        = {292--302},
	issn         = {0178-2789}
}
@article{feldstein_simple_2020,
	title        = {A Simple Video-Based Technique for Measuring Latency in Virtual Reality or Teleoperation},
	author       = {Feldstein, I T and Ellis, S R},
	year         = 2020,
	journal      = {IEEE TVCG},
	pages        = 1,
	issn         = {1941-0506}
}
@inproceedings{ferdous_investigating_2018,
	title        = {Investigating the Reason for Increased Postural Instability in Virtual Reality for Persons with Balance Impairments},
	author       = {Ferdous, Sharif Mohammad Shahnewaz and Chowdhury, Tanvir Irfan and Arafat, Imtiaz Muhammad and Quarles, John},
	year         = 2018,
	booktitle    = {Proc. of the 24th ACM Symposium on Virtual Reality Software and Technology},
	publisher    = {ACM}
}
@inproceedings{fernandes_combating_2016,
	title        = {Combating {VR} sickness through subtle dynamic field-of-view modification},
	author       = {Fernandes, Ajoy S and Feiner, Steven K},
	year         = 2016,
	booktitle    = {2016 IEEE 3DUI},
	publisher    = {IEEE},
	pages        = {201--210}
}
@inproceedings{fernandes_uncertainty_2018,
	title        = {Uncertainty Displays Using Quantile Dotplots or CDFs Improve Transit Decision-Making},
	author       = {Fernandes, Michael and Walls, Logan and Munson, Sean and Hullman, Jessica and Kay, Matthew},
	year         = 2018,
	booktitle    = {Proc. of the 2018 CHI Conference on Human Factors in Computing Systems},
	publisher    = {ACM},
	volume       = {2018-April},
	pages        = {1--12}
}
@article{feynman_feynman_1965,
	title        = {The Feynman Lectures on Physics; Vol. I},
	author       = {Feynman, Richard P. and Leighton, Robert B. and Sands, Matthew and Hafner, E. M.},
	year         = 1965,
	journal      = {American Journal of Physics},
	volume       = 33,
	number       = 9,
	pages        = {750--752},
	issn         = {0002-9505}
}
@article{fitzpatrick_resolving_2006,
	title        = {Resolving Head Rotation for Human Bipedalism},
	author       = {Fitzpatrick, Richard C. and Butler, Jane E. and Day, Brian L.},
	year         = 2006,
	journal      = {Current Biology},
	volume       = 16,
	number       = 15,
	pages        = {1509--1514},
	issn         = {09609822}
}
@article{forstberg_influence_1998,
	title        = {Influence of different conditions for tilt compensation on symptoms of motion sickness in tilting trains.},
	author       = {Förstberg, J and Andersson, E and Ledin, T},
	year         = 1998,
	journal      = {Brain research bulletin},
	volume       = 47,
	number       = 5,
	pages        = {525--535},
	issn         = {0361-9230 (Print)},
	language     = {eng},
	pmid         = 10052584
}
@article{freiwald_continuity_2022,
	title        = {The Continuity of Locomotion: Rethinking Conventions for Locomotion and its Visualization in Shared Virtual Reality Spaces},
	author       = {Freiwald, Jann Philipp and Schmidt, Susanne and Riecke, Bernhard E. and Steinicke, Frank},
	year         = 2022,
	journal      = {ACM TOG},
	volume       = 41,
	number       = 6,
	pages        = {1--14},
	issn         = {0730-0301}
}
@incollection{fuchs_augmented_1998,
	title        = {Augmented reality visualization for laparoscopic surgery},
	author       = {Fuchs, Henry and Livingston, Mark A. and Raskar, Ramesh and Colucci, D'nardo and Keller, Kurtis and State, Andrei and Crawford, Jessica R. and Rademacher, Paul and Drake, Samuel H. and Meyer, Anthony A.},
	year         = 1998,
	booktitle    = {Federation bulletin},
	volume       = 50,
	pages        = {934--943},
	pmid         = 14051687
}
@article{fujimoto_different_2020,
	title        = {Different Head-Sway Responses to Optic Flow in Sitting and Standing With a Head-Mounted Display},
	author       = {Fujimoto, Kanon and Ashida, Hiroshi},
	year         = 2020,
	journal      = {Frontiers in Psychology},
	volume       = 11,
	number       = {October},
	pages        = {1--8},
	issn         = 16641078
}
@article{fukiage_reduction_2012,
	title        = {Reduction of contradictory partial occlusion in mixed reality by using characteristics of transparency perception},
	author       = {Fukiage, Taiki and Oishi, Takeshi and Ikeuchi, Katsushi},
	year         = 2012,
	journal      = {ISMAR 2012 - 11th IEEE ISMAR 2012, Science and Technology Papers},
	pages        = {129--139}
}
@inproceedings{gagnon_effect_2021,
	title        = {The Effect of Feedback on Estimates of Reaching Ability in Virtual Reality},
	author       = {Gagnon, Holly C. and Rohovit, Taren and Finney, Hunter and Zhao, Yu and Franchak, John M. and Stefanucci, Jeanine K. and Bodenheimer, Bobby and Creem-Regehr, Sarah H.},
	year         = 2021,
	booktitle    = {2021 IEEE Virtual Reality and 3D User Interfaces ({VR})},
	publisher    = {IEEE},
	pages        = {798--806}
}
@article{garcia-agundez_evaluation_2017,
	title        = {An evaluation of extrapolation and filtering techniques in head tracking for virtual environments to reduce cybersickness},
	author       = {Garcia-Agundez, A and Westmeier, A and Caserman, P and Konrad, R and Göbel, S},
	year         = 2017,
	journal      = {Lecture Notes in Computer Science (including subseries Lecture Notes in Artificial Intelligence and Lecture Notes in Bioinformatics)},
	volume       = {10622 LNCS},
	pages        = {203--211},
	issn         = {03029743},
	editor       = {Alcaniz M. Gobel S., Ma M Baalsrud Hauge J Marsh T Fradinho Oliveira M}
}
@article{gary_ecological_1991,
	title        = {An ecological theory of motion sickness and postural instability},
	author       = {Gary, Riccio and Thomas, Stoffregen},
	year         = 1991,
	journal      = {Ecological Psychology},
	volume       = 3,
	number       = 3,
	pages        = {195--240}
}
@article{gerber_comparing_2019,
	title        = {Comparing the relaxing effects of different virtual reality environments in the intensive care unit: Observational study},
	author       = {Gerber, S M and Jeitziner, M.-M. and Sänger, S D and Knobel, S E J and Marchal-Crespo, L and Müri, R M and Schefold, J C and Jakob, S M and Nef, T},
	year         = 2019,
	journal      = {Journal of Medical Internet Research},
	volume       = 21,
	number       = 11,
	issn         = 14388871
}
@article{gerber_perception_2019,
	title        = {Perception and Performance on a Virtual Reality Cognitive Stimulation for Use in the Intensive Care Unit: A Non-randomized Trial in Critically Ill Patients},
	author       = {Gerber, S M and Jeitziner, M.-M. and Knobel, S E J and Mosimann, U P and Müri, R M and Jakob, S M and Nef, T},
	year         = 2019,
	journal      = {Frontiers in Medicine},
	volume       = 6,
	issn         = {2296858X}
}
@article{geuss_space_2020,
	title        = {Space Perception in Augmented Reality: Emerging Recommendations for Tailoring Distance Cues to Virtual Content in Augmented-Reality Applications},
	author       = {Geuss, Michael and Bakdash, Jonathan and Moore, Shannon and Marusich, Laura Ranee and Holder, Eric and Campanelli, Joe},
	year         = 2020
}
@book{gibson_ecological_1979,
	title        = {The Ecological Approach to Visual Perception},
	author       = {Gibson, James J.},
	year         = 1979,
	publisher    = {Psychology Press}
}
@article{gibson_parallax_1955,
	title        = {Parallax and Perspective during Aircraft Landings},
	author       = {Gibson, James J. and Olum, Paul and Rosenblatt, Frank},
	year         = 1955,
	journal      = {Am. J. Psychol.},
	volume       = 68,
	number       = 3,
	pages        = 372,
	issn         = {00029556},
	pmid         = 13248971
}
@book{gibson_senses_1966,
	title        = {The senses considered as perceptual systems},
	author       = {Gibson, James Jerome and Carmichael, Leonard},
	year         = 1966,
	publisher    = {Houghton Mifflin Boston},
	volume       = 2,
	number       = 1
}
@article{gibson_visual_1960,
	title        = {The "visual cliff".},
	author       = {Gibson, Eleanor J and Walk, Richard D},
	year         = 1960,
	journal      = {Scientific American},
	volume       = 202,
	pages        = {64--71}
}
@inproceedings{glemarec_scalability_2019,
	title        = {A Scalability Benchmark for a Virtual Audience Perception Model in Virtual Reality},
	author       = {Glemarec, Yann and Bosser, Anne-Gwenn and Buche, Cedric and Lugrin, Jean-Luc and Landeck, Maximilian and Latoschik, Marc Erich and Chollet, Mathieu},
	year         = 2019,
	booktitle    = {25th ACM Symposium on Virtual Reality Software and Technology},
	publisher    = {ACM}
}
@inproceedings{gradl_stroop_2019,
	title        = {The Stroop Room: A Virtual Reality-Enhanced Stroop Test},
	author       = {Gradl, Stefan and Wirth, Markus and Mächtlinger, Nico and Poguntke, Romina and Wonner, Andrea and Rohleder, Nicolas and Eskofier, Bjoern M},
	year         = 2019,
	booktitle    = {25th ACM Symposium on Virtual Reality Software and Technology},
	publisher    = {ACM}
}
@article{graeber_gender_2002,
	title        = {Gender Differences in Visually Induced Motion Sickness},
	author       = {Graeber, David A and Stanney, Kay M},
	year         = 2002,
	journal      = {Proc. of the Human Factors and Ergonomics Society Annual Meeting},
	volume       = 46,
	number       = 26,
	pages        = {2109--2113}
}
@article{grechkin_how_2010,
	title        = {How does presentation method and measurement protocol affect distance estimation in real and virtual environments?},
	author       = {Grechkin, Timofey Y. and Nguyen, Tien Dat and Plumert, Jodie M. and Cremer, James F. and Kearney, Joseph K.},
	year         = 2010,
	journal      = {ACM TAP},
	volume       = 7,
	number       = 4,
	pages        = {1--18},
	issn         = {1544-3558}
}
@inproceedings{grechkin_revisiting_2016,
	title        = {Revisiting detection thresholds for redirected walking},
	author       = {Grechkin, Timofey and Thomas, Jerald and Azmandian, Mahdi and Bolas, Mark and Suma, Evan},
	year         = 2016,
	booktitle    = {Proc. of the SAP},
	publisher    = {ACM},
	pages        = {113--120}
}
@inproceedings{grinyer_effects_2022,
	title        = {Effects of Field of View on Dynamic Out-of-View Target Search in Virtual Reality},
	author       = {Grinyer, Kristen and Teather, Robert J.},
	year         = 2022,
	booktitle    = {IEEE {VR}},
	pages        = {139--148}
}
@article{groth_cybersickness_2024,
	title        = {Cybersickness Reduction via Gaze-Contingent Image Deformation},
	author       = {Groth, Colin and Magnor, Marcus and Grogorick, Steve and Eisemann, Martin and Didyk, Piotr},
	year         = 2024,
	journal      = {ACM TOG},
	volume       = 43,
	number       = 4
}
@article{groth_omnidirectional_2022,
	title        = {Omnidirectional Galvanic Vestibular Stimulation in Virtual Reality},
	author       = {Groth, Colin and Tauscher, Jan-Philipp and Heesen, Nikkel and Hattenbach, Max and Castillo, Susana and Magnor, Marcus},
	year         = 2022,
	journal      = {IEEE TVCG},
	volume       = 28,
	number       = 5,
	pages        = {2234--2244}
}
@inproceedings{groth_visual_2021,
	title        = {Visual Techniques to Reduce Cybersickness in Virtual Reality},
	author       = {Groth, Colin and Tauscher, Jan-Philipp and Heesen, Nikkel and Castillo, Susana and Magnor, Marcus},
	year         = 2021,
	booktitle    = {IEEE {VR}W},
	pages        = {486--487}
}
@article{gruenefeld_behind_2020,
	title        = {Behind the Scenes: Comparing X-Ray Visualization Techniques in Head-mounted Optical See-through Augmented Reality},
	author       = {Gruenefeld, Uwe and Brück, Yvonne and Boll, Susanne},
	year         = 2020,
	journal      = {ACM International Conference Proceeding Series},
	number       = {November},
	pages        = {179--185}
}
@article{guerraz_visual_2001,
	title        = {Visual vertigo: Symptom assessment, spatial orientation and postural control},
	author       = {Guerraz, M. and Yardley, L. and Bertholon, P. and Pollak, L. and Rudge, P. and Gresty, M. A. and Bronsteinn, Adolfo M.},
	year         = 2001,
	journal      = {Brain},
	volume       = 124,
	number       = 8,
	pages        = {1646--1656},
	issn         = {00068950},
	pmid         = 11459755
}
@inproceedings{gugenheimer_nomadic_2016,
	title        = {Nomadic Virtual Reality: Exploring New Interaction Concepts for Mobile Virtual Reality Head-Mounted Displays},
	author       = {Gugenheimer, Jan},
	year         = 2016,
	booktitle    = {Proc. of the 29th Annual Symposium on User Interface Software and Technology},
	publisher    = {ACM},
	pages        = {9--12}
}
@inproceedings{han_foldable_2022,
	title        = {Foldable Spaces: An Overt Redirection Approach for Natural Walking in Virtual Reality},
	author       = {Han, Jihae and Moere, Andrew Vande and Simeone, Adalberto L.},
	year         = 2022,
	booktitle    = {2022 IEEE {VR}},
	pages        = {167--175}
}
@incollection{hart_development_1988,
	title        = {Development of NASA-TLX (Task Load Index): Results of Empirical and Theoretical Research},
	author       = {Hart, Sandra G. and Staveland, Lowell E.},
	year         = 1988,
	booktitle    = {Journal of Software Engineering and Applications},
	volume       = {07},
	number       = 11,
	pages        = {139--183}
}
@article{harvie_illusion-enhanced_2020,
	title        = {Illusion-enhanced Virtual Reality Exercise for Neck Pain: A Replicated Single Case Series},
	author       = {Harvie, D S and Smith, R T and Moseley, G L and Meulders, A and Michiels, B and Sterling, M},
	year         = 2020,
	journal      = {Clinical Journal of Pain},
	volume       = 36,
	number       = 2,
	pages        = {101--109},
	issn         = {07498047}
}

@inproceedings{hashemian_investigating_2018,
	title        = {Investigating a Sparse Peripheral Display in a Head-Mounted Display for {VR} Locomotion},
	author       = {Hashemian, A M and Kitson, A and Nquyen-Vo, T and Benko, H and Stuerzlinger, W and Riecke, B E},
	year         = 2018,
	booktitle    = {IEEE {VR}},
	pages        = {571--572}
}
@inproceedings{henriksen_virtual_2017,
	title        = {A Virtual Reality System for Treatment of Phantom Limb Pain Using Game Training and Tactile Feedback},
	author       = {Henriksen, Bartal and Nielsen, Ronni and Kraus, Martin and Geng, Bo},
	year         = 2017,
	booktitle    = {Proc. of the Virtual Reality International Conference - Laval Virtual 2017},
	publisher    = {ACM}
}
@inproceedings{hertel_augmented_2021,
	title        = {Augmented Reality for Maritime Navigation Assistance - Egocentric Depth Perception in Large Distance Outdoor Environments},
	author       = {Hertel, Julia and Steinicke, Frank},
	year         = 2021,
	booktitle    = {2021 IEEE Virtual Reality and 3D User Interfaces ({VR})},
	publisher    = {IEEE},
	pages        = {122--130}
}
@article{hettinger_vection_1990,
	title        = {Vection and Simulator Sickness},
	author       = {Hettinger, Lawrence J. and Berbaum, Kevin S. and Kennedy, Robert S. and Dunlap, William P. and Nolan, Margaret D.},
	year         = 1990,
	journal      = {Military Psychology},
	volume       = 2,
	number       = 3,
	pages        = {171--181},
	issn         = {0899-5605}
}
@article{hettinger_visually_1992,
	title        = {Visually Induced Motion Sickness in Virtual Environments},
	author       = {Hettinger, Lawrence J. and Riccio, Gary E.},
	year         = 1992,
	journal      = {Presence: Teleoperators and Virtual Environments},
	volume       = 1,
	number       = 3,
	pages        = {306--310},
	issn         = {1054-7460}
}
@inproceedings{hinckley_passive_1994,
	title        = {Passive real-world interface props for neurosurgical visualization},
	author       = {Hinckley, Ken and Pausch, Randy and Goble, John C. and Kassell, Neal F},
	year         = 1994,
	booktitle    = {Proc. of CHI celebrating interdependence - CHI '94},
	publisher    = {ACM Press},
	pages        = {452--458}
}
@article{hodgson_redirected_2011,
	title        = {Redirected walking to explore virtual environments: Assessing the potential for spatial interference},
	author       = {Hodgson, Eric and Bachmann, Eric and Waller, David},
	year         = 2011,
	journal      = {ACM TAP},
	volume       = 8,
	number       = 4,
	pages        = {1--22},
	issn         = 15443558
}
@article{horvath_analysis_2020,
	title        = {Analysis of Improvement Potentials in Current Virtual Reality Applications by Using Different Ways of Locomotion},
	author       = {Horvath, N and Pfiel, S and Tiefenbacher, F and Schuster, R and Reiner, M},
	year         = 2020,
	journal      = {Communications in Computer and Information Science},
	volume       = {1251 CCIS},
	pages        = {807--819},
	issn         = 18650929,
	editor       = {Yilmaz M. Clarke P., Niemann J Messnarz R}
}
@inproceedings{houzangbe_integrability_2018,
	title        = {Integrability and Reliability of Smart Wearables in Virtual Reality Experiences: A Subjective Review},
	author       = {Houzangbe, Samory and Christmann, Olivier and Gorisse, Geoffrey and Richir, Simon},
	year         = 2018,
	booktitle    = {Proc. of the Virtual Reality International Conference - Laval Virtual},
	publisher    = {ACM}
}
@article{howard_circular_1989,
	title        = {Circular Vection as a Function of the Relative Sizes, Distances, and Positions of Two Competing Visual Displays},
	author       = {Howard, Ian P. and Heckmann, Thomas},
	year         = 1989,
	journal      = {Perception},
	volume       = 18,
	number       = 5,
	pages        = {657--665},
	issn         = {0301-0066}
}
@book{howard_human_1982,
	title        = {Human visual orientation},
	author       = {Howard, Ian P},
	year         = 1982,
	publisher    = {Wiley}
}
@inproceedings{hsiao_parallel_2019,
	title        = {Parallel Adaptive Frameless Rendering with NVIDIA OptiX},
	author       = {Hsiao, Chung-Che and Watson, Benjamin},
	year         = 2019,
	booktitle    = {SIGGRAPH Asia 2019 Posters},
	publisher    = {ACM}
}
@article{hu_reducing_2019,
	title        = {Reducing Simulator Sickness with Perceptual Camera Control},
	author       = {Hu, Ping and Sun, Qi and Didyk, Piotr and Wei, Li-Yi and Kaufman, Arie E},
	year         = 2019,
	journal      = {ACM TOG},
	volume       = 38,
	number       = 6,
	issn         = {0730-0301}
}
@inproceedings{huang_using_2021,
	title        = {Using Audio Reverberation to Compensate Distance Compression in Virtual Reality},
	author       = {Huang, Yi-Hsuan and Venkatakrishnan, Roshan and Venkatakrishnan, Rohith and Babu, Sabarish V. and Lin, Wen-Chieh},
	year         = 2021,
	booktitle    = {SAP 2021},
	publisher    = {ACM},
	pages        = {1--10}
}
@article{hullman_hypothetical_2015,
	title        = {Hypothetical Outcome Plots Outperform Error Bars and Violin Plots for Inferences about Reliability of Variable Ordering},
	author       = {Hullman, Jessica and Resnick, Paul and Adar, Eytan},
	year         = 2015,
	journal      = {PLOS ONE},
	volume       = 10,
	number       = 11,
	pages        = {e0142444},
	issn         = {1932-6203},
	editor       = {Papaleo, Elena},
	pmid         = 26571487
}
@article{hullman_imagining_2018,
	title        = {Imagining Replications: Graphical Prediction \&amp; Discrete Visualizations Improve Recall \&amp; Estimation of Effect Uncertainty},
	author       = {Hullman, Jessica and Kay, Matthew and Kim, Yea-Seul and Shrestha, Samana},
	year         = 2018,
	journal      = {IEEE TVCG},
	volume       = 24,
	number       = 1,
	pages        = {446--456},
	issn         = {1077-2626},
	pmid         = 28866501
}
@article{hullman_pursuit_2019,
	title        = {In Pursuit of Error: A Survey of Uncertainty Visualization Evaluation},
	author       = {Hullman, Jessica and Qiao, Xiaoli and Correll, Michael and Kale, Alex and Kay, Matthew},
	year         = 2019,
	journal      = {IEEE TVCG},
	volume       = 25,
	number       = 1,
	pages        = {903--913},
	issn         = 19410506
}
@article{hullman_why_2020,
	title        = {Why Authors Don ' t Visualize Uncertainty},
	author       = {Hullman, Jessica},
	year         = 2020,
	volume       = 26,
	number       = 1,
	pages        = {130--139}
}
@inproceedings{hunt_high_2018,
	title        = {High Computer Gaming Experience May Cause Higher Virtual Reality Sickness},
	author       = {Hunt, Xavier and Potter, Leigh Ellen},
	year         = 2018,
	booktitle    = {Proc. of the 30th Australian Conference on Computer-Human Interaction},
	publisher    = {ACM},
	pages        = {598--601}
}
@article{hutton_individualized_2018,
	title        = {Individualized Calibration of Rotation Gain Thresholds for RedirectedWalking},
	author       = {Hutton, C. and Ziccardi, S. and Medina, J. and Rosenberg, E. Suma},
	year         = 2018,
	journal      = {ICAT-EGVE 2018 - 28th International Conference on Artificial Reality and Telexistence and 23rd Eurographics Symposium on Virtual Environments},
	pages        = {61--64}
}
@article{ihemedu-steinke_simulation_2017,
	title        = {Simulation sickness related to virtual reality driving simulation},
	author       = {Ihemedu-Steinke, Q C and Rangelova, S and Weber, M and Erbach, R and Meixner, G and Marsden, N},
	year         = 2017,
	journal      = {Lecture Notes in Computer Science (including subseries Lecture Notes in Artificial Intelligence and Lecture Notes in Bioinformatics)},
	volume       = 10280,
	pages        = {521--532},
	issn         = {03029743}
}
@inproceedings{ikei_live_2019,
	title        = {Live Stereoscopic 3D Image with Constant Capture Direction of 360{\textasciicircum}{\textbackslash}circ Cameras for High-Quality Visual Telepresence},
	author       = {Ikei, Y and Yem, V and Tashiro, K and Fujie, T and Amemiya, T and Kitazaki, M},
	year         = 2019,
	booktitle    = {2019 IEEE {VR}},
	pages        = {431--439}
}
@inproceedings{illing_evaluation_2020,
	title        = {Evaluation of Immersive Teleoperation Systems using Standardized Tasks and Measurements},
	author       = {Illing, B and Westhoven, M and Gaspers, B and Smets, N and Brüggemann, B and Mathew, T},
	year         = 2020,
	booktitle    = {2020 29th IEEE International Conference on Robot and Human Interactive Communication (RO-MAN)},
	pages        = {278--285}
}
@article{inglis_effect_1995,
	title        = {Effect of galvanic vestibular stimulation on human postural responses during support surface translations},
	author       = {Inglis, J. T. and Shupert, C. L. and Hlavacka, F. and Horak, F. B.},
	year         = 1995,
	journal      = {Journal of Neurophysiology},
	volume       = 73,
	number       = 2,
	pages        = {896--901},
	issn         = {0022-3077},
	pmid         = 7760147
}
@inproceedings{interrante_distance_2009,
	title        = {Distance Perception in Immersive Virtual Environments, Revisited},
	author       = {Interrante, Victoria and Ries, Brian and Anderson, Lee},
	year         = 2009,
	booktitle    = {IEEE Virtual Reality Conference ({VR} 2006)},
	publisher    = {IEEE},
	pages        = {3--10}
}
@article{interrante_seven_2007,
	title        = {Seven league boots: A new metaphor for augmented locomotion through moderately large scale immersive virtual environments},
	author       = {Interrante, Victoria and Ries, Brian and Anderson, Lee},
	year         = 2007,
	journal      = {IEEE Symposium on 3D User Interfaces 2007 - Proc., 3DUI 2007},
	pages        = {167--170}
}
@article{isableu_selection_1997,
	title        = {Selection of spatial frame of reference and postural control variability},
	author       = {Isableu, Brice and Ohlmann, Théophile and Crémieux, Jacques and Amblard, Bernard},
	year         = 1997,
	journal      = {Experimental Brain Research},
	volume       = 114,
	number       = 3,
	pages        = {584--589},
	issn         = {00144819},
	pmid         = 9187294
}
@inproceedings{iskenderova_drunk_2017,
	title        = {Drunk Virtual Reality Gaming: Exploring the Influence of Alcohol on Cybersickness},
	author       = {Iskenderova, Aliya and Weidner, Florian and Broll, Wolfgang},
	year         = 2017,
	booktitle    = {Proc. of the Annual Symposium on Computer-Human Interaction in Play},
	publisher    = {ACM},
	pages        = {561--572}
}
@article{islam_cybersickness_2021,
	title        = {Cybersickness prediction from integrated HMD's sensors: A Multimodal Deep Fusion Approach using Eye-tracking and Head-tracking Data},
	author       = {Islam, Rifatul and Desai, Kevin and Quarles, John},
	year         = 2021,
	journal      = {IEEE ISMAR},
	pages        = {31--40}
}
@inproceedings{islam_towards_2022,
	title        = {Towards Forecasting the Onset of Cybersickness by Fusing Physiological, Head-tracking and Eye-tracking with Multimodal Deep Fusion Network},
	author       = {Islam, Rifatul and Desai, Kevin and Quarles, John},
	year         = 2022,
	booktitle    = {IEEE ISMAR},
	pages        = {121--130}
}
@inproceedings{ivkovic_quantifying_2015,
	title        = {Quantifying and Mitigating the Negative Effects of Local Latencies on Aiming in 3D Shooter Games},
	author       = {Ivkovic, Zenja and Stavness, Ian and Gutwin, Carl and Sutcliffe, Steven},
	year         = 2015,
	booktitle    = {Proc. of the 33rd Annual ACM Conference on Human Factors in Computing Systems},
	publisher    = {ACM},
	pages        = {135--144}
}
@inproceedings{jacob_habgood_rapid_2018,
	title        = {Rapid, Continuous Movement Between Nodes as an Accessible Virtual Reality Locomotion Technique},
	author       = {Jacob Habgood, M P and Moore, David and Wilson, David and Alapont, Sergio},
	year         = 2018,
	booktitle    = {2018 IEEE {VR}},
	publisher    = {IEEE},
	pages        = {371--378}
}
@inproceedings{jang_electrophysiological_2020,
	title        = {Electrophysiological Changes in the Virtual Reality Sickness: EEG in the {VR} Sickness},
	author       = {Jang, Kyoung-Mi and Shin Woo, Ye and Kyoon Lim, Hyun},
	year         = 2020,
	booktitle    = {The 25th International Conference on 3D Web Technology},
	publisher    = {ACM}
}
@article{jones_peripheral_2013,
	title        = {Peripheral Stimulation and its Effect on Perceived Spatial Scale in Virtual Environments},
	author       = {Jones, J. Adam and Swan II, J. Edward and Bolas, Mark},
	year         = 2013,
	journal      = {IEEE TVCG},
	volume       = 19,
	number       = 4,
	pages        = {701--710}
}
@inproceedings{joo_effects_2024,
	title        = {The Effects of False but Stable Heart Rate Feedback on Cybersickness and User Experience in Virtual Reality},
	author       = {Joo, Dongyun and Kim, Hanseob and Kim, Gerard Jounghyun},
	year         = 2024,
	booktitle    = {Proc. of CHI},
	publisher    = {ACM}
}
@article{joshi_implementing_2021,
	title        = {Implementing Virtual Reality technology for safety training in the precast/ prestressed concrete industry.},
	author       = {Joshi, Sayali and Hamilton, Michael and Warren, Robert and Faucett, Danny and Tian, Wenmeng and Wang, Yu and Ma, Junfeng},
	year         = 2021,
	journal      = {Applied ergonomics},
	volume       = 90,
	pages        = 103286,
	issn         = {1872-9126 (Electronic)},
	language     = {eng},
	pmid         = 33080561
}
@article{joslyn_uncertainty_2012,
	title        = {Uncertainty forecasts improve weather-related decisions and attenuate the effects of forecast error.},
	author       = {Joslyn, Susan L. and LeClerc, Jared E.},
	year         = 2012,
	journal      = {Journal of Experimental Psychology: Applied},
	volume       = 18,
	number       = 1,
	pages        = {126--140},
	issn         = {1939-2192},
	pmid         = 21875244
}
@inproceedings{jung_displayed_2015,
	title        = {Displayed Uncertainty Improves Driving Experience and Behavior},
	author       = {Jung, Malte F. and Sirkin, David and Gür, Turgut M. and Steinert, Martin},
	year         = 2015,
	booktitle    = {Proc. of the 33rd Annual ACM Conference on Human Factors in Computing Systems},
	publisher    = {ACM},
	volume       = {2015-April},
	pages        = {2201--2210}
}
@article{jung_floor-vibration_2021,
	title        = {Floor-vibration {VR}: Mitigating Cybersickness Using Whole-body Tactile Stimuli in Highly Realistic Vehicle Driving Experiences},
	author       = {Jung, Sungchul and Li, Richard and McKee, Ryan and Whitton, Mary C. and Lindeman, Robert W.},
	year         = 2021,
	journal      = {IEEE TVCG},
	volume       = 27,
	number       = 5,
	pages        = {2669--2680},
	issn         = 19410506,
	pmid         = 33760736
}
@inproceedings{jung_redirected_2019,
	title        = {Redirected Jumping: Perceptual Detection Rates for Curvature Gains},
	author       = {Jung, Sungchul and Borst, Christoph W and Hoermann, Simon and Lindeman, Robert W},
	year         = 2019,
	booktitle    = {Proc. of the 32nd Annual ACM Symposium on User Interface Software and Technology},
	publisher    = {ACM},
	pages        = {1085--1092}
}
@article{kale_visual_2021,
	title        = {Visual reasoning strategies for effect size judgments and decisions},
	author       = {Kale, Alex and Kay, Matthew and Hullman, Jessica},
	year         = 2021,
	journal      = {IEEE TVCG},
	volume       = 27,
	number       = 2,
	pages        = {272--282},
	issn         = 19410506,
	pmid         = 33048681
}
@article{kalkofen_comprehensible_2009,
	title        = {Comprehensible Visualization for Augmented Reality},
	author       = {Kalkofen, Denis and Mendez, Erick and Schmalstieg, Dieter},
	year         = 2009,
	journal      = {IEEE TVCG},
	volume       = 15,
	number       = 2,
	pages        = {193--204},
	issn         = {1077-2626},
	pmid         = 19147885
}
@article{kalman_new_1961,
	title        = {New Results in Linear Filtering and Prediction Theory},
	author       = {Kalman, R. E. and Bucy, R. S.},
	year         = 1961,
	journal      = {Journal of Basic Engineering},
	volume       = 83,
	number       = 1,
	pages        = {95--108},
	issn         = {0021-9223}
}
@inproceedings{kameda_outdoor_2004,
	title        = {Outdoor See-Through Vision Utilizing Surveillance Cameras},
	author       = {Kameda, Yoshinari and Takemasa, Taisuke and Ohta, Yuichi},
	year         = 2004,
	booktitle    = {Third IEEE and ACM International Symposium on Mixed and Augmented Reality},
	publisher    = {IEEE},
	pages        = {151--160}
}
@inproceedings{kay_when_2016,
	title        = {When (ish) is My Bus?},
	author       = {Kay, Matthew and Kola, Tara and Hullman, Jessica R. and Munson, Sean A.},
	year         = 2016,
	booktitle    = {Proc. of the 2016 CHI Conference on Human Factors in Computing Systems},
	publisher    = {ACM},
	pages        = {5092--5103}
}
@article{kelly_teleporting_2020,
	title        = {Teleporting through virtual environments: Effects of path scale and environment scale on spatial updating},
	author       = {Kelly, Jonathan W. and Ostrander, Alec G. and Lim, Alex F. and Cherep, Lucia A. and Gilbert, Stephen B.},
	year         = 2020,
	journal      = {IEEE TVCG},
	volume       = 26,
	number       = 5,
	pages        = {1841--1850},
	issn         = {1077-2626}
}
@book{kemeny_getting_2020,
	title        = {Getting Rid of Cybersickness},
	author       = {Kemeny, Andras and Chardonnet, Jean-Rémy and Colombet, Florent},
	year         = 2020,
	publisher    = {Springer International Publishing}
}
@article{kennedy_postural_1996,
	title        = {Postural instability induced by virtual reality exposure: Development of a certification protocol},
	author       = {Kennedy, Robert S. and Stanney, Kay M.},
	year         = 1996,
	journal      = {Int. J. Hum. Comput.},
	volume       = 8,
	number       = 1,
	pages        = {25--47},
	issn         = {1044-7318}
}
@article{kennedy_research_2010,
	title        = {Research in visually induced motion sickness},
	author       = {Kennedy, Robert S. and Drexler, Julie and Kennedy, Robert C.},
	year         = 2010,
	journal      = {Applied Ergonomics},
	volume       = 41,
	number       = 4,
	pages        = {494--503},
	issn         = {00036870}
}
@article{kennedy_simulator_1993,
	title        = {Simulator Sickness Questionnaire: An Enhanced Method for Quantifying Simulator Sickness},
	author       = {Kennedy, Robert S and Lane, Norman E and Berbaum, Kevin S and Lilienthal, Michael G},
	year         = 1993,
	journal      = {Int. J. Aerosp. Psychol.},
	volume       = 3,
	number       = 3,
	pages        = {203--220},
	issn         = {1050-8414}
}
@article{keshavarz_exploring_2016,
	title        = {Exploring behavioral methods to reduce visually induced motion sickness in virtual environments},
	author       = {Keshavarz, B},
	year         = 2016,
	journal      = {Lecture Notes in Computer Science (including subseries Lecture Notes in Artificial Intelligence and Lecture Notes in Bioinformatics)},
	volume       = 9740,
	pages        = {147--155},
	issn         = {03029743},
	editor       = {Lackey S., Shumaker R}
}
@article{keshavarz_validating_2011,
	title        = {Validating an Efficient Method to Quantify Motion Sickness},
	author       = {Keshavarz, Behrang and Hecht, Heiko},
	year         = 2011,
	journal      = {Human Factors},
	volume       = 53,
	number       = 4,
	pages        = {415--426},
	issn         = {0018-7208}
}
@article{kim_bayesian_2019,
	title        = {A Bayesian cognition approach to improve data visualization},
	author       = {Kim, Yea Seul and Walls, Logan A. and Krafft, Peter and Hullman, Jessica},
	year         = 2019,
	journal      = {Conference on Human Factors in Computing Systems - Proc.},
	pages        = {1--14}
}
@article{kim_deep_2020,
	title        = {A Deep Motion Sickness Predictor Induced by Visual Stimuli in Virtual Reality},
	author       = {Kim, Jinwoo and Oh, Heeseok and Kim, Woojae and Choi, Seonghwa and Son, Wookho and Lee, Sanghoon},
	year         = 2020,
	journal      = {IEEE Transactions on Neural Networks and Learning Systems},
	pages        = {1--13},
	issn         = {2162-237X}
}
@inproceedings{kim_display_2022,
	title        = {Display Size and Targeting Performance: Small Hurts, Large May Help},
	author       = {Kim, Joohwan and Madhusudan, Arjun and Watson, Benjamin and Boudaoud, Ben and Tarrazo, Roland and Spjut, Josef},
	year         = 2022,
	booktitle    = {SIGGRAPH Asia'22},
	publisher    = {ACM},
	pages        = {1--8}
}
@article{kim_dynamically_2023,
	title        = {Dynamically Adjusted and Peripheral Visualization of Reverse Optical Flow for {VR} Sickness Reduction},
	author       = {Kim, Songmin and Kim, Gerard J.},
	year         = 2023,
	journal      = {Electronics},
	volume       = 12,
	number       = 4,
	pages        = 861,
	issn         = {2079-9292}
}
@article{kim_effect_2019,
	title        = {The effect of retinal eccentricity on visually induced motion sickness and postural control},
	author       = {Kim, N.-G. and Kim, B.-S.},
	year         = 2019,
	journal      = {Applied Sciences (Switzerland)},
	volume       = 9,
	number       = 9,
	issn         = 20763417
}
@article{kim_effect_2020,
	title        = {Effect of motion cues on simulator sickness in a flight simulator},
	author       = {Kim, J and Hwang, J and Park, T},
	year         = 2020,
	journal      = {Lecture Notes in Computer Science (including subseries Lecture Notes in Artificial Intelligence and Lecture Notes in Bioinformatics)},
	volume       = {12190 LNCS},
	pages        = {493--506},
	issn         = {03029743},
	editor       = {Chen J.Y.C., Fragomeni G}
}
@article{kim_effective_2018,
	title        = {An effective FoV restriction approach to mitigate {VR} sickness on mobile devices},
	author       = {Kim, S and Lee, S and Kala, N and Lee, J and Choe, W},
	year         = 2018,
	journal      = {Journal of the Society for Information Display},
	volume       = 26,
	number       = 6,
	pages        = {376--384},
	issn         = 10710922
}
@article{kinkeldey_evaluating_2017,
	title        = {Evaluating the effect of visually represented geodata uncertainty on decision-making: systematic review, lessons learned, and recommendations},
	author       = {Kinkeldey, Christoph and MacEachren, Alan M. and Riveiro, Maria and Schiewe, Jochen},
	year         = 2017,
	journal      = {Cartography and Geographic Information Science},
	volume       = 44,
	number       = 1,
	pages        = {1--21},
	issn         = 15450465
}
@article{kinkeldey_how_2014,
	title        = {How to assess visual communication of uncertainty? a systematic review of geospatial uncertainty visualisation user studies},
	author       = {Kinkeldey, Christoph and MacEachren, Alan M. and Schiewe, Jochen},
	year         = 2014,
	journal      = {Cartographic Journal},
	volume       = 51,
	number       = 4,
	pages        = {372--386},
	issn         = 17432774
}
@article{kinsella_frequency_2016,
	title        = {Frequency, Not Amplitude, of Latency Affects Subjective Sickness in a Head-Mounted Display.},
	author       = {Kinsella, Amelia and Mattfeld, Ryan and Muth, Eric and Hoover, Adam},
	year         = 2016,
	journal      = {Aerospace medicine and human performance},
	volume       = 87,
	number       = 7,
	pages        = {604--609},
	issn         = {2375-6314 (Print)},
	language     = {eng},
	pmid         = 27503039
}
@article{koch_neurophysiology_2018,
	title        = {The Neurophysiology and Treatment of Motion Sickness.},
	author       = {Koch, Andreas and Cascorbi, Ingolf and Westhofen, Martin and Dafotakis, Manuel and Klapa, Sebastian and Kuhtz-Buschbeck, Johann Peter},
	year         = 2018,
	journal      = {Deutsches Arzteblatt international},
	volume       = 115,
	number       = 41,
	pages        = {687--696},
	issn         = {1866-0452 (Electronic)},
	language     = {eng},
	pmid         = 30406755
}
@inproceedings{kocur_effects_2020,
	title        = {The Effects of Self- and External Perception of Avatars on Cognitive Task Performance in Virtual Reality},
	author       = {Kocur, Martin and Schauhuber, Philipp and Schwind, Valentin and Wolff, Christian and Henze, Niels},
	year         = 2020,
	booktitle    = {26th ACM Symposium on Virtual Reality Software and Technology},
	publisher    = {ACM}
}
@inproceedings{kohli_beyond_2022,
	title        = {Beyond Flicker, Beyond Blur: View-coherent Metameric Light Fields for Foveated Display},
	author       = {Kohli, Prithvi and Walton, David R. and Anios, Rafael Kuffner dos and Steed, Anthony and Ritschel, Tobias},
	year         = 2022,
	booktitle    = {2022 IEEE {VR}W},
	publisher    = {IEEE},
	pages        = {602--603}
}
@article{kohli_redirected_2012,
	title        = {Redirected touching: The effect of warping space on task performance},
	author       = {Kohli, Luv and Whitton, Mary C. and Brooks, Frederick P.},
	year         = 2012,
	journal      = {IEEE Symposium on 3D User Interfaces 2012, 3DUI 2012 - Proc.},
	pages        = {105--112}
}
@article{konczak_effects_1994,
	title        = {Effects of Optic Flow on the Kinematics of Human Gait: A Comparison of Young and Older Adults},
	author       = {Konczak, Jürgen},
	year         = 1994,
	journal      = {Journal of Motor Behavior},
	volume       = 26,
	number       = 3,
	pages        = {225--236},
	issn         = {0022-2895}
}
@article{konrad_gaze-contingent_2020,
	title        = {Gaze-Contingent Ocular Parallax Rendering for Virtual Reality},
	author       = {Konrad, Robert and Angelopoulos, Anastasios and Wetzstein, Gordon},
	year         = 2020,
	journal      = {ACM TOG},
	volume       = 39,
	number       = 2,
	issn         = {0730-0301}
}
@article{kourtesis_validation_2019,
	title        = {Validation of the Virtual Reality Neuroscience Questionnaire: Maximum Duration of Immersive Virtual Reality Sessions Without the Presence of Pertinent Adverse Symptomatology.},
	author       = {Kourtesis, Panagiotis and Collina, Simona and Doumas, Leonidas A A and MacPherson, Sarah E},
	year         = 2019,
	journal      = {Frontiers in human neuroscience},
	volume       = 13,
	pages        = 417,
	issn         = {1662-5161 (Print)},
	language     = {eng},
	pmid         = 31849627
}
@inproceedings{kraus_preference_2020,
	title        = {On the preference for travel by steering in a virtual reality game},
	author       = {Kraus, M},
	year         = 2020,
	booktitle    = {VISIGRAPP 2020 - Proc. of the 15th International Joint Conference on Computer Vision, Imaging and Computer Graphics Theory and Applications},
	publisher    = {SciTePress},
	volume       = 1,
	pages        = {341--346},
	editor       = {Bouatouch K. Sousa A.A., Braz J}
}
@article{kruger_clearview_2006,
	title        = {ClearView: An Interactive Context Preserving Hotspot Visualization Technique},
	author       = {Kruger, Jens and Schneider, Jens and Westermann, Rudiger},
	year         = 2006,
	journal      = {IEEE TVCG},
	volume       = 12,
	number       = 5,
	pages        = {941--948},
	issn         = {1077-2626},
	pmid         = 17080820
}
@article{kruijff_perceptual_2010,
	title        = {Perceptual issues in augmented reality revisited},
	author       = {Kruijff, Ernst and Swan, J. Edward and Feiner, Steven},
	year         = 2010,
	journal      = {9th IEEE International Symposium on Mixed and Augmented Reality 2010: Science and Technology, ISMAR 2010 - Proc.},
	pages        = {3--12}
}
@article{kruijff_upper_2015,
	title        = {Upper body leaning can affect forward self-motion perception in virtual environments},
	author       = {Kruijff, Ernst and Riecke, Bernhard E. and Trepkowski, Christina and Kitson, Alexandra},
	year         = 2015,
	journal      = {SUI 2015 - Proc. of the 3rd ACM Symposium on Spatial User Interaction},
	pages        = {103--112}
}
@article{kyto_stereoscopic_2014,
	title        = {Stereoscopic depth perception in video see-through augmented reality within action space},
	author       = {Kytö, Mikko and Mäkinen, Aleksi and Tossavainen, Timo and Oittinen, Pirkko},
	year         = 2014,
	journal      = {Journal of Electronic Imaging},
	volume       = 23,
	number       = 1,
	pages        = {011006},
	issn         = {1017-9909}
}
@article{la_viola_hands-free_2001,
	title        = {Hands-free multi-scale navigation in virtual environments},
	author       = {La Viola, Jr and Feliz, D. A. and Keefe, D. F. and Zeleznik, R. C.},
	year         = 2001,
	journal      = {Proc. of the Symposium on Interactive 3D Graphics},
	pages        = {9--15}
}
@article{lackner_motion_2009,
	title        = {Motion Sickness},
	author       = {Lackner, J. R.},
	year         = 2009,
	journal      = {Encyclopedia of Neuroscience},
	pages        = {989--993}
}
@article{lackner_motion_2014,
	title        = {Motion sickness: more than nausea and vomiting},
	author       = {Lackner, James R.},
	year         = 2014,
	journal      = {Experimental Brain Research},
	volume       = 232,
	number       = 8,
	pages        = {2493--2510},
	issn         = {0014-4819}
}
@article{lackner_velocity_2020,
	title        = {Velocity storage: its multiple roles},
	author       = {Lackner, James R. and DiZio, Paul},
	year         = 2020,
	journal      = {Journal of Neurophysiology},
	volume       = 123,
	number       = 3,
	pages        = {1206--1215},
	issn         = {0022-3077}
}
@article{landy_measurement_1995,
	title        = {Measurement and modeling of depth cue combination: in defense of weak fusion},
	author       = {Landy, Michael S. and Maloney, Laurence T. and Johnston, Elizabeth B. and Young, Mark},
	year         = 1995,
	journal      = {Vision Research},
	volume       = 35,
	number       = 3,
	pages        = {389--412},
	issn         = {00426989},
	pmid         = 7892735
}
@article{langbehn_blink_2018,
	title        = {In the Blink of an Eye: Leveraging Blink-Induced Suppression for Imperceptible Position and Orientation Redirection in Virtual Reality},
	author       = {Langbehn, Eike and Steinicke, Frank and Lappe, Markus and Welch, Gregory F. and Bruder, Gerd},
	year         = 2018,
	journal      = {ACM TOG},
	volume       = 37,
	number       = 4
}
@article{langbehn_evaluation_2015,
	title        = {Evaluation of an Omnidirectional Walking-in- Place User Interface with Virtual Locomotion Speed Scaled by Forward Leaning Angle},
	author       = {Langbehn, Eike and Eichler, Tobias and Ghose, Sobin and von Luck, Kai and Bruder, Gerd and Steinicke, Frank},
	year         = 2015,
	journal      = {Proc. of the GI Workshop on Virtual and Augmented Reality (GI {VR}/AR)},
	pages        = {149--160}
}
@inproceedings{langbehn_evaluation_2018,
	title        = {Evaluation of Locomotion Techniques for Room-Scale {VR}},
	author       = {Langbehn, Eike and Lubos, Paul and Steinicke, Frank},
	year         = 2018,
	booktitle    = {Proc. of the Virtual Reality International Conference},
	publisher    = {ACM},
	pages        = {1--9}
}
@inproceedings{langbehn_stimulating_2019,
	title        = {Stimulating the Brain in {VR}: Effects of Transcranial Direct-Current Stimulation on Redirected Walking},
	author       = {Langbehn, Eike and Steinicke, Frank and Koo-Poeggel, Ping and Marshall, Lisa and Bruder, Gerd},
	year         = 2019,
	booktitle    = {SAP 2019},
	publisher    = {ACM}
}
@inproceedings{lange_hivefive_2020,
	title        = {HiveFive: Immersion Preserving Attention Guidance in Virtual Reality},
	author       = {Lange, Daniel and Stratmann, Tim Claudius and Gruenefeld, Uwe and Boll, Susanne},
	year         = 2020,
	booktitle    = {Proc. of the 2020 CHI Conference on Human Factors in Computing Systems},
	publisher    = {ACM},
	pages        = {1--13}
}
@book{lavalle_planning_2006,
	title        = {Planning Algorithms},
	author       = {LaValle, S. M.},
	year         = 2006,
	publisher    = {Cambridge University Press},
	annote       = {Available at http://planning.cs.uiuc.edu/}
}
@book{laviola_3d_2017,
	title        = {3D User Interfaces: Theory and Practice},
	author       = {LaViola, Jr., Joseph J. and Kruijff, Ernst and McMahan, Ryan P. and Bowman, Doug and Poupyrev, Ivan P.},
	year         = 2017,
    publisher={Addison-Wesley Professional}
}
@article{laviola_discussion_2000,
	title        = {A discussion of cybersickness in virtual environments},
	author       = {LaViola, Joseph J.},
	year         = 2000,
	journal      = {ACM SIGCHI Bulletin},
	volume       = 32,
	number       = 1,
	pages        = {47--56},
	issn         = {07366906}
}
@inproceedings{le_may_dream_2016,
	title        = {DREAM Project: Using Virtual Reality to Decrease Pain and Anxiety of Children with Burns during Treatments},
	author       = {Le May, Sylvie and Paquin, David and Fortin, Jean-Simon and Khadra, Christelle},
	year         = 2016,
	booktitle    = {Proc. of the 2016 Virtual Reality International Conference},
	publisher    = {ACM}
}
@article{lecuyer_pseudo-haptic_2000,
	title        = {Pseudo-haptic feedback: Can isometric input devices simulate force feedback?},
	author       = {Lecuyer, Anatole and Coquillart, Sabine and Kheddar, Abderrahmane and Richard, Paul and Coiffet, Philippe},
	year         = 2000,
	journal      = {Proc. - Virtual Reality Annual International Symposium},
	pages        = {83--90}
}
@article{lecuyer_simulating_2009,
	title        = {Simulating haptic feedback using vision: A survey of research and applications of pseudo-haptic feedback},
	author       = {Lécuyer, Anatole},
	year         = 2009,
	journal      = {Presence: Teleoperators and Virtual Environments},
	volume       = 18,
	number       = 1,
	pages        = {39--53},
	issn         = 10547460
}
@inproceedings{lee_analysis_2018,
	title        = {Analysis of video image based element for motion sickness},
	author       = {Lee, J and Lim, S and Ahn, J and Yi, Y and Kim, H},
	year         = 2018,
	booktitle    = {IS and T International Symposium on Electronic Imaging Science and Technology},
	publisher    = {Society for Imaging Science and Technology},
	editor       = {Dolinsky M., McDowall I E}
}
@inproceedings{lee_estimating_2017,
	title        = {Estimating the Simulator Sickness in Immersive Virtual Reality with Optical Flow Analysis},
	author       = {Lee, Jiun-Yu and Han, Ping-Hsuan and Tsai, Ling and Peng, Rih-Ding and Chen, Yang-Sheng and Chen, Kuan-Wen and Hung, Yi-Ping},
	year         = 2017,
	booktitle    = {SIGGRAPH Asia 2017 Posters},
	publisher    = {ACM}
}
@inproceedings{lee_moskit_2017,
	title        = {MOSKIT: Motion sickness analysis platform for {VR} games},
	author       = {Lee, S and Koo, A and {Junekyo Jhung}},
	year         = 2017,
	booktitle    = {2017 IEEE International Conference on Consumer Electronics (ICCE)},
	pages        = {17--18}
}
@article{lee_visual_1974,
	title        = {Visual proprioceptive control of standing in human infants},
	author       = {Lee, David N. and Aronson, Eric},
	year         = 1974,
	journal      = {Perception \& Psychophysics},
	volume       = 15,
	number       = 3,
	pages        = {529--532},
	issn         = {00315117}
}
@article{lee_visual_1975,
	title        = {Visual proprioceptive control of stance},
	author       = {Lee, David N. and Lishman, J. R.},
	year         = 1975,
	journal      = {Journal of Human Movement Studies},
	volume       = 1,
	pages        = {87--95}
}
@article{lee_visual_2020,
	title        = {Visual Guidance for a Spatial Discrepancy Problem of in Encountered-Type Haptic Display},
	author       = {Lee, C and Dunn, G L and Oakley, I and Ryu, J},
	year         = 2020,
	journal      = {IEEE Transactions on Systems, Man, and Cybernetics: Systems},
	volume       = 50,
	number       = 4,
	pages        = {1384--1394},
	issn         = {2168-2232}
}
@article{lenz_active_2018,
	title        = {Active Pneumatic Suspension – Modeling, Control and Hardware-in-the-Loop Simulations [Aktive Luftfederung – Modellierung, Regelung und Hardware-in-the-Loop-Experimente]},
	author       = {Lenz, E and Hedrich, P and Pelz, P F},
	year         = 2018,
	journal      = {Forschung im Ingenieurwesen/Engineering Research},
	volume       = 82,
	number       = 3,
	pages        = {171--185},
	issn         = {00157899}
}
@inproceedings{li_demo_2017,
	title        = {Demo: Ultra-low power gaze tracking for virtual reality},
	author       = {Li, T and Akosah, E S and Liu, Q and Zhou, X},
	year         = 2017,
	booktitle    = {Proc. of the Annual International Conference on Mobile Computing and Networking, MOBICOM},
	publisher    = {ACM},
	volume       = {Part F1312},
	pages        = {490--492}
}
@article{li_real-time_2018,
	title        = {Real-time visual feedback about postural activity increases postural instability and visually induced motion sickness},
	author       = {Li, R and Peterson, N and Walter, H J and Rath, R and Curry, C and Stoffregen, T A},
	year         = 2018,
	journal      = {Gait and Posture},
	volume       = 65,
	pages        = {251--255},
	issn         = {09666362}
}
@inproceedings{li_ultra-low_2017,
	title        = {Ultra-Low Power Gaze Tracking for Virtual Reality},
	author       = {Li, Tianxing and Liu, Qiang and Zhou, Xia},
	year         = 2017,
	booktitle    = {Proc. of the 15th ACM Conference on Embedded Network Sensor Systems},
	publisher    = {ACM}
}
@article{liberati_prisma_2009,
	title        = {The PRISMA statement for reporting systematic reviews and meta-analyses of studies that evaluate healthcare interventions: explanation and elaboration.},
	author       = {Liberati, Alessandro and Altman, Douglas G. and Tetzlaff, Jennifer and Mulrow, Cynthia and Gøtzsche, Peter C. and Ioannidis, John P.A. and Clarke, Mike and Devereaux, P. J. and Kleijnen, Jos and Moher, David},
	year         = 2009,
	journal      = {BMJ (Clinical research ed.)},
	volume       = 339,
	issn         = 14685833,
	pmid         = 19622552
}
@inproceedings{likitweerawong_virtual_2018,
	title        = {The virtual reality serious game for learning driving skills before taking practical test},
	author       = {Likitweerawong, K and Palee, P},
	year         = 2018,
	booktitle    = {2018 International Conference on Digital Arts, Media and Technology (ICDAMT)},
	pages        = {158--161}
}
@article{lim_novel_2020,
	title        = {A novel method for {VR} sickness reduction based on dynamic field of view processing},
	author       = {Lim, K and Lee, J and Won, K and Kala, N and Lee, T},
	year         = 2020,
	journal      = {Virtual Reality},
	issn         = 13594338
}
@inproceedings{lin_effects_2002,
	title        = {Effects of field of view on presence, enjoyment, memory, and simulator sickness in a virtual environment},
	author       = {Lin, J.J.-W. and Duh, H.B.L. and Parker, D.E. and Abi-Rached, H. and Furness, T.A.},
	year         = 2002,
	booktitle    = {Proc. IEEE Virtual Reality 2002},
	pages        = {164--171}
}
@article{lin_how_2020,
	title        = {How the Presence and Size of Static Peripheral Blur Affects Cybersickness in Virtual Reality},
	author       = {Lin, Yun-Xuan and Venkatakrishnan, Rohith and Venkatakrishnan, Roshan and Ebrahimi, Elham and Lin, Wen-Chieh and Babu, Sabarish V.},
	year         = 2020,
	journal      = {ACM TAP},
	volume       = 17,
	number       = 4,
	pages        = {1--18},
	issn         = {1544-3558}
}
@article{lin_intentional_2022,
	title        = {Intentional Head-Motion Assisted Locomotion for Reducing Cybersickness},
	author       = {Lin, Zehui and Gu, Xiang and Li, Sheng and Hu, Zhiming and Wang, Guoping},
	year         = 2022,
	journal      = {IEEE TVCG},
	volume       = 2626,
	number       = {c},
	pages        = {1--14},
	issn         = 19410506
}
@article{lishman_vision_1981,
	title        = {Vision and the optic flow field},
	author       = {Lishman, J. R.},
	year         = 1981,
	journal      = {Nature},
	volume       = 293,
	number       = 5830,
	pages        = {263--264},
	issn         = {0028-0836}
}
@inproceedings{liszio_virtual_2017,
	title        = {Virtual Reality MRI: Playful Reduction of Children's Anxiety in MRI Exams},
	author       = {Liszio, Stefan and Masuch, Maic},
	year         = 2017,
	booktitle    = {Proc. of the 2017 Conference on Interaction Design and Children},
	publisher    = {ACM},
	pages        = {127--136}
}
@article{litleskare_camera_2019,
	title        = {Camera Stabilization in 360{\textasciicircum}{\textbackslash}circ Videos and Its Impact on Cyber Sickness, Environmental Perceptions, and Psychophysiological Responses to a Simulated Nature Walk: A Single-Blinded Randomized Trial.},
	author       = {Litleskare, Sigbjørn and Calogiuri, Giovanna},
	year         = 2019,
	journal      = {Frontiers in psychology},
	volume       = 10,
	pages        = 2436,
	issn         = {1664-1078 (Print)},
	language     = {eng},
	pmid         = 31736832
}
@article{litleskare_relationship_2021,
	title        = {The relationship between postural stability and cybersickness: It's complicated – An experimental trial assessing practical implications of cybersickness etiology},
	author       = {Litleskare, Sigbjørn},
	year         = 2021,
	journal      = {Physiology \& Behavior},
	volume       = 236,
	pages        = 113422,
	issn         = {0031-9384}
}
@article{liu_effect_2020,
	title        = {Effect of economically friendly acustimulation approach against cybersickness in video-watching tasks using consumer virtual reality devices},
	author       = {Liu, Ruijun and Zhuang, Chu and Yang, Rui and Ma, Liang},
	year         = 2020,
	journal      = {Applied Ergonomics},
	volume       = 82,
	pages        = 102946,
	issn         = {00036870},
	language     = {eng},
	pmid         = 31487560
}

@article{liu_headblaster_2020,
	title        = {HeadBlaster: A Wearable Approach to Simulating Motion Perception using Head-mounted Air Propulsion Jets},
	author       = {Liu, Shi Hong and Yen, Pai Chien and Mao, Yi Hsuan and Lin, Yu Hsin and Chandra, Erick and Chen, Mike Y.},
	year         = 2020,
	journal      = {ACM TOG},
	volume       = 39,
	number       = 4,
	pages        = {1--12},
	issn         = 15577368
}

@inproceedings{liu_phantomlegs_2019,
	title        = {PhantomLegs: Reducing Virtual Reality Sickness Using Head-Worn Haptic Devices},
	author       = {Liu, Shi Hong and Yu, Neng Hao and Chan, Liwei and Peng, Yi Hao and Sun, Wei Zen and Chen, Mike Y},
	year         = 2019,
	booktitle    = {IEEE {VR}},
	pages        = {817--826}
}


@article{longuet-higgins_interpretation_1980,
	title        = {The interpretation of a moving retinal image},
	author       = {Longuet-Higgins, Hugh Christopher and Prazdny, K.},
	year         = 1980,
	journal      = {Proc. of the Royal Society of London. Series B. Biological Sciences},
	volume       = 208,
	number       = 1173,
	pages        = {385--397}
}
@article{longuet-higgins_visual_1984,
	title        = {The visual ambiguity of a moving plane},
	author       = {Longuet-Higgins, Hugh Christopher},
	year         = 1984,
	journal      = {Proc. of the Royal Society of London. Series B. Biological Sciences},
	volume       = 223,
	number       = 1231,
	pages        = {165--175},
	issn         = {0080-4649}
}
@inproceedings{lopes_2020,
	title        = {Eye Thought You Were Sick! Exploring Eye Behaviors for Cybersickness Detection in {VR}},
	author       = {Lopes, Phil and Tian, Nana and Boulic, Ronan},
	year         = 2020,
	booktitle    = {Proc. of ACM SIGGRAPH Conference on MIG},
	articleno    = 3,
	numpages     = 10
}
@inproceedings{lou_geometric_2022,
	title        = {Geometric Deformation for Reducing Optic Flow and Cybersickness Dose Value in {VR}},
	author       = {Lou, Ruding and So, Richard H. Y. and Bechmann, Dominique},
	year         = 2022,
	booktitle    = {Eurographics 2022 - Posters},
	publisher    = {The Eurographics Association}
}
@inproceedings{lou_reducing_2019,
	title        = {Reducing Cybersickness by Geometry Deformation},
	author       = {Lou, Ruding and Chardonnet, Jean-Remy},
	year         = 2019,
	booktitle    = {2019 IEEE {VR}},
	publisher    = {IEEE},
	pages        = {1058--1059}
}
@article{ls_systematic_2014,
	title        = {A systematic review of cybersickness},
	author       = {LS, Malik SH Blake H. Suggs},
	year         = 2014,
	journal      = {British Journal of Health Psychology},
	volume       = 19,
	pages        = {149--180}
}
@article{lu_attributes_2014,
	title        = {Attributes of Subtle Cues for Facilitating Visual Search in Augmented Reality},
	author       = {Lu, Weiquan and Duh, Henry Been-Lirn and Feiner, Steven and Zhao, Qi},
	year         = 2014,
	journal      = {IEEE TVCG},
	volume       = 20,
	number       = 3,
	pages        = {404--412},
	issn         = {1077-2626}
}
@article{luca_innovative_2020,
	title        = {Innovative Educational Pathways in Spine Surgery: Advanced Virtual Reality–Based Training},
	author       = {Luca, A and Giorgino, R and Gesualdo, L and Peretti, G M and Belkhou, A and Banfi, G and Grasso, G},
	year         = 2020,
	journal      = {World Neurosurgery},
	volume       = 140,
	pages        = {674--680},
	issn         = 18788750
}
@inproceedings{lugrin_experiencing_2019,
	title        = {Experiencing Waiting Time in Virtual Reality},
	author       = {Lugrin, Jean-Luc and Unruh, Fabian and Landeck, Maximilian and Lamour, yoan and Latoschik, Marc Erich and Vogeley, Kai and Wittmann, Marc},
	year         = 2019,
	booktitle    = {25th ACM Symposium on Virtual Reality Software and Technology},
	publisher    = {ACM}
}
@inproceedings{luong_demographic_2022,
	title        = {Demographic and Behavioral Correlates of Cybersickness: A Large Lab-in-the-Field Study of 837 Participants},
	author       = {Luong, Tiffany and Pléchata, Adela and Möbus, Max and Atchapero, Michael and Böhm, Robert and Makransky, Guido and Holz, Christian},
	year         = 2022,
	booktitle    = {2022 IEEE ISMAR},
	pages        = {307--316}
}
@article{macedo_occlusion_2021,
	title        = {Occlusion Handling in Augmented Reality: Past, Present and Future},
	author       = {Macedo, Marcio C. de F. and Apolinario, Antonio L.},
	year         = 2021,
	journal      = {IEEE TVCG},
	pages        = {1--1},
	issn         = {1077-2626}
}
@article{macneilage_bayesian_2007,
	title        = {A Bayesian model of the disambiguation of gravitoinertial force by visual cues},
	author       = {MacNeilage, Paul R. and Banks, Martin S. and Berger, Daniel R. and Bülthoff, Heinrich H.},
	year         = 2007,
	journal      = {Experimental Brain Research},
	volume       = 179,
	number       = 2,
	pages        = {263--290},
	issn         = {0014-4819}
}
@article{macneilage_vestibular_2010,
	title        = {Vestibular Heading Discrimination and Sensitivity to Linear Acceleration in Head and World Coordinates},
	author       = {MacNeilage, P. R. and Banks, M. S. and DeAngelis, G. C. and Angelaki, D. E.},
	year         = 2010,
	journal      = {Journal of Neuroscience},
	volume       = 30,
	number       = 27,
	pages        = {9084--9094},
	issn         = {0270-6474}
}
@article{maeda_virtual_2005,
	title        = {Virtual acceleration with galvanic vestibular stimulation in a virtual reality environment},
	author       = {Maeda, Taro and Ando, Hideyuki and Sugimoto, Maki},
	year         = 2005,
	journal      = {Proc. - IEEE Virtual Reality},
	volume       = 2005,
	pages        = {289--290}
}
@article{mamassian_perception_1998,
	title        = {The perception of cast shadows},
	author       = {Mamassian, Pascal and Knill, David C. and Kersten, Daniel},
	year         = 1998,
	journal      = {Trends in Cognitive Sciences},
	volume       = 2,
	number       = 8,
	pages        = {288--295},
	issn         = 13646613
}
@article{mantel_exploratory_2015,
	title        = {Exploratory movement generates higher-order information that is sufficient for accurate perception of scaled egocentric distance},
	author       = {Mantel, Bruno and Stoffregen, Thomas A. and Campbell, Alain and Bardy, Benoît G.},
	year         = 2015,
	journal      = {PLoS ONE},
	volume       = 10,
	number       = 4,
	pages        = {1--26},
	issn         = 19326203,
	pmid         = 25856410
}
@article{maraj_behavior_2017,
	title        = {Behavior cue detection training: Understanding the impact of simulator sickness on performance},
	author       = {Maraj, C S and Badillo-Urquiola, K A and Lackey, S J and Hudson, I L},
	year         = 2017,
	journal      = {Advances in Intelligent Systems and Computing},
	volume       = 498,
	pages        = {645--652},
	issn         = 21945357,
	editor       = {Andre T. Kantola J.I., Nazir S Barath T}
}
@article{marchal_joyman_2011,
	title        = {Joyman: A human-scale joystick for navigating in virtual worlds},
	author       = {Marchal, Maud and Pettre, Julien and Lécuyer, Anatole},
	year         = 2011,
	journal      = {3DUI 2011 - IEEE Symposium on 3D User Interfaces 2011, Proc.},
	pages        = {19--26}
}
@inproceedings{marchal_walking_2010,
	title        = {Walking up and down in immersive virtual worlds: Novel interactive techniques based on visual feedback},
	author       = {Marchal, Maud and Lecuyer, Anatole and Cirio, Gabriel and Bonnet, Laurent and Emily, Mathieu},
	year         = 2010,
	booktitle    = {2010 IEEE 3DUI},
	publisher    = {IEEE},
	pages        = {19--26}
}
@inproceedings{marwecki_mise-unseen_2019,
	title        = {Mise-Unseen: Using Eye Tracking to Hide Virtual Reality Scene Changes in Plain Sight},
	author       = {Marwecki, Sebastian and Wilson, Andrew D and Ofek, Eyal and Gonzalez Franco, Mar and Holz, Christian},
	year         = 2019,
	booktitle    = {Proc. of the 32nd Annual ACM Symposium on User Interface Software and Technology},
	publisher    = {ACM},
	pages        = {777--789}
}
@inproceedings{matsudo_surf_2019,
	title        = {Surf Disc: A cruising interface in 3D virtual space},
	author       = {Matsudo, T and Takahashi, T},
	year         = 2019,
	booktitle    = {Proc. of SPIE - The International Society for Optical Engineering},
	publisher    = {SPIE},
	volume       = 11049,
	editor       = {Lie W.-N. Kemao Q., Lee Y.-L. Hayase K Srisuk S Lau P Y Yu L}
}
@inproceedings{matsumoto_walking_2017,
	title        = {Walking uphill and downhill},
	author       = {Matsumoto, Keigo and Narumi, Takuji and Tanikawa, Tomohiro and Hirose, Michitaka},
	year         = 2017,
	booktitle    = {ACM SIGGRAPH 2017 Posters},
	publisher    = {ACM},
	pages        = {1--2}
}
@article{mcgill_i_2017,
	title        = {I am the passenger: How visual motion cues can influence sickness for in-car {VR}},
	author       = {McGill, Mark and Ng, Alexander and Brewster, Stephen},
	year         = 2017,
	journal      = {Conference on Human Factors in Computing Systems - Proc.},
	volume       = {2017-May},
	pages        = {5655--5668}
}
@inproceedings{mcgill_virtual_2019,
	title        = {Virtual Reality Passenger Experiences},
	author       = {McGill, Mark and Brewster, Stephen},
	year         = 2019,
	booktitle    = {Proc. of the 11th International Conference on Automotive User Interfaces and Interactive Vehicular Applications: Adjunct Proc.},
	publisher    = {ACM},
	pages        = {434--441}
}
@inproceedings{mchugh_investigating_2019,
	title        = {Investigating a Physical Dial as a Measurement Tool for Cybersickness in Virtual Reality},
	author       = {McHugh, Natalie and Jung, Sungchul and Hoermann, Simon and Lindeman, Robert W},
	year         = 2019,
	booktitle    = {25th ACM Symposium on Virtual Reality Software and Technology},
	publisher    = {ACM}
}
@article{mckenzie_assessing_2016,
	title        = {Assessing the effectiveness of different visualizations for judgments of positional uncertainty},
	author       = {McKenzie, Grant and Hegarty, Mary and Barrett, Trevor and Goodchild, Michael},
	year         = 2016,
	journal      = {International Journal of Geographical Information Science},
	volume       = 30,
	number       = 2,
	pages        = {221--239},
	issn         = {1365-8816}
}
@article{mimnaugh_virtual_2023,
	title        = {Virtual Reality Sickness Reduces Attention During Immersive Experiences},
	author       = {Mimnaugh, Katherine J. and Center, Evan G. and Suomalainen, Markku and Becerra, Israel and Lozano, Eliezer and Murrieta-Cid, Rafael and Ojala, Timo and LaValle, Steven M. and Federmeier, Kara D.},
	year         = 2023,
	journal      = {IEEE TVCG},
	volume       = 29,
	number       = 11,
	pages        = {4394--4404}
}
@inproceedings{min_effects_2020,
	title        = {Effects of Immersive Virtual Reality Content Type to Mindfulness and Physiological Parameters},
	author       = {Min, Seulki and Moon, Jung-geun and Cho, Chul-Hyun and Kim, Gerard J},
	year         = 2020,
	booktitle    = {26th ACM Symposium on Virtual Reality Software and Technology},
	publisher    = {ACM}
}
@article{mine_virtual_1995,
	title        = {Virtual environment interaction techniques},
	author       = {Mine, Mark R},
	year         = 1995,
	journal      = {UNC Chapel Hill CS Dept}
}
@inproceedings{misztal_portals_2020,
	title        = {Portals With a Twist: Cable Twist-Free Natural Walking in Room-Scaled Virtual Reality},
	author       = {Misztal, Sebastian and Carbonell, Guillermo and Ganther, Nils and Schild, Jonas},
	year         = 2020,
	booktitle    = {26th ACM Symposium on Virtual Reality Software and Technology},
	publisher    = {ACM}
}
@inproceedings{mo_continuous-time_2022,
	title        = {Continuous-Time Spline Visual-Inertial Odometry},
	author       = {Mo, Jiawei and Sattar, Junaed},
	year         = 2022,
	booktitle    = {2022 International Conference on Robotics and Automation (ICRA)},
	pages        = {9492--9498}
}
@inproceedings{monclus_enhanced_2016,
	title        = {Enhanced magnification for reduced movement in virtual reality environments},
	author       = {Monclús, E and Navazo, I and Vázquez, P.-P.},
	year         = 2016,
	booktitle    = {Proc. of the International Conference on Interfaces and Human Computer Interaction 2016, Game and Entertainment Technologies 2016 and Computer Graphics, Visualization, Computer Vision and Image Processing 2016 - Part of the Multi Conference on Compu},
	publisher    = {IADIS},
	pages        = {149--156},
	editor       = {Blashki K. Xiao Y., Rodrigues L}
}
@inproceedings{monteiro_using_2021,
	title        = {Using Trajectory Compression Rate to Predict Changes in Cybersickness in Virtual Reality Games},
	author       = {Monteiro, Diego and Liang, Hai-Ning and Tang, Xiaohang and Irani, Pourang},
	year         = 2021,
	booktitle    = {2021 IEEE ISMAR},
	pages        = {138--146}
}
@article{moss_characteristics_2011,
	title        = {Characteristics of Head-Mounted Displays and Their Effects on Simulator Sickness},
	author       = {Moss, Jason D and Muth, Eric R},
	year         = 2011,
	journal      = {Human Factors: The Journal of the Human Factors and Ergonomics Society},
	volume       = 53,
	number       = 3,
	pages        = {308--319},
	issn         = {0018-7208},
	language     = {eng},
	pmid         = 21830515
}
@inproceedings{mottelson_virtual_2017,
	title        = {Virtual Reality Studies Outside the Laboratory},
	author       = {Mottelson, Aske and Hornb{\textbackslash}textbackslashaek, Kasper},
	year         = 2017,
	booktitle    = {Proc. of the 23rd ACM Symposium on Virtual Reality Software and Technology},
	publisher    = {ACM}
}
@article{mulcahy_screening_2016,
	title        = {Screening and Mitigation of Layperson Anxiety in Aerospace Environments.},
	author       = {Mulcahy, Robert A and Blue, Rebecca S and Vardiman, Johnené L and Castleberry, Tarah L and Vanderploeg, James M},
	year         = 2016,
	journal      = {Aerospace medicine and human performance},
	volume       = 87,
	number       = 10,
	pages        = {882--889},
	issn         = {2375-6314 (Print)},
	language     = {eng},
	pmid         = 27662351
}
@article{munafo_virtual_2017,
	title        = {The virtual reality head-mounted display Oculus Rift induces motion sickness and is sexist in its effects},
	author       = {Munafo, Justin and Diedrick, Meg and Stoffregen, Thomas A},
	year         = 2017,
	journal      = {Experimental Brain Research},
	volume       = 235,
	number       = 3,
	pages        = {889--901},
	issn         = {0014-4819}
}
@book{murray_building_2017,
	title        = {Building virtual reality with unity and steam{VR}},
	author       = {Murray, J W},
	year         = 2017,
	publisher    = {CRC Press}
}
@article{mustafa_deplau_2019,
	title        = {Deplau: Movement and interaction in virtual reality},
	author       = {Mustafa, H M and Albert, Q},
	year         = 2019,
	journal      = {International Journal of Recent Technology and Engineering},
	volume       = 7,
	number       = 6,
	pages        = {105--112},
	issn         = 22773878
}
@article{nadav-greenberg_uncertainty_2009,
	title        = {Uncertainty Forecasts Improve Decision Making Among Nonexperts},
	author       = {Nadav-Greenberg, Limor and Joslyn, Susan L},
	year         = 2009,
	journal      = {Journal of Cognitive Engineering and Decision Making},
	volume       = 3,
	number       = 3,
	pages        = {209--227},
	issn         = {1555-3434}
}
@article{nagao_ascending_2018,
	title        = {Ascending and Descending in Virtual Reality: Simple and Safe System Using Passive Haptics},
	author       = {Nagao, Ryohei and Matsumoto, Keigo and Narumi, Takuji and Tanikawa, Tomohiro and Hirose, Michitaka},
	year         = 2018,
	journal      = {IEEE TVCG},
	volume       = 24,
	number       = 4,
	pages        = {1584--1593},
	issn         = {1077-2626},
	pmid         = 29543176
}
@article{nakano_head-mounted_2021,
	title        = {Head-Mounted Display with Increased Downward Field of View Improves Presence and Sense of Self-Location},
	author       = {Nakano, Kizashi and Isoyama, Naoya and Monteiro, Diego and Sakata, Nobuchika and Kiyokawa, Kiyoshi and Narumi, Takuji},
	year         = 2021,
	journal      = {IEEE TVCG},
	volume       = 27,
	number       = 11,
	pages        = {4204--4214},
	issn         = {1077-2626},
	annote       = {Fov effect}
}
@article{national_no_nodate,
	title        = {No 主観的健康感を中心とした在宅高齢者における 健康関連指標に関する共分散構造分析Title},
	author       = {National, Gross and Pillars, Happiness}
}
@inproceedings{ng_study_2018,
	title        = {A Study of Cybersickness and Sensory Conflict Theory Using a Motion-Coupled Virtual Reality System},
	author       = {Ng, Adrian K T and Chan, Leith K Y and Lau, Henry Y K},
	year         = 2018,
	booktitle    = {2018 IEEE {VR}},
	publisher    = {IEEE},
	pages        = {643--644}
}
@article{ng_study_2020,
	title        = {A study of cybersickness and sensory conflict theory using a motion-coupled virtual reality system},
	author       = {Ng, Adrian K.T. and Chan, Leith K.Y. and Lau, Henry Y.K.},
	year         = 2020,
	journal      = {Displays},
	volume       = 61,
	pages        = 101922,
	issn         = {01419382}
}
@article{nguyen_exploring_2020,
	title        = {Exploring the Effects of Aggregation Choices on Untrained Visualization Users' Generalizations From Data},
	author       = {Nguyen, F. and Qiao, X. and Heer, J. and Hullman, J.},
	year         = 2020,
	journal      = {Computer Graphics Forum},
	volume       = 39,
	number       = 6,
	pages        = {33--48},
	issn         = 14678659
}
@inproceedings{nguyen-vo_simulated_2018,
	title        = {Simulated Reference Frame: A Cost-Effective Solution to Improve Spatial Orientation in {VR}},
	author       = {Nguyen-Vo, Thinh and Riecke, Bernhard E. and Stuerzlinger, Wolfgang},
	year         = 2018,
	booktitle    = {2018 IEEE {VR}},
	pages        = {415--422}
}
@article{nie_analysis_2020,
	title        = {Analysis on Mitigation of Visually Induced Motion Sickness by Applying Dynamical Blurring on a User's Retina},
	author       = {Nie, Guang Yu and Duh, Henry Been Lirn and Liu, Yue and Wang, Yongtian},
	year         = 2020,
	journal      = {IEEE TVCG},
	volume       = 26,
	number       = 8,
	pages        = {2535--2545},
	issn         = 19410506,
	pmid         = 30668475
}
@inproceedings{nie_like_2023,
	title        = {Like a Rolling Stone: Effects of Space Deformation During Linear Acceleration on Slope Perception and Cybersickness},
	author       = {Nie, Tongyu and Adhanom, Isayas Berhe and Rosenberg, Evan Suma},
	year         = 2023,
	booktitle    = {IEEE {VR}},
	pages        = {658--668}
}
@inproceedings{nie_redirected_2021,
	title        = {Redirected Tilting: Eliciting Postural Changes with a Rotational Self-Motion Illusion},
	author       = {Nie, Tongyu and Suma Rosenberg, Evan},
	year         = 2021,
	booktitle    = {2021 IEEE {VR}W},
	pages        = {178--182},
	copyright    = {All rights reserved}
}
@article{nilsson_15_2018,
	title        = {15 Years of Research on Redirected Walking in Immersive Virtual Environments},
	author       = {Nilsson, Niels Christian and Peck, Tabitha C. and Bruder, Gerd and Hodgson, Eric and Serafin, Stefania and Whitton, Mary C. and Steinicke, Frank and Rosenberg, Evan Suma},
	year         = 2018,
	journal      = {IEEE Computer Graphics and Applications},
	volume       = 38,
	number       = 2,
	pages        = {44--56}
}
@inproceedings{nimnual_therapeutic_2019,
	title        = {Therapeutic Virtual Reality for Nyctophobic Disorder},
	author       = {Nimnual, Ratchadawan and Yossatorn, Yossiri},
	year         = 2019,
	booktitle    = {Proc. of the 2019 3rd International Conference on Virtual and Augmented Reality Simulations},
	publisher    = {ACM},
	pages        = {11--15}
}
@inproceedings{nishimoto_extending_2019,
	title        = {Extending Virtual Reality Display Wall Environments Using Augmented Reality},
	author       = {Nishimoto, Arthur and Johnson, Andrew E},
	year         = 2019,
	booktitle    = {Symposium on Spatial User Interaction},
	publisher    = {ACM}
}
@misc{noauthor_headtilt-2011pdf_nodate,
	title        = {HeadTilt-2011.pdf}
}
@inproceedings{noauthor_{VR}st_2019,
	title        = {{VR}ST '19: 25th ACM Symposium on Virtual Reality Software and Technology},
	year         = 2019,
	publisher    = {ACM}
}
@article{noben_virtual_2019,
	title        = {A Virtual Reality Video to Improve Information Provision and Reduce Anxiety Before Cesarean Delivery: Randomized Controlled Trial.},
	author       = {Noben, Lore and Goossens, Simone Maria Theresia Anna and Truijens, Sophie Eva Marieke and van Berckel, Marijn Marthe Georgine and Perquin, Christel Wilhelmina and Slooter, Gerrit Dirk and van Rooijen, Stefanus Johannes},
	year         = 2019,
	journal      = {JMIR mental health},
	volume       = 6,
	number       = 12,
	pages        = {e15872},
	issn         = {2368-7959 (Print)},
	language     = {eng},
	pmid         = 31850850
}
@inproceedings{norouzi_assessing_2018,
	title        = {Assessing Vignetting as a Means to Reduce {VR} Sickness during Amplified Head Rotations},
	author       = {Norouzi, Nahal and Bruder, Gerd and Welch, Greg},
	year         = 2018,
	booktitle    = {ACM SAP},
	publisher    = {ACM}
}
@article{nunez_velasco_studying_2019,
	title        = {Studying pedestrians' crossing behavior when interacting with automated vehicles using virtual reality},
	author       = {Nuñez Velasco, J P and Farah, H and van Arem, B and Hagenzieker, M P},
	year         = 2019,
	journal      = {Transportation Research Part F: Traffic Psychology and Behaviour},
	volume       = 66,
	pages        = {1--14},
	issn         = 13698478
}
@inproceedings{oberhauser_virtual_2017,
	title        = {Virtual Reality Flythrough of Program Code Structures},
	author       = {Oberhauser, Roy and Lecon, Carsten},
	year         = 2017,
	booktitle    = {Proc. of the Virtual Reality International Conference - Laval Virtual 2017},
	publisher    = {ACM}
}
@article{olivier_walking_2018,
	title        = {Walking with Virtual People: Evaluation of Locomotion Interfaces in Dynamic Environments},
	author       = {Olivier, Anne-Helene and Bruneau, Julien and Kulpa, Richard and Pettre, Julien},
	year         = 2018,
	journal      = {IEEE TVCG},
	volume       = 24,
	number       = 7,
	pages        = {2251--2263},
	issn         = {1077-2626}
}
@article{oman_heuristic_1982,
	title        = {A Heuristic Mathematical Model for the Dynamics of Sensory Conflict and Motion Sickness},
	author       = {Oman, Charles M.},
	year         = 1982,
	journal      = {Acta Oto-Laryngologica},
	volume       = 94,
	number       = {sup392},
	pages        = {4--44},
	issn         = {0001-6489}
}
@article{oman_motion_1990,
	title        = {Motion sickness: a synthesis and evaluation of the sensory conflict theory},
	author       = {Oman, Charles M},
	year         = 1990,
	journal      = {Canadian Journal of Physiology and Pharmacology},
	volume       = 68,
	number       = 2,
	pages        = {294--303},
	issn         = {0008-4212},
	language     = {eng},
	pmid         = 2178753
}
@inproceedings{onuki_air_2017,
	title        = {Air cushion: A pilot study of the passive technique to mitigate simulator sickness by responding to vection},
	author       = {Onuki, Yoshikazu and Ono, Shunsuke and Kumazawa, Itsuo},
	year         = 2017,
	booktitle    = {2017 IEEE Virtual Reality ({VR})},
	publisher    = {IEEE},
	pages        = {323--324}
}
@inproceedings{orlosky_fisheye_2014,
	title        = {Fisheye vision},
	author       = {Orlosky, Jason and Wu, Qifan and Kiyokawa, Kiyoshi and Takemura, Haruo and Nitschke, Christian},
	year         = 2014,
	booktitle    = {Proc. of the 2nd ACM symposium on Spatial user interaction},
	publisher    = {ACM},
	pages        = {54--61}
}
@book{padilla_uncertainty_2020,
	title        = {Uncertainty visualization},
	author       = {Padilla, Lace and Kay, Matthew and Hullman, Jessica},
	year         = 2020,
	publisher    = {PsyArXiv}
}
@inproceedings{pai_physiological_2016,
	title        = {Physiological Signal-Driven Virtual Reality in Social Spaces},
	author       = {Pai, Yun Suen},
	year         = 2016,
	booktitle    = {Proc. of the 29th Annual Symposium on User Interface Software and Technology},
	publisher    = {ACM},
	pages        = {25--28}
}
@article{palmisano_predicting_2018,
	title        = {Predicting vection and visually induced motion sickness based on spontaneous postural activity},
	author       = {Palmisano, Stephen and Arcioni, Benjamin and Stapley, Paul J.},
	year         = 2018,
	journal      = {Experimental Brain Research},
	volume       = 236,
	number       = 1,
	pages        = {315--329},
	issn         = 14321106,
	pmid         = 29181555
}
@article{palmisano_search_2018,
	title        = {The search for instantaneous vection: An oscillating visual prime reduces vection onset latency.},
	author       = {Palmisano, Stephen and Riecke, Bernhard E},
	year         = 2018,
	journal      = {PloS one},
	volume       = 13,
	number       = 5,
	pages        = {e0195886},
	issn         = {1932-6203 (Electronic)},
	language     = {eng},
	pmid         = 29791445
}
@article{palmisano_vection_2017,
	title        = {Vection and cybersickness generated by head-and-display motion in the Oculus Rift},
	author       = {Palmisano, Stephen and Mursic, Rebecca and Kim, Juno},
	year         = 2017,
	journal      = {Displays},
	volume       = 46,
	pages        = {1--8},
	issn         = {01419382}
}
@inproceedings{park_mixing_2022,
	title        = {Mixing in Reverse Optical Flow to Mitigate Vection and Simulation Sickness in Virtual Reality},
	author       = {Park, Su Han and Han, Bin and Kim, Gerard Jounghyun},
	year         = 2022,
	booktitle    = {Proc. of CHI},
	publisher    = {ACM},
	pages        = {1--11}
}
@inproceedings{patney_applications_2017,
	title        = {Applications of Visual Perception to Virtual Reality Rendering},
	author       = {Patney, Anjul and Zannoli, Marina and Koulieris, George-Alex and Kim, Joohwan and Wetzstein, Gordon and Steinicke, Frank},
	year         = 2017,
	booktitle    = {ACM SIGGRAPH 2017 Courses},
	publisher    = {ACM}
}
@article{patterson_perceptual_2006,
	title        = {Perceptual Issues in the Use of Head-Mounted Visual Displays},
	author       = {Patterson, Robert and Winterbottom, Marc D. and Pierce, Byron J.},
	year         = 2006,
	journal      = {Human Factors: The Journal of the Human Factors and Ergonomics Society},
	volume       = 48,
	number       = 3,
	pages        = {555--573},
	issn         = {0018-7208}
}
@inproceedings{peck_evaluation_2008,
	title        = {Evaluation of Reorientation Techniques for Walking in Large Virtual Environments},
	author       = {Peck, Tabitha C. and Whitton, Mary C. and Fuchs, Henry},
	year         = 2008,
	booktitle    = {2008 IEEE Virtual Reality Conference},
	publisher    = {IEEE},
	pages        = {121--127}
}
@inproceedings{peng_walkingvibe_2020,
	title        = {WalkingVibe: Reducing Virtual Reality Sickness and Improving Realism While Walking in {VR} Using Unobtrusive Head-Mounted Vibrotactile Feedback},
	author       = {Peng, Yi-Hao and Yu, Carolyn and Liu, Shi-Hong and Wang, Chung-Wei and Taele, Paul and Yu, Neng-Hao and Chen, Mike Y.},
        booktitle    = {IEEE {VR}},
	year         = 2020,
	pages        = {1--12}
}

@inproceedings{plouzeau_using_2018,
	title        = {Using Cybersickness Indicators to Adapt Navigation in Virtual Reality: A Pre-Study},
	author       = {Plouzeau, Jeremy and Chardonnet, Jean-Remy and Merienne, Frederic},
	year         = 2018,
	booktitle    = {2018 IEEE {VR}},
	publisher    = {IEEE},
	pages        = {661--662}
}
@inproceedings{pointon_judging_2018,
	title        = {Judging action capabilities in augmented reality},
	author       = {Pointon, Grant and Thompson, Chelsey and Creem-Regehr, Sarah and Stefanucci, Jeanine and Joshi, Miti and Paris, Richard and Bodenheimer, Bobby},
	year         = 2018,
	booktitle    = {Proc. of the 15th SAP},
	publisher    = {ACM},
	pages        = {1--8}
}
@inproceedings{porcino_minimizing_2017,
	title        = {Minimizing cyber sickness in head mounted display systems: Design guidelines and applications},
	author       = {Porcino, T M and Clua, E and Trevisan, D and Vasconcelos, C N and Valente, L},
	year         = 2017,
	booktitle    = {2017 IEEE 5th International Conference on Serious Games and Applications for Health (SeGAH)},
	pages        = {1--6}
}
@article{prithul_teleportation_2021,
	title        = {Teleportation in Virtual Reality; A Mini-Review},
	author       = {Prithul, Aniruddha and Adhanom, Isayas Berhe and Folmer, Eelke},
	year         = 2021,
	journal      = {Front. Virtual Reality},
	volume       = 2,
	issn         = {2673-4192}
}
@article{ragan_effects_2015,
	title        = {Effects of Field of View and Visual Complexity on Virtual Reality Training Effectiveness for a Visual Scanning Task},
	author       = {Ragan, Eric D. and Bowman, Doug A. and Kopper, Regis and Stinson, Cheryl and Scerbo, Siroberto and McMahan, Ryan P.},
	year         = 2015,
	journal      = {IEEE TVCG},
	volume       = 21,
	number       = 7,
	pages        = {794--807},
	issn         = {1077-2626}
}
@article{rahimi_scene_2020,
	title        = {Scene Transitions and Teleportation in Virtual Reality and the Implications for Spatial Awareness and Sickness},
	author       = {Rahimi, Kasra and Banigan, Colin and Ragan, Eric D.},
	year         = 2020,
	journal      = {IEEE TVCG},
	volume       = 26,
	number       = 6,
	pages        = {2273--2287},
	issn         = {1077-2626}
}
@article{raidou_uncertainty_2018,
	title        = {Uncertainty Visualization: Recent Developments and Future Challenges in Prostate Cancer Radiotherapy Planning},
	author       = {Raidou, Renata G.},
	year         = 2018,
	journal      = {EuroRV3: EuroVis Workshop on Reproducibility, Verification, and Validation in Visualization}
}
@inproceedings{rajanna_gaze_2018,
	title        = {Gaze Typing in Virtual Reality: Impact of Keyboard Design, Selection Method, and Motion},
	author       = {Rajanna, Vijay and Hansen, John Paulin},
	year         = 2018,
	booktitle    = {Proc. of the 2018 ACM Symposium on Eye Tracking Research \&amp; Applications},
	publisher    = {ACM}
}
@inproceedings{ranasinghe_exploring_2020,
	title        = {Exploring the Use of Olfactory Stimuli Towards Reducing Visually Induced Motion Sickness in Virtual Reality},
	author       = {Ranasinghe, Nimesha and Jain, Pravar and Tolley, David and Karwita Tailan, Shienny and Yen, Ching Chiuan and Do, Ellen Yi-Luen},
	year         = 2020,
	booktitle    = {Symposium on Spatial User Interaction},
	publisher    = {ACM}
}
@article{rangelova_simulation_2018,
	title        = {Simulation sickness evaluation while using a fully autonomous car in a head mounted display virtual environment},
	author       = {Rangelova, S and Decker, D and Eckel, M and Andre, E},
	year         = 2018,
	journal      = {Lecture Notes in Computer Science (including subseries Lecture Notes in Artificial Intelligence and Lecture Notes in Bioinformatics)},
	volume       = {10909 LNCS},
	pages        = {155--167},
	issn         = {03029743},
	editor       = {Fragomeni G., Chen J Y}
}
@article{rangelova_survey_2019,
	title        = {A survey on simulation sickness in driving applications with virtual reality head-mounted displays},
	author       = {Rangelova, S and Andre, E},
	year         = 2019,
	journal      = {Presence: Teleoperators and Virtual Environments},
	volume       = 27,
	number       = 1,
	pages        = {15--31},
	issn         = 10547460
}
@inproceedings{ratcliffe_extended_2021,
	title        = {Extended Reality (XR) Remote Research: a Survey of Drawbacks and Opportunities},
	author       = {Ratcliffe, Jack and Soave, Francesco and Bryan-Kinns, Nick and Tokarchuk, Laurissa and Farkhatdinov, Ildar},
	year         = 2021
}
@inproceedings{razzaque_redirected_2001,
	title        = {Redirected Walking},
	author       = {Razzaque, Sharif and Kohn, Zachariah and Whitton, Mary C.},
	year         = 2001,
	booktitle    = {Eurographics 2001 - Short Presentations},
	publisher    = {Eurographics Association}
}
@book{reason_motion_1975,
	title        = {Motion sickness},
	author       = {Reason, J T and Brand, J J},
	year         = 1975,
	publisher    = {Academic Press},
	language     = {English}
}
@inproceedings{rebenitsch_individual_2014,
author = {Rebenitsch, Lisa and Owen, Charles},
title = {Individual variation in susceptibility to cybersickness},
year = {2014},
publisher = {ACM},
booktitle = {Proc. of UIST},
pages = {309–317},
}
@article{rebenitsch_review_2016,
	title        = {Review on cybersickness in applications and visual displays},
	author       = {Rebenitsch, Lisa and Owen, Charles},
	year         = 2016,
	journal      = {Virtual Reality},
	volume       = 20,
	number       = 2,
	pages        = {101--125},
	issn         = 14349957
}
@article{riccio_affordances_1988,
	title        = {Affordances as constraints on the control of stance},
	author       = {Riccio, Gary E. and Stoffregen, Thomas A.},
	year         = 1988,
	journal      = {Human Movement Science},
	volume       = 7,
	number       = {2-4},
	pages        = {265--300},
	issn         = {01679457}
}
@incollection{riccio_coordination_1995,
	title        = {Coordination of Postural Control and Vehicular Control: Implications for Multimodal Perception and Simulation of Self-Motion},
	author       = {Riccio, Gary E.},
	year         = 1995,
	booktitle    = {Local Applications of the Ecological Approach to Human-Machine Systems},
	publisher    = {CRC Press},
	pages        = {122--181}
}
@article{riccio_ecological_1991,
	title        = {An Ecological Theory of Motion Sickness and Postural Instability},
	author       = {Riccio, Gary E and Stoffregen, Thomas A},
	year         = 1991,
	journal      = {Ecological Psychology},
	volume       = 3,
	number       = 3,
	pages        = {195--240}
}
@article{riccio_role_1992,
	title        = {The Role of Balance Dynamics in the Active Perception of Orientation},
	author       = {Riccio, Gary E. and Martin, Eric J. and Stoffregen, Thomas A.},
	year         = 1992,
	journal      = {Journal of Experimental Psychology: Human Perception and Performance},
	volume       = 18,
	number       = 3,
	pages        = {624--644},
	issn         = {00961523},
	pmid         = 1500866
}
@inproceedings{richardt_video_2017,
	title        = {Video for Virtual Reality},
	author       = {Richardt, Christian and Tompkin, James and Halsey, Jordan and Hertzmann, Aaron and Starck, Jonathan and Wang, Oliver},
	year         = 2017,
	booktitle    = {ACM SIGGRAPH 2017 Courses},
	publisher    = {ACM}
}
@inproceedings{rietzler_telewalk_2020,
	title        = {Telewalk: Towards Free and Endless Walking in Room-Scale Virtual Reality},
	author       = {Rietzler, Michael and Deubzer, Martin and Dreja, Thomas and Rukzio, Enrico},
	year         = 2020,
	booktitle    = {Proc. of the 2020 CHI Conference on Human Factors in Computing Systems},
	publisher    = {ACM},
	pages        = {1--9}
}
@article{risi_effects_2019,
	title        = {Effects of postural stability, active control, exposure duration and repeated exposures on HMD induced cybersickness},
	author       = {Risi, Dante and Palmisano, Stephen},
	year         = 2019,
	journal      = {Displays},
	volume       = 60,
	pages        = {9--17},
	issn         = {0141-9382}
}
@article{rolnick_why_1991,
	title        = {Why is the driver rarely motion sick? The role of controllability in motion sickness},
	author       = {ROLNICK, ARNON and LUBOW, R E},
	year         = 1991,
	journal      = {Ergonomics},
	volume       = 34,
	number       = 7,
	pages        = {867--879},
	issn         = {0014-0139}
}
@inproceedings{rothe_dynamic_2018,
	title        = {Dynamic Subtitles in Cinematic Virtual Reality},
	author       = {Rothe, Sylvia and Tran, Kim and Hu{\textbackslash}textbackslashssmann, Heinrich},
	year         = 2018,
	booktitle    = {Proc. of the 2018 ACM International Conference on Interactive Experiences for TV and Online Video},
	publisher    = {ACM},
	pages        = {209--214}
}
@inproceedings{salanitri_relationship_2016,
	title        = {The Relationship Between Presence and Trust in Virtual Reality},
	author       = {Salanitri, Davide and Lawson, Glyn and Waterfield, Brian},
	year         = 2016,
	booktitle    = {Proc. of the European Conference on Cognitive Ergonomics},
	publisher    = {ACM}
}
@inproceedings{sandor_augmented_2010,
	title        = {An Augmented Reality X-Ray system based on visual saliency},
	author       = {Sandor, Christian and Cunningham, Andrew and Dey, Arindam and Mattila, Ville-Veikko},
	year         = 2010,
	booktitle    = {2010 IEEE International Symposium on Mixed and Augmented Reality},
	publisher    = {IEEE},
	pages        = {27--36}
}
@article{sandor_egocentric_2010,
	title        = {Egocentric space-distorting visualizations for rapid environment exploration in mobile mixed reality},
	author       = {Sandor, Christian and Cunningham, Andrew and Eck, Ulrich and Urquhart, Donald and Jarvis, Graeme and Dey, Arindam and Barbier, Sebastien and Marner, Michael R. and Rhee, Sang},
	year         = 2010,
	journal      = {Proc. - IEEE Virtual Reality},
	pages        = {47--50}
}
@inproceedings{saruchi_modeling_2018,
	title        = {Modeling of head movements towards lateral acceleration direction via system identification for motion sickness study},
	author       = {Saruchi, Sarah 'Atifah and Zamzuri, Hairi and Hassan, Nurhafizzah and Ariff, Mohd Hatta Mohammed},
	year         = 2018,
	booktitle    = {2018 International Conference on Information and Communications Technology (ICOIACT)},
	publisher    = {IEEE},
	pages        = {633--638}
}
@inproceedings{sassatelli_snap-changes_2018,
	title        = {Snap-Changes: A Dynamic Editing Strategy for Directing Viewer's Attention in Streaming Virtual Reality Videos},
	author       = {Sassatelli, Lucile and Pinna-Déry, Anne-Marie and Winckler, Marco and Dambra, Savino and Samela, Giuseppe and Pighetti, Romaric and Aparicio-Pardo, Ramon},
	year         = 2018,
	booktitle    = {Proc. of the 2018 International Conference on Advanced Visual Interfaces},
	publisher    = {ACM}
}
@inproceedings{sawabe_diminished_2016,
	title        = {Diminished Reality for Acceleration – Motion Sickness Reduction with Vection for Autonomous Driving},
	author       = {Sawabe, T and Kanbara, M and Hagita, N},
	year         = 2016,
	booktitle    = {2016 IEEE International Symposium on Mixed and Augmented Reality (ISMAR-Adjunct)},
	pages        = {297--299}
}
@inproceedings{sawabe_diminished_2017,
	title        = {Diminished reality for acceleration stimulus: Motion sickness reduction with vection for autonomous driving},
	author       = {Sawabe, Taishi and Kanbara, Masayuki and Hagita, Norihiro},
	year         = 2017,
	booktitle    = {2017 IEEE Virtual Reality ({VR})},
	publisher    = {IEEE},
	pages        = {277--278}
}
@article{sawada_effects_2020,
	title        = {Effects of synchronised engine sound and vibration presentation on visually induced motion sickness},
	author       = {Sawada, Yuki and Itaguchi, Yoshihiro and Hayashi, Masami and Aigo, Kosuke and Miyagi, Takuya and Miki, Masayuki and Kimura, Tetsuya and Miyazaki, Makoto},
	year         = 2020,
	journal      = {Scientific Reports},
	volume       = 10,
	number       = 1,
	pages        = 7553,
	issn         = {2045-2322},
	language     = {eng},
	pmid         = 32398641
}
@inproceedings{sayyad_walking_2020,
	title        = {Walking and Teleportation in Wide-area Virtual Reality Experiences},
	author       = {Sayyad, Ehsan and Sra, Misha and Hollerer, Tobias},
	year         = 2020,
	booktitle    = {2020 IEEE ISMAR},
	publisher    = {IEEE},
	pages        = {608--617}
}
@inproceedings{schmidt_level-ups_2015,
	title        = {Level-Ups: Motorized Stilts that Simulate Stair Steps in Virtual Reality},
	author       = {Schmidt, Dominik and Kovacs, Rob and Mehta, Vikram and Umapathi, Udayan and Köhler, Sven and Cheng, Lung-Pan and Baudisch, Patrick},
	year         = 2015,
	booktitle    = {Proc. of the 33rd Annual ACM Conference on Human Factors in Computing Systems},
	publisher    = {ACM},
	volume       = 14,
	pages        = {2157--2160}
}
@article{schubert_experience_2001,
	title        = {The Experience of Presence: Factor Analytic Insights},
	author       = {Schubert, Thomas and Friedmann, Frank and Regenbrecht, Holger},
	year         = 2001,
	journal      = {Presence: Teleoperators and Virtual Environments},
	volume       = 10,
	number       = 3,
	pages        = {266--281}
}
@inproceedings{schwind_effects_2020,
	title        = {The Effects of Full-Body Avatar Movement Predictions in Virtual Reality Using Neural Networks},
	author       = {Schwind, Valentin and Halbhuber, David and Fehle, Jakob and Sasse, Jonathan and Pfaffelhuber, Andreas and Tögel, Christoph and Dietz, Julian and Henze, Niels},
	year         = 2020,
	booktitle    = {26th ACM Symposium on Virtual Reality Software and Technology},
	publisher    = {ACM}
}
@inproceedings{seay_simulator_nodate,
	title        = {Simulator sickness and presence in a high FOV virtual environment},
	author       = {Seay, A.F. and Krum, D.M. and Hodges, L. and Ribarsky, W.},
	booktitle    = {Proc. IEEE Virtual Reality 2001},
	publisher    = {IEEE Comput. Soc},
	pages        = {299--300}
}
@techreport{sela_unrestricted_nodate,
	title        = {Unrestricted Facial Geometry Reconstruction Using Image-to-Image Translation},
	author       = {Sela, Matan and Richardson, Elad and Kimmel, Ron}
}
@article{seo_photosensor-based_2017,
	title        = {Photosensor-Based Latency Measurement System for Head-Mounted Displays.},
	author       = {Seo, Min-Woo and Choi, Song-Woo and Lee, Sang-Lyn and Oh, Eui-Yeol and Baek, Jong-Sang and Kang, Suk-Ju},
	year         = 2017,
	journal      = {Sensors (Basel, Switzerland)},
	volume       = 17,
	number       = 5,
	issn         = {1424-8220 (Electronic)},
	language     = {eng},
	pmid         = 28505115
}
@article{seok_virtual_2020,
	title        = {A virtual reality sickness reduction based on real-time individual characteristics},
	author       = {Seok, K.-H. and Kim, Y H and Kim, Y S},
	year         = 2020,
	journal      = {International Journal of Advanced Science and Technology},
	volume       = 29,
	number       = 3,
	pages        = {5999--6009},
	issn         = 20054238
}
@inproceedings{serafin_virtual_2016,
	title        = {Virtual Reality Musical Instruments: Guidelines for Multisensory Interaction Design},
	author       = {Serafin, Stefania and Erkut, Cumhur and Kojs, Juraj and Nordahl, Rolf and Nilsson, Niels C},
	year         = 2016,
	booktitle    = {Proc. of the Audio Mostly 2016},
	publisher    = {ACM},
	pages        = {266--271}
}
@article{shi_virtual_2021,
	title        = {Virtual Reality Sickness Mitigation Methods: A Comparative Study in a Racing Game},
	author       = {Shi, Rongkai and Liang, Hai-Ning and Wu, Yu and Yu, Difeng and Xu, Wenge},
	year         = 2021,
	journal      = {Proc. ACM CGIT},
	volume       = 4,
	number       = 1
}
@inproceedings{sinnott_underwater_2019,
	title        = {Underwater Virtual Reality System for Neutral Buoyancy Training: Development and Evaluation},
	author       = {Sinnott, Christian and Liu, James and Matera, Courtney and Halow, Savannah and Jones, Ann and Moroz, Matthew and Mulligan, Jeffrey and Crognale, Michael and Folmer, Eelke and MacNeilage, Paul},
	year         = 2019,
	booktitle    = {25th ACM Symposium on Virtual Reality Software and Technology},
	publisher    = {ACM}
}
@inproceedings{sirkkunen_journalism_2016,
	title        = {Journalism in Virtual Reality: Opportunities and Future Research Challenges},
	author       = {Sirkkunen, Esa and Väätäjä, Heli and Uskali, Turo and Rezaei, Parisa Pour},
	year         = 2016,
	booktitle    = {Proc. of the 20th International Academic Mindtrek Conference},
	publisher    = {ACM},
	pages        = {297--303}
}
@article{smeddinck_hoverboard_2017,
	title        = {Hoverboard: A leap to the future of locomotion in {VR}⁉},
	author       = {Smeddinck, J and Alexandrovsky, D and Wenig, D and Zimmer, M and Wegele, W and Juergens, S and Malaka, R},
	year         = 2017,
	journal      = {Lecture Notes in Computer Science (including subseries Lecture Notes in Artificial Intelligence and Lecture Notes in Bioinformatics)},
	volume       = {10507 LNCS},
	pages        = {218--225},
	issn         = {03029743},
	editor       = {Munekata N. Hoshino J., Kunita I}
}
@article{smolyanskiy_stereoscopic_2017,
	title        = {Stereoscopic first person view system for drone navigation},
	author       = {Smolyanskiy, N and Gonzalez-Franco, M},
	year         = 2017,
	journal      = {Frontiers Robotics AI},
	volume       = 4,
	number       = {MAR},
	issn         = 22969144
}
@article{smyth_novel_2021,
	title        = {A novel method for reducing motion sickness susceptibility through training visuospatial ability – A two-part study},
	author       = {Smyth, Joseph and Jennings, Paul and Bennett, Peter and Birrell, Stewart},
	year         = 2021,
	journal      = {Applied Ergonomics},
	volume       = 90,
	pages        = 103264,
	issn         = {00036870},
	language     = {eng},
	pmid         = 32920224
}
@article{snowden_motion_2006,
	title        = {Motion Perception in the Ageing Visual System: Minimum Motion, Motion Coherence, and Speed Discrimination Thresholds},
	author       = {Snowden, Robert J. and Kavanagh, Emma},
	year         = 2006,
	journal      = {Perception},
	volume       = 35,
	number       = 1,
	pages        = {9--24},
	issn         = {0301-0066}
}
@article{so_effects_2001,
	title        = {Effects of Navigation Speed on Motion Sickness Caused by an Immersive Virtual Environment},
	author       = {So, Richard H. Y. and Lo, W. T. and Ho, Andy T. K.},
	year         = 2001,
	journal      = {Human Factors: The Journal of the Human Factors and Ergonomics Society},
	volume       = 43,
	number       = 3,
	pages        = {452--461},
	issn         = {0018-7208}
}
@inproceedings{soffel_postural_2016,
	title        = {Postural Stability Analysis in Virtual Reality Using the HTC Vive},
	author       = {Soffel, Fabian and Zank, Markus and Kunz, Andreas},
	year         = 2016,
	booktitle    = {Proc. of the 22nd ACM Conference on Virtual Reality Software and Technology},
	publisher    = {ACM},
	pages        = {351--352}
}
@article{song_examining_2019,
	title        = {Examining Training Comprehension and External Cognition in Evaluations of Uncertainty Visualizations to Support Decision Making},
	author       = {Song, Jihye and Newton, Olivia B. and Fiore, Stephen M. and Pittman, Corey and LaViola, Joseph J.},
	year         = 2019,
	journal      = {Proc. of the Human Factors and Ergonomics Society Annual Meeting},
	volume       = 63,
	number       = 1,
	pages        = {1654--1658},
	issn         = {2169-5067}
}
@article{song_study_2017,
	title        = {A study on cyber sickness of virtual reality based on HMD},
	author       = {Song, E.-J.},
	year         = 2017,
	journal      = {Information (Japan)},
	volume       = 20,
	number       = 7,
	pages        = {5015--5022},
	issn         = 13434500
}
@inproceedings{sra_adding_2019,
	title        = {Adding Proprioceptive Feedback to Virtual Reality Experiences Using Galvanic Vestibular Stimulation},
	author       = {Sra, Misha and Jain, Abhinandan and Maes, Pattie},
	year         = 2019,
	booktitle    = {Proc. of CHI},
	publisher    = {ACM},
	pages        = {1--14}
}
@inproceedings{sra_procedurally_2016,
	title        = {Procedurally Generated Virtual Reality from 3D Reconstructed Physical Space},
	author       = {Sra, Misha and Garrido-Jurado, Sergio and Schmandt, Chris and Maes, Pattie},
	year         = 2016,
	booktitle    = {Proc. of the 22nd ACM Conference on Virtual Reality Software and Technology},
	publisher    = {ACM},
	pages        = {191--200}
}
@inproceedings{sra_steering_2017,
	title        = {Steering locomotion by vestibular perturbation in room-scale {VR}},
	author       = {Sra, Misha},
	year         = 2017,
	booktitle    = {2017 IEEE Virtual Reality ({VR})},
	publisher    = {IEEE},
	pages        = {405--406}
}
@article{stanney_aftereffects_1998,
	title        = {Aftereffects and Sense of Presence in Virtual Environments: Formulation of a Research and Development Agenda},
	author       = {Stanney, Kay and Salvendy, Ga{VR}iel and Deisinger, Joachim and Dizio, Paul and Ellis, Stephen and Ellison, June and Fogleman, Guy and Gallimore, Jennie and Singer, Michael and Hettinger, Larry and Kennedy, Robert and Lackner, James and Lawson, Ben and Maida, James and Mead, Andrew and Mon-Williams, Mark and Newman, Dava and Piantanida, Tom and Reeves, Leah and Witmer, Bob},
	year         = 1998,
	journal      = {Int. J. Hum. Comput.},
	volume       = 10,
	pages        = {135--187}
}
@article{stanney_identifying_2020,
	title        = {Identifying Causes of and Solutions for Cybersickness in Immersive Technology: Reformulation of a Research and Development Agenda},
	author       = {Stanney, Kay and Lawson, Ben D. and Rokers, Bas and Dennison, Mark and Fidopiastis, Cali and Stoffregen, Thomas and Weech, Séamas and Fulvio, Jacqueline M.},
	year         = 2020,
	journal      = {International Journal of Human–Computer Interaction},
	volume       = 36,
	number       = 19,
	pages        = {1783--1803},
	issn         = {1044-7318}
}
@article{stanney_virtual_2020,
	title        = {Virtual Reality Is Sexist: But It Does Not Have to Be},
	author       = {Stanney, K and Fidopiastis, C and Foster, L},
	year         = 2020,
	journal      = {Frontiers in Robotics and AI},
	volume       = 7,
	issn         = 22969144
}
@article{state_case_1994,
	title        = {Case study: observing a volume rendered fetus within a pregnant patient},
	author       = {State, Andrei and Chen, David T. and Tector, Chris and Brandt, Andrew and Chen, Hong and Ohbuchi, Ryutarou and Bajura, Mike and Fuchs, Henry},
	year         = 1994,
	journal      = {Proc. Visualization},
	volume       = {vi},
	pages        = {364--368},
	issn         = 10702385
}
@inproceedings{stauffert_effects_2018,
	title        = {Effects of Latency Jitter on Simulator Sickness in a Search Task},
	author       = {Stauffert, Jan-Philipp and Niebling, Florian and Latoschik, Marc Erich},
	year         = 2018,
	booktitle    = {2018 IEEE {VR}},
	publisher    = {IEEE},
	pages        = {121--127}
}
@inproceedings{stauffert_latency_2017,
	title        = {A Latency and Latency Jitter Simulation Framework with OS{VR}},
	author       = {Stauffert, J -P. and Niebling, F and Latoschik, M E},
	year         = 2017,
	booktitle    = {2017 IEEE 10th Workshop on Software Engineering and Architectures for Realtime Interactive Systems (SEARIS)},
	pages        = {1--7}
}
@inproceedings{stauffert_reducing_2016,
	title        = {Reducing application-stage latencies for real-time interactive systems},
	author       = {Stauffert, J and Niebling, F and Latoschik, M E},
	year         = 2016,
	booktitle    = {2016 IEEE 9th Workshop on Software Engineering and Architectures for Realtime Interactive Systems (SEARIS)},
	pages        = {1--7}
}
@inproceedings{stauffert_towards_2016,
	title        = {Towards Comparable Evaluation Methods and Measures for Timing Behavior of Virtual Reality Systems},
	author       = {Stauffert, Jan-Philipp and Niebling, Florian and Latoschik, Marc Erich},
	year         = 2016,
	booktitle    = {Proc. of the 22nd ACM Conference on Virtual Reality Software and Technology},
	publisher    = {ACM},
	pages        = {47--50}
}
@article{steinicke_estimation_2010,
	title        = {Estimation of Detection Thresholds for Redirected Walking Techniques},
	author       = {Steinicke, F. and Bruder, G. and Jerald, J. and Frenz, H. and Lappe, M.},
	year         = 2010,
	journal      = {IEEE TVCG},
	volume       = 16,
	number       = 1,
	pages        = {17--27},
	issn         = {1077-2626}
}
@inproceedings{stevens_review_2017,
	title        = {A review of adjustable lenses for head mounted displays},
	author       = {Stevens, R E and Jacoby, T N L and Aricescu, I A and Rhodes, D P},
	year         = 2017,
	booktitle    = {Proc. of SPIE - The International Society for Optical Engineering},
	publisher    = {SPIE},
	volume       = 10335,
	editor       = {Urbach H.P. Kress B.C., Osten W}
}
@article{stoffregen_ecological_1988,
	title        = {An ecological theory of orientation and the vestibular system.},
	author       = {Stoffregen, Thomas A. and Riccio, Gary E.},
	year         = 1988,
	journal      = {Psychological Review},
	volume       = 95,
	number       = 1,
	pages        = {3--14},
	issn         = {1939-1471},
	pmid         = 3281178
}
@article{stoffregen_ecological_1991,
	title        = {An Ecological Critique of the Sensory Conflict Theory of Motion Sickness},
	author       = {Stoffregen, Thomas A. and Riccio, Gary E.},
	year         = 1991,
	journal      = {Ecological Psychology},
	volume       = 3,
	number       = 3,
	pages        = {159--194},
	issn         = {1040-7413}
}
@article{stoffregen_flow_1985,
	title        = {Flow structure versus retinal location in the optical control of stance.},
	author       = {Stoffregen, Thomas A.},
	year         = 1985,
	journal      = {Journal of Experimental Psychology: Human Perception and Performance},
	volume       = 11,
	number       = 5,
	pages        = {554--565},
	issn         = {1939-1277}
}
@article{stoffregen_motion_2008,
	title        = {Motion sickness and postural sway in console video games.},
	author       = {Stoffregen, Thomas A and Faugloire, Elise and Yoshida, Ken and Flanagan, Moira B and Merhi, Omar},
	year         = 2008,
	journal      = {Human factors},
	volume       = 50,
	number       = 2,
	pages        = {322--331},
	issn         = {0018-7208 (Print)},
	language     = {eng},
	pmid         = 18516842
}
@article{stoffregen_postural_1998,
	title        = {Postural instability precedes motion sickness},
	author       = {Stoffregen, Thomas A. and Smart, L. James},
	year         = 1998,
	journal      = {Brain Research Bulletin},
	volume       = 47,
	number       = 5,
	pages        = {437--448},
	issn         = {03619230},
	pmid         = 10052572
}
@article{stoffregen_role_1986,
	title        = {The role of optical velocity in the control of stance},
	author       = {Stoffregen, Thomas A.},
	year         = 1986,
	journal      = {Perception \& Psychophysics},
	volume       = 39,
	number       = 5,
	pages        = {355--360},
	issn         = {00315117},
	pmid         = 3737368
}
@article{stoffregen_senses_2017,
	title        = {The Senses Considered as One Perceptual System},
	author       = {Stoffregen, Thomas A. and Mantel, Bruno and Bardy, Benoît G.},
	year         = 2017,
	journal      = {Ecological Psychology},
	volume       = 29,
	number       = 3,
	pages        = {165--197},
	issn         = {1040-7413}
}
@article{stoffregen_specification_2001,
	title        = {On specification and the senses},
	author       = {Stoffregen, Thomas A. and Bardy, Benoît G.},
	year         = 2001,
	journal      = {Behavioral and Brain Sciences},
	volume       = 24,
	number       = 2,
	pages        = {195--213},
	issn         = {0140-525X},
	pmid         = 11530542
}
@article{stoffregen_use_1987,
	title        = {Use of central and peripheral optical flow in stance and locomotion in young walkers.},
	author       = {Stoffregen, T. A. and Schmuckler, M. A. and Gibson, E. J.},
	year         = 1987,
	journal      = {Perception},
	volume       = 16,
	number       = 1,
	pages        = {113--119},
	issn         = {03010066},
	pmid         = 3671034
}
@inproceedings{sugano_effects_2003,
	title        = {The effects of shadow representation of virtual objects in augmented reality},
	author       = {Sugano, Natsuki and Kato, Hirokazu and Tachibana, Keihachiro},
	year         = 2003,
	booktitle    = {The Second IEEE and ACM International Symposium on Mixed and Augmented Reality, 2003. Proc..},
	publisher    = {IEEE Comput. Soc},
	pages        = {76--83}
}
@inproceedings{suma_comparison_2007,
	title        = {Comparison of Travel Techniques in a Complex, Multi-Level 3D Environment},
	author       = {Suma, Evan A. and Babu, Sabarish V. and Hodges, Larry F.},
	year         = 2007,
	booktitle    = {IEEE Symposium on 3D User Interfaces, 3DUI 2007, Charlotte, North Carolina, USA, 10-11 March, 2007},
	publisher    = {IEEE Computer Society},
	pages        = 32
}
@article{suma_evaluation_2010,
	title        = {Evaluation of the Cognitive Effects of Travel Technique in Complex Real and Virtual Environments},
	author       = {Suma, Evan A. and Finkelstein, Samantha L. and Reid, Myra and Babu, Sabarish V. and Ulinski, Amy Catherine and Hodges, Larry F.},
	year         = 2010,
	journal      = {IEEE TVCG},
	volume       = 16,
	number       = 4,
	pages        = {690--702}
}
@article{suma_impossible_2012,
	title        = {Impossible Spaces: Maximizing Natural Walking in Virtual Environments with Self-Overlapping Architecture},
	author       = {Suma, Evan A. and Lipps, Zachary and Finkelstein, Samantha L. and Krum, David M. and Bolas, Mark T.},
	year         = 2012,
	journal      = {IEEE TVCG},
	volume       = 18,
	number       = 4,
	pages        = {555--564}
}
@inproceedings{suma_leveraging_2011,
	title        = {Leveraging change blindness for redirection in virtual environments},
	author       = {Suma, Evan A. and Clark, Seth and Krum, David M. and Finkelstein, Samantha L. and Bolas, Mark T. and Wartell, Zachary},
	year         = 2011,
	booktitle    = {IEEE Virtual Reality Conference, {VR} 2011, Singapore, 19-23 March 2011},
	publisher    = {IEEE Computer Society},
	pages        = {159--166},
	editor       = {Hirose, Michitaka and Lok, Benjamin and Majumder, Aditi and Schmalstieg, Dieter}
}
@article{sun_towards_2018,
	title        = {Towards virtual reality infinite walking: dynamic saccadic redirection},
	author       = {Sun, Qi and Patney, Anjul and Wei, Li-Yi and Shapira, Omer and Lu, Jingwan and Asente, Paul and Zhu, Suwen and Mcguire, Morgan and Luebke, David and Kaufman, Arie},
	year         = 2018,
	journal      = {ACM TOG},
	volume       = 37,
	number       = 4,
	issn         = {0730-0301}
}
@article{swan_perceptual_2006,
	title        = {A perceptual matching technique for depth judgments in optical, see-through augmented reality},
	author       = {Swan, J. Edward and Livingston, Mark A. and Smallman, Harvey S. and Brown, Dennis and Baillot, Yohan and Gabbard, Joseph L. and Hix, Deborah},
	year         = 2006,
	journal      = {Proc. - IEEE Virtual Reality},
	volume       = 2006,
	pages        = {19--26}
}
@article{tanahashi_effects_2007,
	title        = {Effects of visually simulated roll motion on vection and postural stabilization},
	author       = {Tanahashi, Shigehito and Ujike, Hiroyasu and Kozawa, Ryo and Ukai, Kazuhiko},
	year         = 2007,
	journal      = {Journal of NeuroEngineering and Rehabilitation},
	volume       = 4,
	pages        = {1--11},
	issn         = 17430003,
	pmid         = 17922922
}
@article{tariq_noise-based_2022,
	title        = {Noise-based enhancement for foveated rendering},
	author       = {Tariq, Taimoor and Tursun, Cara and Didyk, Piotr},
	year         = 2022,
	journal      = {ACM TOG},
	volume       = 41,
	number       = 4,
	pages        = {1--14},
	issn         = {0730-0301}
}
@inproceedings{tashiro_twincam_2017,
	title        = {TwinCam: Omni-Directional Stereoscopic Live Viewing Camera for Reducing Motion Blur during Head Rotation},
	author       = {Tashiro, Kento and Fujie, Toi and Ikei, Yasushi and Amemiya, Tomohiro and Hirota, Koichi and Kitazaki, Michiteru},
	year         = 2017,
	booktitle    = {ACM SIGGRAPH 2017 Emerging Technologies},
	publisher    = {ACM}
}
@article{tashjian_virtual_2017,
	title        = {Virtual Reality for Management of Pain in Hospitalized Patients: Results of a Controlled Trial.},
	author       = {Tashjian, Vartan C and Mosadeghi, Sasan and Howard, Amber R and Lopez, Mayra and Dupuy, Taylor and Reid, Mark and Martinez, Bibiana and Ahmed, Shahzad and Dailey, Francis and Robbins, Karen and Rosen, Bradley and Fuller, Garth and Danovitch, Itai and IsHak, Waguih and Spiegel, Brennan},
	year         = 2017,
	journal      = {JMIR mental health},
	volume       = 4,
	number       = 1,
	pages        = {e9},
	issn         = {2368-7959 (Print)},
	language     = {eng},
	pmid         = 28356241
}
@article{terziman_shake-your-head_2011,
	title        = {Shake-Your-Head : Revisiting Walking-In-Place for Desktop Virtual Reality To cite this version : HAL Id : hal-00641360 Shake-Your-Head : Revisiting Walking-In-Place for Desktop Virtual Reality},
	author       = {Terziman, Léo and Marchal, Maud and Emily, Mathieu and Multon, Franck and Arnaldi, Bruno and Terziman, Léo and Marchal, Maud and Emily, Mathieu and Multon, Franck and Arnaldi, Bruno and Anatole, L},
	year         = 2011
}
@article{tian_least_2024,
	title        = {The Least Increasing Aversion (LIA) Protocol: Illustration on Identifying Individual Susceptibility to Cybersickness Triggers},
	author       = {Tian, Nana and Boulic, Ronan},
	year         = 2024,
	journal      = {IEEE TVCG},
	pages        = {1--14}
}
@article{tian_review_2022,
	title        = {A review of cybersickness in head-mounted displays: raising attention to individual susceptibility},
	author       = {Tian, Nana and Lopes, Phil and Boulic, Ronan},
	year         = 2022,
	journal      = {Virtual Reality},
	volume       = 26,
	number       = 4,
	pages        = {1409--1441},
	issn         = {1434-9957}
}
@article{tian_who_2024,
	title        = {Who says you are so sick? An investigation on individual susceptibility to cybersickness triggers using {EEG}, {EGG} and {ECG}},
	author       = {Tian, Nana and Boulic, Ronan},
	year         = 2024,
	journal      = {IEEE TVCG},
	volume       = 30,
	number       = 5,
	pages        = {2380--2389}
}
@article{tregillus_handsfree_2017,
	title        = {Handsfree omnidirectional {VR} navigation using head tilt},
	author       = {Tregillus, Sam and Al Zayer, Majed and Folmer, Eelke},
	year         = 2017,
	journal      = {Conference on Human Factors in Computing Systems - Proc.},
	volume       = {2017-May},
	pages        = {4063--4068}
}
@inproceedings{tregillus_{VR}-drop_2016,
	title        = {{VR}-Drop: Exploring the Use of Walking-in-Place to Create Immersive {VR} Games},
	author       = {Tregillus, Sam},
	year         = 2016,
	booktitle    = {Proc. of the 2016 CHI Conference Extended Abstracts on Human Factors in Computing Systems},
	publisher    = {ACM},
	pages        = {176--179}
}
@inproceedings{tregillus_{VR}-step_2016,
	title        = {{VR}-STEP: Walking-in-Place Using Inertial Sensing for Hands Free Navigation in Mobile {VR} Environments},
	author       = {Tregillus, Sam and Folmer, Eelke},
	year         = 2016,
	booktitle    = {Proc. of the 2016 CHI Conference on Human Factors in Computing Systems},
	publisher    = {ACM},
	pages        = {1250--1255}
}
@article{treisman_motion_1977,
	title        = {Motion sickness: an evolutionary hypothesis.},
	author       = {Treisman, M},
	year         = 1977,
	journal      = {Science},
	volume       = 197,
	number       = 4302,
	pages        = {493--495},
	issn         = {0036-8075 (Print)},
	language     = {eng},
	pmid         = 301659
}
@inproceedings{tsai_research_2020,
	title        = {Research on reducing motion sickness of playing first person shooting {VR} game with texture blur},
	author       = {Tsai, T.-L. and Chuang, C.-H. and Chen, C.-Y. and Wu, P.-J. and Chen, H.-W.},
	year         = 2020,
	booktitle    = {Digest of Technical Papers - SID International Symposium},
	publisher    = {Blackwell Publishing Ltd},
	volume       = 51,
	pages        = {273--276},
	editor       = {J., Donelan}
}
@inproceedings{usenko_direct_2016,
	title        = {Direct visual-inertial odometry with stereo cameras},
	author       = {Usenko, Vladyslav and Engel, Jakob and Stückler, Jörg and Cremers, Daniel},
	year         = 2016,
	booktitle    = {2016 IEEE International Conference on Robotics and Automation (ICRA)},
	pages        = {1885--1892}
}
@inproceedings{usoh_walking_1999,
	title        = {Walking {\textgreater} walking-in-place {\textgreater} flying, in virtual environments},
	author       = {Usoh, Martin and Arthur, Kevin and Whitton, Mary C. and Bastos, Rui and Steed, Anthony and Slater, Mel and Brooks, Frederick P.},
	year         = 1999,
	booktitle    = {SIGGRAPH'99},
	pages        = {359--364}
}
@article{valkov_traveling_2010,
	title        = {Traveling in 3D Virtual Environments with Foot Gestures and a Multi-Touch enabled WIM},
	author       = {Valkov, D. and Steinicke, F. and Bruder, G. and Hinrichs, K.},
	year         = 2010,
	journal      = {Proc. of Virtual Reality International Conference ({VR}IC 2010)},
	volume       = 7,
	number       = {April},
	pages        = {171--180}
}
@article{van_der_bles_effects_2020,
	title        = {The effects of communicating uncertainty on public trust in facts and numbers},
	author       = {van der Bles, Anne Marthe and van der Linden, Sander and Freeman, Alexandra L.J. and Spiegelhalter, David J.},
	year         = 2020,
	journal      = {Proc. of the National Academy of Sciences of the United States of America},
	volume       = 117,
	number       = 14,
	pages        = {7672--7683},
	issn         = 10916490,
	pmid         = 32205438
}
@inproceedings{vasylevska_{VR}_2020,
	title        = {{VR} Bridges: Simulating Smooth Uneven Surfaces in {VR}},
	author       = {Vasylevska, Khrystyna and Kovács, Bálint István and Kaufmann, Hannes},
	year         = 2020,
	booktitle    = {2020 IEEE {VR}},
	pages        = {388--397}
}
@inproceedings{venkatakrishnan_comparative_2020,
	title        = {Comparative Evaluation of the Effects of Motion Control on Cybersickness in Immersive Virtual Environments},
	author       = {Venkatakrishnan, Roshan and Venkatakrishnan, Rohith and Bhargava, Ayush and Lucaites, Kathryn and Solini, Hannah and Volonte, Matias and Robb, Andrew and Babu, Sabarish V and Lin, Wen-Chieh and Lin, Yun-Xuan},
	year         = 2020,
	booktitle    = {2020 IEEE {VR}},
	publisher    = {IEEE},
	pages        = {672--681}
}
@article{venkatakrishnan_effects_2023,
	title        = {The Effects of Auditory, Visual, and Cognitive Distractions on Cybersickness in Virtual Reality},
	author       = {Venkatakrishnan, Rohith and Venkatakrishnan, Roshan and Raveendranath, Balagopal and Sarno, Dawn M. and Robb, Andrew C. and Lin, Wen-Chieh and Babu, Sabarish V.},
	year         = 2023,
	journal      = {IEEE TVCG},
	pages        = {1--16}
}
@article{venkatakrishnan_effects_2024,
	title        = {The Effects of Secondary Task Demands on Cybersickness in Active Exploration Virtual Reality Experiences},
	author       = {Venkatakrishnan, Rohith and Venkatakrishnan, Roshan and Raveendranath, Balagopal and Canales, Ryan and Sarno, Dawn M. and Robb, Andrew C. and Lin, Wen–Chieh and Babu, Sabarish V.},
	year         = 2024,
	journal      = {IEEE TVCG},
	volume       = 30,
	number       = 5,
	pages        = {2745--2755}
}
@article{von_kapri_comparing_2011,
	title        = {Comparing steering-based travel techniques for search tasks in a CAVE},
	author       = {Von Kapri, Anette and Rick, Tobias and Feiner, Steven},
	year         = 2011,
	journal      = {Proc. - IEEE Virtual Reality},
	pages        = {91--94}
}
@article{von_meyenn_uber_1990,
	title        = {Über das Relativitätsprinzip und die aus demselben gezogenen Folgerungen},
	author       = {von Meyenn, Karl},
	year         = 1990,
	journal      = {Albert Einsteins Relativitätstheorie},
	pages        = {160--214}
}
@inproceedings{von_willich_podoportation_2020,
	title        = {Podoportation: Foot-Based Locomotion in Virtual Reality},
	author       = {von Willich, Julius and Schmitz, Martin and Müller, Florian and Schmitt, Daniel and Mühlhäuser, Max},
	year         = 2020,
	booktitle    = {Proc. of the 2020 CHI Conference on Human Factors in Computing Systems},
	publisher    = {ACM},
	pages        = {1--14}
}
@article{wada_analysis_2018,
	title        = {Analysis of driver's head tilt using a mathematical model of motion sickness},
	author       = {Wada, Takahiro and Fujisawa, Satoru and Doi, Shunichi},
	year         = 2018,
	journal      = {International Journal of Industrial Ergonomics},
	volume       = 63,
	pages        = {89--97},
	issn         = 18728219
}
@article{wada_can_2012,
	title        = {Can passengers' active head tilt decrease the severity of carsickness?: Effect of head tilt on severity of motion sickness in a lateral acceleration environment},
	author       = {Wada, Takahiro and Konno, Hiroyuki and Fujisawa, Satoru and Doi, Shun'Ichi},
	year         = 2012,
	journal      = {Human Factors},
	volume       = 54,
	number       = 2,
	pages        = {226--234},
	issn         = {00187208}
}
@article{wada_effect_2016,
	title        = {Effect of Passengers' Active Head Tilt and Opening/Closure of Eyes on Motion Sickness in Lateral Acceleration Environment of Cars},
	author       = {Wada, Takahiro and Yoshida, Keigo},
	year         = 2016,
	journal      = {Ergonomics}
}
@inproceedings{wagener_investigating_2020,
	title        = {Investigating Effects and User Preferences of Extra- and Intradiegetic Virtual Reality Questionnaires},
	author       = {Wagener, Nadine and Stamer, Mareike and Schöning, Johannes and Tümler, Johannes},
	year         = 2020,
	booktitle    = {26th ACM Symposium on Virtual Reality Software and Technology},
	publisher    = {ACM}
}
@article{walton_beyond_2021,
	title        = {Beyond blur: real-time ventral metamers for foveated rendering},
	author       = {Walton, David R. and Anjos, Rafael Kuffner Dos and Friston, Sebastian and Swapp, David and Akşit, Kaan and Steed, Anthony and Ritschel, Tobias},
	year         = 2021,
	journal      = {ACM TOG},
	volume       = 40,
	number       = 4,
	pages        = {1--14},
	issn         = {0730-0301}
}
@article{wang_rectifying_2023,
	title        = {Rectifying Strip Patterns},
	author       = {Wang, Bolun and Wang, Hui and Schling, Eike and Pottmann, Helmut},
	year         = 2023,
	journal      = {ACM TOG},
	volume       = 42,
	number       = 6,
	issn         = {0730-0301}
}
@inproceedings{wang_VR_2019,
	title        = {{VR} Sickness Prediction for Navigation in Immersive Virtual Environments using a Deep Long Short Term Memory Model},
	author       = {Wang, Yuyang and Chardonnet, Jean-Rémy and Merienne, Frédéric},
	year         = 2019,
	booktitle    = {IEEE {VR}},
	pages        = {1874--1881}
}
@article{wann_postural_1998,
	title        = {Postural control and co-ordination disorders: The swinging room revisited},
	author       = {Wann, John P. and Mon-Williams, Mark and Rushton, Katherine},
	year         = 1998,
	journal      = {Human Movement Science},
	volume       = 17,
	number       = {4-5},
	pages        = {491--513},
	issn         = {01679457}
}
@article{warren_direction_1988,
	title        = {Direction of self-motion is perceived from optical flow},
	author       = {Warren, William H. and Hannon, Daniel J.},
	year         = 1988,
	journal      = {Nature},
	volume       = 336,
	number       = 6195,
	pages        = {162--163},
	issn         = {0028-0836}
}
@article{warren_optic_2001,
	title        = {Optic flow is used to control human walking},
	author       = {Warren, William H. and Kay, Bruce A. and Zosh, Wendy D. and Duchon, Andrew P. and Sahuc, Stephanie},
	year         = 2001,
	journal      = {Nature Neuroscience},
	volume       = 4,
	number       = 2,
	pages        = {213--216},
	issn         = {1097-6256}
}
@article{warren_perception_1988,
	title        = {Perception of translational heading from optical flow.},
	author       = {Warren, William H. and Morris, Michael W. and Kalish, Michael},
	year         = 1988,
	journal      = {Journal of Experimental Psychology: Human Perception and Performance},
	volume       = 14,
	number       = 4,
	pages        = {646--660},
	issn         = {1939-1277}
}
@article{warren_role_1992,
	title        = {The role of central and peripheral vision in perceiving the direction of self-motion},
	author       = {Warren, William H. and Kurtz, Kenneth J.},
	year         = 1992,
	journal      = {Perception \& Psychophysics},
	volume       = 51,
	number       = 5,
	pages        = {443--454},
	issn         = {0031-5117}
}
@article{watanabe_head-synced_2020,
	title        = {Head-synced Drone Control for Reducing Virtual Reality Sickness},
	author       = {Watanabe, K and Takahashi, M},
	year         = 2020,
	journal      = {Journal of Intelligent and Robotic Systems: Theory and Applications},
	volume       = 97,
	number       = {3-4},
	pages        = {733--744},
	issn         = {09210296}
}
@article{watson_supra-threshold_2004,
	title        = {Supra-threshold control of peripheral LOD},
	author       = {Watson, Benjamin and Walker, Neff and Hodges, Larry F.},
	year         = 2004,
	journal      = {ACM TOG},
	volume       = 23,
	number       = 3,
	pages        = {750--759},
	issn         = {0730-0301}
}
@article{weech_influence_2018,
	title        = {Influence of bone-conducted vibration on simulator sickness in virtual reality},
	author       = {Weech, Séamas and Moon, Jae and Troje, Nikolaus F},
	year         = 2018,
	journal      = {PLOS ONE},
	volume       = 13,
	number       = 3,
	pages        = {e0194137},
	issn         = {1932-6203},
	language     = {eng},
	editor       = {Stoffregen, Thomas A.},
	pmid         = 29590147
}
@inproceedings{wei_fast_2000,
	title        = {Fast texture synthesis using tree-structured vector quantization},
	author       = {Wei, Li-Yi and Levoy, Marc},
	year         = 2000,
	booktitle    = {Proc. of the 27th annual conference on Computer graphics and interactive techniques - SIGGRAPH '00},
	publisher    = {ACM Press},
	pages        = {479--488}
}
@article{wei_multi-class_2010,
	title        = {Multi-class blue noise sampling},
	author       = {Wei, Li-Yi},
	year         = 2010,
	journal      = {ACM TOG},
	volume       = 29,
	number       = 4,
	pages        = {1--8},
	issn         = {0730-0301}
}
@article{weier_perception-driven_2017,
	title        = {Perception-driven Accelerated Rendering},
	author       = {Weier, M. and Stengel, M. and Roth, T. and Didyk, P. and Eisemann, E. and Eisemann, M. and Grogorick, S. and Hinkenjann, A. and Kruijff, E. and Magnor, M. and Myszkowski, K. and Slusallek, P.},
	year         = 2017,
	journal      = {Computer Graphics Forum},
	volume       = 36,
	number       = 2,
	pages        = {611--643},
	issn         = {01677055}
}
@inproceedings{weissker_spatial_2018,
	title        = {Spatial Updating and Simulator Sickness During Steering and Jumping in Immersive Virtual Environments},
	author       = {Weissker, Tim and Kunert, Andre and Frohlich, Bernd and Kulik, Alexander},
	year         = 2018,
	booktitle    = {IEEE {VR}},
	pages        = {97--104}
}
@inproceedings{weser_user_2016,
	title        = {User Sensitivity to Speed- and Height-Mismatch in {VR}},
	author       = {Weser, Veronica U and Hesch, Joel and Lee, Johnny and Proffitt, Dennis R},
	year         = 2016,
	booktitle    = {Proc. of the SAP},
	publisher    = {ACM},
	pages        = 143
}
@inproceedings{whittinghill_nasum_2015,
	title        = {Nasum virtualis: A simple technique for reducing simulator sickness},
	author       = {Whittinghill, David Matthew and Ziegler, Bradley and Case, T and Moore, B},
	year         = 2015,
	booktitle    = {Games Developers Conference (GDC)},
	pages        = 74
}
@article{widdowson_assessing_2019,
	title        = {Assessing Postural Instability and Cybersickness Through Linear and Angular Displacement.},
	author       = {Widdowson, Christopher and Becerra, Israel and Merrill, Cameron and Wang, Ranxiao Frances and LaValle, Steven},
	year         = 2019,
	journal      = {Human factors},
	pages        = 18720819881254,
	issn         = {1547-8181 (Electronic)},
	language     = {eng},
	pmid         = 31651196
}
@article{widdowson_assessing_2021,
	title        = {Assessing Postural Instability and Cybersickness Through Linear and Angular Displacement},
	author       = {Widdowson, Christopher and Becerra, Israel and Merrill, Cameron and Wang, Ranxiao Frances and LaValle, Steven},
	year         = 2021,
	journal      = {Human Factors},
	volume       = 63,
	number       = 2,
	pages        = {296--311}
}
@inproceedings{wienrich_virtual_2018,
	title        = {A Virtual Nose as a Rest-Frame - The Impact on Simulator Sickness and Game Experience},
	author       = {Wienrich, Carolin and Weidner, Christine Katharina and Schatto, Celina and Obremski, David and Israel, Johann Habakuk},
	year         = 2018,
	booktitle    = {International Conference on Virtual Worlds and Games for Serious Applications},
	publisher    = {IEEE},
	pages        = {1--8}
}
@inproceedings{wolf_jump{VR}_2020,
	title        = {Jump{VR}: Jump-Based Locomotion Augmentation for Virtual Reality},
	author       = {Wolf, Dennis and Rogers, Katja and Kunder, Christoph and Rukzio, Enrico},
	year         = 2020,
	booktitle    = {Proc. of the 2020 CHI Conference on Human Factors in Computing Systems},
	publisher    = {ACM},
	pages        = {1--12}
}
@inproceedings{wolf_using_2017,
	title        = {Using Virtual Reality for Prototyping Interactive Architecture},
	author       = {Wolf, Katrin and Funk, Markus and Khalil, Rami and Knierim, Pascal},
	year         = 2017,
	booktitle    = {Proc. of the 16th International Conference on Mobile and Ubiquitous Multimedia},
	publisher    = {ACM},
	pages        = {457--464}
}
@inproceedings{wolwer_how_2024,
	title        = {How Long Do I Want to Fade Away? The Duration of Fade-To-Black Transitions in Target-Based Discontinuous Travel (Teleportation)},
	author       = {Wölwer, Matthias and Weyers, Benjamin and Zielasko, Daniel},
	year         = 2024,
	booktitle    = {IEEE {VR}W},
	pages        = {817--818}
}
@inproceedings{wu_adaptive_2022,
author = {Wu, Fei and Suma Rosenberg, Evan},
title = {Adaptive Field-of-view Restriction: Limiting Optical Flow to Mitigate Cybersickness in Virtual Reality},
year = {2022},
publisher = {ACM},
booktitle = {Proc. of VRST},
articleno = {28},
numpages = {11},
}
@inproceedings{wu_asymmetric_2022,
	title        = {Asymmetric Lateral Field-of-View Restriction to Mitigate Cybersickness During Virtual Turns},
	author       = {Wu, Fei and Rosenberg, Evan Suma},
	year         = 2022,
	booktitle    = {IEEE {VR}},
	pages        = {103--111}
}
@inproceedings{wu_combining_2019,
	title        = {Combining Dynamic Field of View Modification with Physical Obstacle Avoidance},
	author       = {Wu, Fei and Rosenberg, Evan Suma},
	year         = 2019,
	booktitle    = {IEEE {VR}},
	pages        = {1882--1883}
}

@inproceedings{wu_dont_2021,
	title        = {Don't Block the Ground: Reducing Discomfort in Virtual Reality with an Asymmetric Field-of-View Restrictor},
	author       = {Wu, Fei and Bailey, George S. and Stoffregen, Thomas and Suma Rosenberg, Evan},
	year         = 2021,
	booktitle    = {Symposium on Spatial User Interaction},
	publisher    = {ACM},
	pages        = {1--10}
}
@article{wu_perceiving_2004,
	title        = {Perceiving distance accurately by a directional process of integrating ground information},
	author       = {Wu, Bing and Ooi, Teng Leng and He, Zijiang J.},
	year         = 2004,
	journal      = {Nature},
	volume       = 428,
	number       = 6978,
	pages        = {73--77},
	issn         = {0028-0836}
}
@article{wu_vision-related_2019,
	title        = {Vision-related Quality of Life in Glaucoma Patients and its Correlations With Psychological Disturbances and Visual Function Indices.},
	author       = {Wu, Na and Kong, Xiangmei and Gao, Jian and Sun, Xinghuai},
	year         = 2019,
	journal      = {Journal of glaucoma},
	volume       = 28,
	number       = 3,
	pages        = {207--215},
	issn         = {1536-481X (Electronic)},
	language     = {eng},
	pmid         = 30624385
}
@inproceedings{xiao_augmenting_2016,
	title        = {Augmenting the Field-of-View of Head-Mounted Displays with Sparse Peripheral Displays},
	author       = {Xiao, Robert and Benko, Hrvoje},
	year         = 2016,
	booktitle    = {Proc. of CHI},
	publisher    = {ACM},
	pages        = {1221--1232}
}
@inproceedings{yamamoto_mobius_2018,
	title        = {Mobius Walker: Pitch and Roll Redirected Walking},
	author       = {Yamamoto, Tatsuki and Shimatani, Jumpei and Ohashi, Isamu and Matsumoto, Keigo and Narumi, Takuji and Tanikawa, Tomohiro and Hirose, Michitaka},
	year         = 2018,
	booktitle    = {IEEE {VR}},
	pages        = {783--784}
}
@inproceedings{yamamura_pleasant_2020,
	title        = {Pleasant Locomotion – Towards Reducing Cybersickness Using FNIRS during Walking Events in {VR}},
	author       = {Yamamura, Hiroo and Baldauf, Holger and Kunze, Kai},
	year         = 2020,
	booktitle    = {Adjunct Publication of the 33rd Annual ACM Symposium on User Interface Software and Technology},
	publisher    = {ACM},
	pages        = {56--58}
}
@inproceedings{yan_eyes-free_2018,
	title        = {Eyes-Free Target Acquisition in Interaction Space around the Body for Virtual Reality},
	author       = {Yan, Yukang and Yu, Chun and Ma, Xiaojuan and Huang, Shuai and Iqbal, Hasan and Shi, Yuanchun},
	year         = 2018,
	booktitle    = {Proc. of the 2018 CHI Conference on Human Factors in Computing Systems},
	publisher    = {ACM},
	pages        = {1--13}
}
@inproceedings{yi_elastic-move_2020,
	title        = {Elastic-Move: Passive Force Feedback Devices for Virtual Reality Locomotion},
	author       = {Yi, D and Chang, K and Tai, Y and Chen, I and Hung, Y},
	year         = 2020,
	booktitle    = {IEEE {VR}W},
	pages        = {766--767}
}

@article{yildirim_dont_2020,
	title        = {Don't make me sick: investigating the incidence of cybersickness in commercial virtual reality headsets},
	author       = {Yildirim, C},
	year         = 2020,
	journal      = {Virtual Reality},
	volume       = 24,
	number       = 2,
	pages        = {231--239},
	issn         = 13594338
}
@inproceedings{yoshihara_fog-assisted_2019,
	title        = {Fog-Assisted Virtual Reality MMOG with Ultra Low Latency},
	author       = {Yoshihara, T and Fujita, S},
	year         = 2019,
	booktitle    = {2019 Seventh International Symposium on Computing and Networking (CANDAR)},
	pages        = {121--129}
}
@article{yu_pseudo-haptic_2020,
	title        = {Pseudo-Haptic Display of Mass and Mass Distribution during Object Rotation in Virtual Reality},
	author       = {Yu, Run and Bowman, Doug A.},
	year         = 2020,
	journal      = {IEEE TVCG},
	volume       = 26,
	number       = 5,
	pages        = {2094--2103},
	issn         = 19410506,
	pmid         = 32078548
}
@inproceedings{yu_reduce_2017,
	title        = {Reduce simulator sickness by overwritten symbol in smartphone-based {VR} System},
	author       = {Yu, X and Weng, D and Cai, L},
	year         = 2017,
	booktitle    = {Proc. - 2016 International Conference on Virtual Reality and Visualization, IC{VR}V 2016},
	publisher    = {Institute of Electrical and Electronics Engineers Inc.},
	pages        = {426--429},
	editor       = {Ding D. Wang D., Chen J Luo X}
}
@article{zaal_effects_2015,
	title        = {Effects of false tilt cues on the training of manual roll control skills},
	author       = {Zaal, Peter M.T. and Popovici, Alexandru and Zavala, Melinda A.},
	year         = 2015,
	journal      = {AIAA Modeling and Simulation Technologies Conference, 2015},
	pages        = {1--15}
}
@inproceedings{zaidi_experimenting_2018,
	title        = {Experimenting Novel Virtual-Reality Immersion Strategy to Alleviate Cybersickness},
	author       = {Zaidi, Syed Fawad Mustafa and Male, Thomas},
	year         = 2018,
	booktitle    = {Proc. of the 24th ACM Symposium on Virtual Reality Software and Technology},
	publisher    = {ACM}
}
@inproceedings{zhang_virtual_2020,
	title        = {Virtual Navigation considering User Workspace: Automatic and Manual Positioning before Teleportation},
	author       = {Zhang, Yiran and Ladeveze, Nicolas and Nguyen, Huyen and Fleury, Cedric and Bourdot, Patrick},
	year         = 2020,
	booktitle    = {26th ACM Symposium on Virtual Reality Software and Technology},
	publisher    = {ACM},
	pages        = {1--11}
}
@inproceedings{zhao_2023,
	title        = {Deep Learning-based Simulator Sickness Estimation from 3D Motion},
	author       = {J. Zhao and K. P. Tran and A. Chalmers and W. Hoh and R. Yao and A. Dey and J. Wilmott and J. Lin and M. Billinghurst and R. W. Lindeman and T. Rhee},
	year         = 2023,
	booktitle    = {IEEE ISMAR},
	volume       = {},
	pages        = {39--48},
	issn         = {}
}
@article{zhao_affordance_2021,
	title        = {Affordance Judgments in Mobile Augmented Reality with Cues},
	author       = {Zhao, Yu and Stefanucci, Jeanine and Creem-Regehr, Sarah and Bodenheimer, Bobby},
	year         = 2021,
	number       = {March},
	pages        = {559--560}
}
@article{zhao_mitigation_2022,
	title        = {Mitigation of {VR} Sickness during Locomotion with a Motion-Based Dynamic Vision Modulator},
	author       = {Zhao, Guanghan and Orlosky, Jason and Feiner, Steven and Ratsamee, Photchara and Uranishi, Yuki},
	year         = 2022,
	journal      = {IEEE TVCG},
	pages        = {1--13},
	issn         = {1077-2626}
}
@article{zhu_zhu_1998,
	title        = {Zhu, S.C., Wu, Y. \& Mumford, D. Filters, Random Fields and Maximum Entropy (FRAME): Towards a Unified Theory for Texture Modeling.},
	author       = {Zhu, Song Chun and Wu, Yingnian and Mumford, David},
	year         = 1998,
	journal      = {International Journal of Computer Vision},
	volume       = 27,
	number       = 2,
	pages        = {107--126},
	issn         = {09205691}
}
@inproceedings{zielasko_dynamic_2018,
	title        = {Dynamic Field of View Reduction Related to Subjective Sickness Measures in an HMD-based Data Analysis Task},
	author       = {Zielasko, Daniel and Meißner, Alexander and Sebastian, Freitag and Weyers, Benjamin and Kuhlen, Torsten W},
	year         = 2018,
	booktitle    = {Proc. of IEEE Virtual Reality Workshop on Everyday Virtual Reality}
}
@inproceedings{zielasko_non-stationary_2019,
	title        = {A Non-Stationary Office Desk Substitution for Desk-Based and HMD-Projected Virtual Reality},
	author       = {Zielasko, Daniel and Weyers, Benjamin and Kuhlen, Torsten W.},
	year         = 2019,
	booktitle    = {IEEE {VR}},
	pages        = {1884--1889}
}
@inproceedings{zielasko_systematic_2022,
	title        = {Systematic Design Space Exploration of Discrete Virtual Rotations in {VR}},
	author       = {Zielasko, Daniel and Heib, Jonas and Weyers, Benjamin},
	year         = 2022,
	booktitle    = {IEEE {VR}},
	pages        = {693--702}
}

@article{yip_preregistered_2024,
	title = {Preregistered test of whether a virtual nose reduces cybersickness},
	volume = {9},
	number = {1},
	journal = {Cognitive Research: Principles and Implications},
	author = {Yip, Sai Ho and Ng, Adrian KT and Lau, Henry YK and Saunders, Jeffrey A},
	year = {2024},
	pages = {74},
}