@inproceedings{chen2016xgboost,
  title={Xgboost: A scalable tree boosting system},
  author={Chen, Tianqi and Guestrin, Carlos},
  booktitle={Proceedings of the 22nd acm sigkdd international conference on knowledge discovery and data mining},
  pages={785--794},
  year={2016}
}

@article{du2020geographically,
  title={Geographically neural network weighted regression for the accurate estimation of spatial non-stationarity},
  author={Du, Zhenhong and Wang, Zhongyi and Wu, Sensen and Zhang, Feng and Liu, Renyi},
  journal={International Journal of Geographical Information Science},
  volume={34},
  number={7},
  pages={1353--1377},
  year={2020},
  publisher={Taylor \& Francis}
}

@article{fotheringham2009geographically,
  title={Geographically weighted regression},
  author={Fotheringham, A Stewart and Brunsdon, Chris and Charlton, ME},
  journal={The Sage handbook of spatial analysis},
  volume={1},
  pages={243--254},
  year={2009},
  publisher={Sage Thousand Oaks, CA}
}

@article{fotheringham2015geographical,
  title={Geographical and temporal weighted regression (GTWR)},
  author={Fotheringham, A Stewart and Crespo, Ricardo and Yao, Jing},
  journal={Geographical Analysis},
  volume={47},
  number={4},
  pages={431--452},
  year={2015},
  publisher={Wiley Online Library}
}

@article{ke2017lightgbm,
  title={Lightgbm: A highly efficient gradient boosting decision tree},
  author={Ke, Guolin and Meng, Qi and Finley, Thomas and Wang, Taifeng and Chen, Wei and Ma, Weidong and Ye, Qiwei and Liu, Tie-Yan},
  journal={Advances in neural information processing systems},
  volume={30},
  year={2017}
}

@article{wang2024geographically,
  title={Geographically weighted machine learning for modeling spatial heterogeneity in traffic crash frequency and determinants in US},
  author={Wang, Shuli and Gao, Kun and Zhang, Lanfang and Yu, Bo and Easa, Said M},
  journal={Accident Analysis \& Prevention},
  volume={199},
  pages={107528},
  year={2024},
  publisher={Elsevier}
}

@article{wu2021geographically,
  title={Geographically and temporally neural network weighted regression for modeling spatiotemporal non-stationary relationships},
  author={Wu, Sensen and Wang, Zhongyi and Du, Zhenhong and Huang, Bo and Zhang, Feng and Liu, Renyi},
  journal={International Journal of Geographical Information Science},
  volume={35},
  number={3},
  pages={582--608},
  year={2021},
  publisher={Taylor \& Francis}
}

