@incollection{Bengio+chapter2007,
author = {Bengio, Yoshua and LeCun, Yann},
booktitle = {Large Scale Kernel Machines},
publisher = {MIT Press},
title = {Scaling Learning Algorithms Towards {AI}},
year = {2007}
}

@article{Hinton06,
author = {Hinton, Geoffrey E. and Osindero, Simon and Teh, Yee Whye},
journal = {Neural Computation},
pages = {1527--1554},
title = {A Fast Learning Algorithm for Deep Belief Nets},
volume = {18},
year = {2006}
}

@book{goodfellow2016deep,
title={Deep learning},
author={Goodfellow, Ian and Bengio, Yoshua and Courville, Aaron and Bengio, Yoshua},
volume={1},
year={2016},
publisher={MIT Press}
}

@article{lu2024global,
  title={Global prediction of gross primary productivity under future climate change},
  author={Lu, Qikai and Liu, Hui and Wei, Lifei and Zhong, Yanfei and Zhou, Zheng},
  journal={Science of The Total Environment},
  volume={912},
  pages={169239},
  year={2024},
  publisher={Elsevier}
}

@article{qin2024global,
  title={Global expansion of tropical cyclone precipitation footprint},
  author={Qin, Lianjie and Zhu, Laiyin and Liu, Baoyin and Li, Zixuan and Tian, Yugang and Mitchell, Gordon and Shen, Shifei and Xu, Wei and Chen, Jianguo},
  journal={Nature Communications},
  volume={15},
  number={1},
  pages={4824},
  year={2024},
  publisher={Nature Publishing Group UK London}
}

@article{fotheringham2009geographically,
  title={Geographically weighted regression},
  author={Fotheringham, A Stewart and Brunsdon, Chris and Charlton, ME},
  journal={The Sage handbook of spatial analysis},
  volume={1},
  pages={243--254},
  year={2009},
  publisher={Sage Thousand Oaks, CA}
}

@article{fotheringham2015geographical,
  title={Geographical and temporal weighted regression (GTWR)},
  author={Fotheringham, A Stewart and Crespo, Ricardo and Yao, Jing},
  journal={Geographical Analysis},
  volume={47},
  number={4},
  pages={431--452},
  year={2015},
  publisher={Wiley Online Library}
}

@article{wu2021geographically,
  title={Geographically and temporally neural network weighted regression for modeling spatiotemporal non-stationary relationships},
  author={Wu, Sensen and Wang, Zhongyi and Du, Zhenhong and Huang, Bo and Zhang, Feng and Liu, Renyi},
  journal={International Journal of Geographical Information Science},
  volume={35},
  number={3},
  pages={582--608},
  year={2021},
  publisher={Taylor \& Francis}
}

@inproceedings{carion2020end,
  title={End-to-end object detection with transformers},
  author={Carion, Nicolas and Massa, Francisco and Synnaeve, Gabriel and Usunier, Nicolas and Kirillov, Alexander and Zagoruyko, Sergey},
  booktitle={European conference on computer vision},
  pages={213--229},
  year={2020},
  organization={Springer}
}

@article{kipf2016semi,
  title={Semi-supervised classification with graph convolutional networks},
  author={Kipf, Thomas N and Welling, Max},
  journal={arXiv preprint arXiv:1609.02907},
  year={2016}
}

@article{munoz2021era5,
  title={ERA5-Land: A state-of-the-art global reanalysis dataset for land applications},
  author={Mu{\~n}oz-Sabater, Joaqu{\'\i}n and Dutra, Emanuel and Agust{\'\i}-Panareda, Anna and Albergel, Cl{\'e}ment and Arduini, Gabriele and Balsamo, Gianpaolo and Boussetta, Souhail and Choulga, Margarita and Harrigan, Shaun and Hersbach, Hans and others},
  journal={Earth system science data},
  volume={13},
  number={9},
  pages={4349--4383},
  year={2021},
  publisher={Copernicus Publications G{\"o}ttingen, Germany}
}


@InProceedings{pmlr-v119-katharopoulos20a,
  title = 	 {Transformers are {RNN}s: Fast Autoregressive Transformers with Linear Attention},
  author =       {Katharopoulos, Angelos and Vyas, Apoorv and Pappas, Nikolaos and Fleuret, Fran{\c{c}}ois},
  booktitle = 	 {Proceedings of the 37th International Conference on Machine Learning},
  pages = 	 {5156--5165},
  year = 	 {2020},
  editor = 	 {III, Hal Daumé and Singh, Aarti},
  volume = 	 {119},
  series = 	 {Proceedings of Machine Learning Research},
  month = 	 {13--18 Jul},
  publisher =    {PMLR},
  pdf = 	 {http://proceedings.mlr.press/v119/katharopoulos20a/katharopoulos20a.pdf},
  url = 	 {https://proceedings.mlr.press/v119/katharopoulos20a.html},
  abstract = 	 {Transformers achieve remarkable performance in several tasks but due to their quadratic complexity, with respect to the input’s length, they are prohibitively slow for very long sequences. To address this limitation, we express the self-attention as a linear dot-product of kernel feature maps and make use of the associativity property of matrix products to reduce the complexity from $\bigO{N^2}$ to $\bigO{N}$, where $N$ is the sequence length. We show that this formulation permits an iterative implementation that dramatically accelerates autoregressive transformers and reveals their relationship to recurrent neural networks. Our \emph{Linear Transformers} achieve similar performance to vanilla Transformers and they are up to 4000x faster on autoregressive prediction of very long sequences.}
}

@article{su2024roformer,
  title={Roformer: Enhanced transformer with rotary position embedding},
  author={Su, Jianlin and Ahmed, Murtadha and Lu, Yu and Pan, Shengfeng and Bo, Wen and Liu, Yunfeng},
  journal={Neurocomputing},
  volume={568},
  pages={127063},
  year={2024},
  publisher={Elsevier}
}

@inproceedings{grover2016node2vec,
  title={node2vec: Scalable feature learning for networks},
  author={Grover, Aditya and Leskovec, Jure},
  booktitle={Proceedings of the 22nd ACM SIGKDD international conference on Knowledge discovery and data mining},
  pages={855--864},
  year={2016}
}

@dataset{friedl_sulla-menashe_2022,
  author       = {Friedl, M. and Sulla-Menashe, D.},
  title        = {MODIS/Terra+Aqua Land Cover Type Yearly L3 Global 0.05Deg CMG V061},
  year         = {2022},
  publisher    = {NASA EOSDIS Land Processes Distributed Active Archive Center},
  url          = {https://doi.org/10.5067/MODIS/MCD12C1.061},
  urldate      = {2024-10-02}
}

@article{zhang2019coupled,
  title={Coupled estimation of 500 m and 8-day resolution global evapotranspiration and gross primary production in 2002--2017},
  author={Zhang, Yongqiang and Kong, Dongdong and Gan, Rong and Chiew, Francis HS and McVicar, Tim R and Zhang, Qiang and Yang, Yuting},
  journal={Remote sensing of environment},
  volume={222},
  pages={165--182},
  year={2019},
  publisher={Elsevier}
}

@inproceedings{chen2016xgboost,
  title={Xgboost: A scalable tree boosting system},
  author={Chen, Tianqi and Guestrin, Carlos},
  booktitle={Proceedings of the 22nd acm sigkdd international conference on knowledge discovery and data mining},
  pages={785--794},
  year={2016}
}

@article{ke2017lightgbm,
  title={Lightgbm: A highly efficient gradient boosting decision tree},
  author={Ke, Guolin and Meng, Qi and Finley, Thomas and Wang, Taifeng and Chen, Wei and Ma, Weidong and Ye, Qiwei and Liu, Tie-Yan},
  journal={Advances in neural information processing systems},
  volume={30},
  year={2017}
}

@article{wang2024geographically,
  title={Geographically weighted machine learning for modeling spatial heterogeneity in traffic crash frequency and determinants in US},
  author={Wang, Shuli and Gao, Kun and Zhang, Lanfang and Yu, Bo and Easa, Said M},
  journal={Accident Analysis \& Prevention},
  volume={199},
  pages={107528},
  year={2024},
  publisher={Elsevier}
}

@article{du2020geographically,
  title={Geographically neural network weighted regression for the accurate estimation of spatial non-stationarity},
  author={Du, Zhenhong and Wang, Zhongyi and Wu, Sensen and Zhang, Feng and Liu, Renyi},
  journal={International Journal of Geographical Information Science},
  volume={34},
  number={7},
  pages={1353--1377},
  year={2020},
  publisher={Taylor \& Francis}
}

@article{prokhorenkova2018catboost,
  title={CatBoost: unbiased boosting with categorical features},
  author={Prokhorenkova, Liudmila and Gusev, Gleb and Vorobev, Aleksandr and Dorogush, Anna Veronika and Gulin, Andrey},
  journal={Advances in neural information processing systems},
  volume={31},
  year={2018}
}

@article{breiman2001random,
  title={Random forests},
  author={Breiman, Leo},
  journal={Machine learning},
  volume={45},
  pages={5--32},
  year={2001},
  publisher={Springer}
}

@article{DBLP:journals/corr/abs-2106-11959,
  author       = {Yury Gorishniy and
                  Ivan Rubachev and
                  Valentin Khrulkov and
                  Artem Babenko},
  title        = {Revisiting Deep Learning Models for Tabular Data},
  journal      = {CoRR},
  volume       = {abs/2106.11959},
  year         = {2021},
  url          = {https://arxiv.org/abs/2106.11959},
  eprinttype    = {arXiv},
  eprint       = {2106.11959},
  timestamp    = {Wed, 30 Jun 2021 16:14:10 +0200},
  biburl       = {https://dblp.org/rec/journals/corr/abs-2106-11959.bib},
  bibsource    = {dblp computer science bibliography, https://dblp.org}
}

@article{DBLP:journals/corr/abs-1908-07442,
  author       = {Sercan {\"{O}}mer Arik and
                  Tomas Pfister},
  title        = {TabNet: Attentive Interpretable Tabular Learning},
  journal      = {CoRR},
  volume       = {abs/1908.07442},
  year         = {2019},
  url          = {http://arxiv.org/abs/1908.07442},
  eprinttype    = {arXiv},
  eprint       = {1908.07442},
  timestamp    = {Mon, 26 Aug 2019 13:20:40 +0200},
  biburl       = {https://dblp.org/rec/journals/corr/abs-1908-07442.bib},
  bibsource    = {dblp computer science bibliography, https://dblp.org}
}

@misc{chen2024excelformerneuralnetworksurpassing,
      title={ExcelFormer: A neural network surpassing GBDTs on tabular data}, 
      author={Jintai Chen and Jiahuan Yan and Qiyuan Chen and Danny Ziyi Chen and Jian Wu and Jimeng Sun},
      year={2024},
      eprint={2301.02819},
      archivePrefix={arXiv},
      primaryClass={cs.LG},
      url={https://arxiv.org/abs/2301.02819}, 
}

@article{erickson2020autogluon,
  title={Autogluon-tabular: Robust and accurate automl for structured data},
  author={Erickson, Nick and Mueller, Jonas and Shirkov, Alexander and Zhang, Hang and Larroy, Pedro and Li, Mu and Smola, Alexander},
  journal={arXiv preprint arXiv:2003.06505},
  year={2020}
}

@article{hu2024pytorch,
  title={PyTorch Frame: A Modular Framework for Multi-Modal Tabular Learning},
  author={Hu, Weihua and Yuan, Yiwen and Zhang, Zecheng and Nitta, Akihiro and Cao, Kaidi and Kocijan, Vid and Leskovec, Jure and Fey, Matthias},
  journal={arXiv preprint arXiv:2404.00776},
  year={2024}
}

@article{wu2020comprehensive,
  title={A comprehensive survey on graph neural networks},
  author={Wu, Zonghan and Pan, Shirui and Chen, Fengwen and Long, Guodong and Zhang, Chengqi and Philip, S Yu},
  journal={IEEE transactions on neural networks and learning systems},
  volume={32},
  number={1},
  pages={4--24},
  year={2020},
  publisher={IEEE}
}

@article{vaswani2017attention,
  title={Attention is all you need},
  author={Vaswani, A},
  journal={Advances in Neural Information Processing Systems},
  year={2017}
}