@article{bing2020indirect,
  title={Indirect and direct training of spiking neural networks for end-to-end control of a lane-keeping vehicle},
  author={Bing, Zhenshan and Meschede, Claus and Chen, Guang and Knoll, Alois and Huang, Kai},
  journal={Neural Networks},
  volume={121},
  pages={21--36},
  year={2020},
  publisher={Elsevier}
}

@article{deng2020rethinking,
  title={Rethinking the performance comparison between SNNS and ANNS},
  author={Deng, Lei and Wu, Yujie and Hu, Xing and Liang, Ling and Ding, Yufei and Li, Guoqi and Zhao, Guangshe and Li, Peng and Xie, Yuan},
  journal={Neural networks},
  volume={121},
  pages={294--307},
  year={2020},
  publisher={Elsevier}
}

@inproceedings{fang2020multivariate,
  title={Multivariate time series classification using spiking neural networks},
  author={Fang, Haowen and Shrestha, Amar and Qiu, Qinru},
  booktitle={2020 International Joint Conference on Neural Networks (IJCNN)},
  pages={1--7},
  year={2020},
  organization={IEEE}
}

@article{griesbach2020prediction,
  title={Prediction of lane change by echo state networks},
  author={Griesbach, Karoline and Hoffmann, Karl Heinz and Beggiato, Matthias},
  journal={Transportation research part C: emerging technologies},
  volume={121},
  pages={102841},
  year={2020},
  publisher={Elsevier}
}

@article{kim2021optimizing,
  title={Optimizing deeper spiking neural networks for dynamic vision sensing},
  author={Kim, Youngeun and Panda, Priyadarshini},
  journal={Neural Networks},
  volume={144},
  pages={686--698},
  year={2021},
  publisher={Elsevier}
}

@article{liu2018dynamic,
  title={Dynamic modeling and control of high-speed automated vehicles for lane change maneuver},
  author={Liu, Kai and Gong, Jianwei and Kurt, Arda and Chen, Huiyan and Ozguner, Umit},
  journal={IEEE Transactions on Intelligent Vehicles},
  volume={3},
  number={3},
  pages={329--339},
  year={2018},
  publisher={IEEE}
}

@article{lopez2021spiking,
  title={Spiking neural network for fourier transform and object detection for automotive radar},
  author={L{\'o}pez-Randulfe, Javier and Duswald, Tobias and Bing, Zhenshan and Knoll, Alois},
  journal={Frontiers in Neurorobotics},
  volume={15},
  pages={688344},
  year={2021},
  publisher={Frontiers Media SA}
}

@inproceedings{nelson1989continuous,
  title={Continuous-curvature paths for autonomous vehicles},
  author={Nelson, Winston},
  booktitle={Proceedings, 1989 International Conference on Robotics and Automation},
  pages={1260--1264},
  year={1989},
  organization={IEEE}
}

@article{sengupta2019going,
  title={Going deeper in spiking neural networks: VGG and residual architectures},
  author={Sengupta, Abhronil and Ye, Yuting and Wang, Robert and Liu, Chiao and Roy, Kaushik},
  journal={Frontiers in neuroscience},
  volume={13},
  pages={95},
  year={2019},
  publisher={Frontiers Media SA}
}

@inproceedings{tomar2010prediction,
  title={Prediction of lane change trajectories through neural network},
  author={Tomar, Ranjeet Singh and Verma, Shekhar and Tomar, Geetam Singh},
  booktitle={2010 International conference on computational intelligence and communication networks},
  pages={249--253},
  year={2010},
  organization={IEEE}
}

@inproceedings{treiber2009modeling,
  title={Modeling lane-changing decisions with MOBIL},
  author={Treiber, Martin and Kesting, Arne},
  booktitle={Traffic and Granular Flowâ€™07},
  pages={211--221},
  year={2009},
  organization={Springer}
}

@inproceedings{viale2021carsnn,
  title={Carsnn: An efficient spiking neural network for event-based autonomous cars on the loihi neuromorphic research processor},
  author={Viale, Alberto and Marchisio, Alberto and Martina, Maurizio and Masera, Guido and Shafique, Muhammad},
  booktitle={2021 International Joint Conference on Neural Networks (IJCNN)},
  pages={1--10},
  year={2021},
  organization={IEEE}
}

@article{xing2020ensemble,
  title={An ensemble deep learning approach for driver lane change intention inference},
  author={Xing, Yang and Lv, Chen and Wang, Huaji and Cao, Dongpu and Velenis, Efstathios},
  journal={Transportation Research Part C: Emerging Technologies},
  volume={115},
  pages={102615},
  year={2020},
  publisher={Elsevier}
}

@article{zhang2021target,
  title={Target vehicle lane-change intention detection: An approach based on online transfer learning},
  author={Zhang, Hailun and Fu, Rui},
  journal={Computer Communications},
  volume={172},
  pages={54--63},
  year={2021},
  publisher={Elsevier}
}

