@incollection{ghosh2009third,
  title={Third generation neural networks: Spiking neural networks},
  author={Ghosh-Dastidar, Samanwoy and Adeli, Hojjat},
  booktitle={Advances in computational intelligence},
  pages={167--178},
  year={2009},
  publisher={Springer}
}

@article{kesting2007general,
  title={General lane-changing model MOBIL for car-following models},
  author={Kesting, Arne and Treiber, Martin and Helbing, Dirk},
  journal={Transportation Research Record},
  volume={1999},
  number={1},
  pages={86--94},
  year={2007},
  publisher={SAGE Publications Sage CA: Los Angeles, CA}
}

@article{wang2014investigation,
  title={Investigation of discretionary lane-change characteristics using next-generation simulation data sets},
  author={Wang, Qi and Li, Zhiheng and Li, Li},
  journal={Journal of Intelligent Transportation Systems},
  volume={18},
  number={3},
  pages={246--253},
  year={2014},
  publisher={Taylor \& Francis}
}

@article{ding2013neural,
  title={A Neural Network Model for Driver’s Lane-Changing Trajectory Prediction in Urban Traffic Flow},
  author={Ding, Chenxi and Wang, Wuhong and Wang, Xiao and Baumann, Martin},
  journal={Mathematical Problems in Engineering},
  volume={2013},
  number={1},
  pages={967358},
  year={2013},
  publisher={Wiley Online Library}
}

@article{shokrolah2019trajectory,
  title={Trajectory prediction of vehicles turning at intersections using deep neural networks},
  author={Shokrolah Shirazi, Mohammad and Morris, Brendan Tran},
  journal={Machine Vision and Applications},
  volume={30},
  pages={1097--1109},
  year={2019},
  publisher={Springer}
}

@article{griesbach2021lane,
  title={Lane change prediction with an echo state network and recurrent neural network in the urban area},
  author={Griesbach, Karoline and Beggiato, Matthias and Hoffmann, Karl Heinz},
  journal={IEEE Transactions on Intelligent Transportation Systems},
  volume={23},
  number={7},
  pages={6473--6479},
  year={2021},
  publisher={IEEE}
}

@inproceedings{nelson1989continuous,
  title={Continuous-curvature paths for autonomous vehicles},
  author={Nelson, Winston},
  booktitle={Proceedings, 1989 International Conference on Robotics and Automation},
  pages={1260--1264},
  year={1989},
  organization={IEEE}
}

@article{liu2018dynamic,
  title={Dynamic modeling and control of high-speed automated vehicles for lane change maneuver},
  author={Liu, Kai and Gong, Jianwei and Kurt, Arda and Chen, Huiyan and Ozguner, Umit},
  journal={IEEE Transactions on Intelligent Vehicles},
  volume={3},
  number={3},
  pages={329--339},
  year={2018},
  publisher={IEEE}
}

@inproceedings{li2020automatic,
  title={Automatic lane change maneuver in dynamic environment using model predictive control method},
  author={Li, Zhaolun and Jiang, Jingjing and Chen, Wen-Hua},
  booktitle={2020 IEEE/RSJ International Conference on Intelligent Robots and Systems (IROS)},
  pages={2384--2389},
  year={2020},
  organization={IEEE}
}

@inproceedings{treiber2009modeling,
  title={Modeling lane-changing decisions with MOBIL},
  author={Treiber, Martin and Kesting, Arne},
  booktitle={Traffic and Granular Flow’07},
  pages={211--221},
  year={2009},
  organization={Springer}
}

@inproceedings{tomar2010prediction,
  title={Prediction of lane change trajectories through neural network},
  author={Tomar, Ranjeet Singh and Verma, Shekhar and Tomar, Geetam Singh},
  booktitle={2010 International conference on computational intelligence and communication networks},
  pages={249--253},
  year={2010},
  organization={IEEE}
}

@article{xing2020ensemble,
  title={An ensemble deep learning approach for driver lane change intention inference},
  author={Xing, Yang and Lv, Chen and Wang, Huaji and Cao, Dongpu and Velenis, Efstathios},
  journal={Transportation Research Part C: Emerging Technologies},
  volume={115},
  pages={102615},
  year={2020},
  publisher={Elsevier}
}

@article{griesbach2020prediction,
  title={Prediction of lane change by echo state networks},
  author={Griesbach, Karoline and Hoffmann, Karl Heinz and Beggiato, Matthias},
  journal={Transportation research part C: emerging technologies},
  volume={121},
  pages={102841},
  year={2020},
  publisher={Elsevier}
}

@article{tavanaei2019deep,
  title={Deep learning in spiking neural networks},
  author={Tavanaei, Amirhossein and Ghodrati, Masoud and Kheradpisheh, Saeed Reza and Masquelier, Timoth{\'e}e and Maida, Anthony},
  journal={Neural networks},
  volume={111},
  pages={47--63},
  year={2019},
  publisher={Elsevier}
}

@inproceedings{fang2020multivariate,
  title={Multivariate time series classification using spiking neural networks},
  author={Fang, Haowen and Shrestha, Amar and Qiu, Qinru},
  booktitle={2020 International Joint Conference on Neural Networks (IJCNN)},
  pages={1--7},
  year={2020},
  organization={IEEE}
}

@article{kim2021optimizing,
  title={Optimizing deeper spiking neural networks for dynamic vision sensing},
  author={Kim, Youngeun and Panda, Priyadarshini},
  journal={Neural Networks},
  volume={144},
  pages={686--698},
  year={2021},
  publisher={Elsevier}
}

@inproceedings{viale2021carsnn,
  title={Carsnn: An efficient spiking neural network for event-based autonomous cars on the loihi neuromorphic research processor},
  author={Viale, Alberto and Marchisio, Alberto and Martina, Maurizio and Masera, Guido and Shafique, Muhammad},
  booktitle={2021 International Joint Conference on Neural Networks (IJCNN)},
  pages={1--10},
  year={2021},
  organization={IEEE}
}

@article{lopez2021spiking,
  title={Spiking neural network for fourier transform and object detection for automotive radar},
  author={L{\'o}pez-Randulfe, Javier and Duswald, Tobias and Bing, Zhenshan and Knoll, Alois},
  journal={Frontiers in Neurorobotics},
  volume={15},
  pages={688344},
  year={2021},
  publisher={Frontiers Media SA}
}

@article{jokhio2023analysis,
  title={Analysis of time-to-lane-change-initiation using realistic driving data},
  author={Jokhio, Sarang and Olleja, Pierluigi and B{\"a}rgman, Jonas and Yan, Fei and Baumann, Martin},
  journal={IEEE Transactions on Intelligent Transportation Systems},
  year={2023},
  publisher={IEEE}
}

@article{neftci2019surrogate,
  title={Surrogate gradient learning in spiking neural networks: Bringing the power of gradient-based optimization to spiking neural networks},
  author={Neftci, Emre O and Mostafa, Hesham and Zenke, Friedemann},
  journal={IEEE Signal Processing Magazine},
  volume={36},
  number={6},
  pages={51--63},
  year={2019},
  publisher={IEEE}
}

@article{rueckauer2017conversion,
  title={Conversion of continuous-valued deep networks to efficient event-driven networks for image classification},
  author={Rueckauer, Bodo and Lungu, Iulia-Alexandra and Hu, Yuhuang and Pfeiffer, Michael and Liu, Shih-Chii},
  journal={Frontiers in neuroscience},
  volume={11},
  pages={682},
  year={2017},
  publisher={Frontiers Media SA}
}

@inproceedings{kundu2021spike,
  title={Spike-thrift: Towards energy-efficient deep spiking neural networks by limiting spiking activity via attention-guided compression},
  author={Kundu, Souvik and Datta, Gourav and Pedram, Massoud and Beerel, Peter A},
  booktitle={Proceedings of the IEEE/CVF winter conference on applications of computer vision},
  pages={3953--3962},
  year={2021}
}

@inproceedings{krajewski2018highd,
  title={The highd dataset: A drone dataset of naturalistic vehicle trajectories on german highways for validation of highly automated driving systems},
  author={Krajewski, Robert and Bock, Julian and Kloeker, Laurent and Eckstein, Lutz},
  booktitle={2018 21st international conference on intelligent transportation systems (ITSC)},
  pages={2118--2125},
  year={2018},
  organization={IEEE}
}

@article{coifman2017critical,
  title={A critical evaluation of the Next Generation Simulation (NGSIM) vehicle trajectory dataset},
  author={Coifman, Benjamin and Li, Lizhe},
  journal={Transportation Research Part B: Methodological},
  volume={105},
  pages={362--377},
  year={2017},
  publisher={Elsevier}
}

@article{deng2020rethinking,
  title={Rethinking the performance comparison between SNNS and ANNS},
  author={Deng, Lei and Wu, Yujie and Hu, Xing and Liang, Ling and Ding, Yufei and Li, Guoqi and Zhao, Guangshe and Li, Peng and Xie, Yuan},
  journal={Neural networks},
  volume={121},
  pages={294--307},
  year={2020},
  publisher={Elsevier}
}

@article{sengupta2019going,
  title={Going deeper in spiking neural networks: VGG and residual architectures},
  author={Sengupta, Abhronil and Ye, Yuting and Wang, Robert and Liu, Chiao and Roy, Kaushik},
  journal={Frontiers in neuroscience},
  volume={13},
  pages={95},
  year={2019},
  publisher={Frontiers Media SA}
}

@article{bing2020indirect,
  title={Indirect and direct training of spiking neural networks for end-to-end control of a lane-keeping vehicle},
  author={Bing, Zhenshan and Meschede, Claus and Chen, Guang and Knoll, Alois and Huang, Kai},
  journal={Neural Networks},
  volume={121},
  pages={21--36},
  year={2020},
  publisher={Elsevier}
}
@article{zhang2021target,
  title={Target vehicle lane-change intention detection: An approach based on online transfer learning},
  author={Zhang, Hailun and Fu, Rui},
  journal={Computer Communications},
  volume={172},
  pages={54--63},
  year={2021},
  publisher={Elsevier}
}

@article{moses1993combining,
  title={Combining independent studies of a diagnostic test into a summary ROC curve: data-analytic approaches and some additional considerations},
  author={Moses, Lincoln E and Shapiro, David and Littenberg, Benjamin},
  journal={Statistics in medicine},
  volume={12},
  number={14},
  pages={1293--1316},
  year={1993},
  publisher={Wiley Online Library}
}

@article{mandrekar2010receiver,
  title={Receiver operating characteristic curve in diagnostic test assessment},
  author={Mandrekar, Jayawant N},
  journal={Journal of Thoracic Oncology},
  volume={5},
  number={9},
  pages={1315--1316},
  year={2010},
  publisher={Elsevier}
}

@article{mozaffari2020deep,
  title={Deep learning-based vehicle behavior prediction for autonomous driving applications: A review},
  author={Mozaffari, Sajjad and Al-Jarrah, Omar Y and Dianati, Mehrdad and Jennings, Paul and Mouzakitis, Alexandros},
  journal={IEEE Transactions on Intelligent Transportation Systems},
  volume={23},
  number={1},
  pages={33--47},
  year={2020},
  publisher={IEEE}
}

@article{xie2019data,
  title={A data-driven lane-changing model based on deep learning},
  author={Xie, Dong-Fan and Fang, Zhe-Zhe and Jia, Bin and He, Zhengbing},
  journal={Transportation research part C: emerging technologies},
  volume={106},
  pages={41--60},
  year={2019},
  publisher={Elsevier}
}