@incollection{Bengio+chapter2007,
author = {Bengio, Yoshua and LeCun, Yann},
booktitle = {Large Scale Kernel Machines},
publisher = {MIT Press},
title = {Scaling Learning Algorithms Towards {AI}},
year = {2007}
}

@article{Hinton06,
author = {Hinton, Geoffrey E. and Osindero, Simon and Teh, Yee Whye},
journal = {Neural Computation},
pages = {1527--1554},
title = {A Fast Learning Algorithm for Deep Belief Nets},
volume = {18},
year = {2006}
}

@book{goodfellow2016deep,
title={Deep learning},
author={Goodfellow, Ian and Bengio, Yoshua and Courville, Aaron and Bengio, Yoshua},
volume={1},
year={2016},
publisher={MIT Press}
}
@article{anderson1982reverse,
  title={Reverse-time diffusion equation models},
  author={Anderson, Brian DO},
  journal={Stochastic Processes and their Applications},
  volume={12},
  number={3},
  pages={313--326},
  year={1982},
  publisher={Elsevier}
}
@inproceedings{schrodinger1932theorie,
  title={Sur la th{\'e}orie relativiste de l'{\'e}lectron et l'interpr{\'e}tation de la m{\'e}canique quantique},
  author={Schr{\"o}dinger, Erwin},
  booktitle={Annales de l'institut Henri Poincar{\'e}},
  volume={2},
  number={4},
  pages={269--310},
  year={1932}
}

@article{de2021diffusion,
  title={Diffusion schr{\"o}dinger bridge with applications to score-based generative modeling},
  author={De Bortoli, Valentin and Thornton, James and Heng, Jeremy and Doucet, Arnaud},
  journal={Advances in Neural Information Processing Systems},
  volume={34},
  pages={17695--17709},
  year={2021}
}

@article{tang2024simplified,
  title={Simplified Diffusion Schr$\backslash$" odinger Bridge},
  author={Tang, Zhicong and Hang, Tiankai and Gu, Shuyang and Chen, Dong and Guo, Baining},
  journal={arXiv preprint arXiv:2403.14623},
  year={2024}
}

@article{mkadry2017towards,
  title={Towards deep learning models resistant to adversarial attacks},
  author={Madry, Aleksander and Makelov, Aleksandar and Schmidt, Ludwig and Tsipras, Dimitris and Vladu, Adrian},
  journal={stat},
  volume={1050},
  number={9},
  year={2017}
}

@article{song2020score,
  title={Score-based generative modeling through stochastic differential equations},
  author={Song, Yang and Sohl-Dickstein, Jascha and Kingma, Diederik P and Kumar, Abhishek and Ermon, Stefano and Poole, Ben},
  journal={arXiv preprint arXiv:2011.13456},
  year={2020}
}

@article{zhang2024classifier,
  title={Classifier Guidance Enhances Diffusion-based Adversarial Purification by Preserving Predictive Information},
  author={Zhang, Mingkun and Li, Jianing and Chen, Wei and Guo, Jiafeng and Cheng, Xueqi},
  journal={arXiv preprint arXiv:2408.05900},
  year={2024}
}

@article{huang2021makes,
  title={What makes multi-modal learning better than single (provably)},
  author={Huang, Yu and Du, Chenzhuang and Xue, Zihui and Chen, Xuanyao and Zhao, Hang and Huang, Longbo},
  journal={Advances in Neural Information Processing Systems},
  volume={34},
  pages={10944--10956},
  year={2021}
}


# clip
@inproceedings{radford2021learning,
  title={Learning transferable visual models from natural language supervision},
  author={Radford, Alec and Kim, Jong Wook and Hallacy, Chris and Ramesh, Aditya and Goh, Gabriel and Agarwal, Sandhini and Sastry, Girish and Askell, Amanda and Mishkin, Pamela and Clark, Jack and others},
  booktitle={International conference on machine learning},
  pages={8748--8763},
  year={2021},
  organization={PMLR}
}

# vqvae
@article{van2017neural,
  title={Neural discrete representation learning},
  author={Van Den Oord, Aaron and Vinyals, Oriol and others},
  journal={Advances in neural information processing systems},
  volume={30},
  year={2017}
}
# stable diffusion
@inproceedings{rombach2022high,
  title={High-resolution image synthesis with latent diffusion models},
  author={Rombach, Robin and Blattmann, Andreas and Lorenz, Dominik and Esser, Patrick and Ommer, Bj{\"o}rn},
  booktitle={Proceedings of the IEEE/CVF conference on computer vision and pattern recognition},
  pages={10684--10695},
  year={2022}
}

# dalle 2
@article{ramesh2022hierarchical,
  title={Hierarchical text-conditional image generation with clip latents},
  author={Ramesh, Aditya and Dhariwal, Prafulla and Nichol, Alex and Chu, Casey and Chen, Mark},
  journal={arXiv preprint arXiv:2204.06125},
  volume={1},
  number={2},
  pages={3},
  year={2022}
}
@article{chen2023robust,
  title={Robust classification via a single diffusion model},
  author={Chen, Huanran and Dong, Yinpeng and Wang, Zhengyi and Yang, Xiao and Duan, Chengqi and Su, Hang and Zhu, Jun},
  journal={arXiv preprint arXiv:2305.15241},
  year={2023}
}

@inproceedings{wang2023better,
  title={Better diffusion models further improve adversarial training},
  author={Wang, Zekai and Pang, Tianyu and Du, Chao and Lin, Min and Liu, Weiwei and Yan, Shuicheng},
  booktitle={International Conference on Machine Learning},
  pages={36246--36263},
  year={2023},
  organization={PMLR}
}
@article{nie2022diffusion,
  title={Diffusion models for adversarial purification},
  author={Nie, Weili and Guo, Brandon and Huang, Yujia and Xiao, Chaowei and Vahdat, Arash and Anandkumar, Anima},
  journal={arXiv preprint arXiv:2205.07460},
  year={2022}
}

@article{bartoldson2024adversarial,
  title={Adversarial Robustness Limits via Scaling-Law and Human-Alignment Studies},
  author={Bartoldson, Brian R and Diffenderfer, James and Parasyris, Konstantinos and Kailkhura, Bhavya},
  journal={arXiv preprint arXiv:2404.09349},
  year={2024}
}


@article{amini2024meansparse,
  title={MeanSparse: Post-Training Robustness Enhancement Through Mean-Centered Feature Sparsification},
  author={Amini, Sajjad and Teymoorianfard, Mohammadreza and Ma, Shiqing and Houmansadr, Amir},
  journal={arXiv preprint arXiv:2406.05927},
  year={2024}
}
@inproceedings{li2023your,
  title={Your diffusion model is secretly a zero-shot classifier},
  author={Li, Alexander C and Prabhudesai, Mihir and Duggal, Shivam and Brown, Ellis and Pathak, Deepak},
  booktitle={Proceedings of the IEEE/CVF International Conference on Computer Vision},
  pages={2206--2217},
  year={2023}
}

@article{mao2022understanding,
  title={Understanding zero-shot adversarial robustness for large-scale models},
  author={Mao, Chengzhi and Geng, Scott and Yang, Junfeng and Wang, Xin and Vondrick, Carl},
  journal={arXiv preprint arXiv:2212.07016},
  year={2022}
}
@article{schlarmann2024robust,
  title={Robust clip: Unsupervised adversarial fine-tuning of vision embeddings for robust large vision-language models},
  author={Schlarmann, Christian and Singh, Naman Deep and Croce, Francesco and Hein, Matthias},
  journal={arXiv preprint arXiv:2402.12336},
  year={2024}
}

@article{liu2024comprehensive,
  title={A comprehensive study on robustness of image classification models: Benchmarking and rethinking},
  author={Liu, Chang and Dong, Yinpeng and Xiang, Wenzhao and Yang, Xiao and Su, Hang and Zhu, Jun and Chen, Yuefeng and He, Yuan and Xue, Hui and Zheng, Shibao},
  journal={International Journal of Computer Vision},
  pages={1--23},
  year={2024},
  publisher={Springer}
}
@article{singh2024revisiting,
  title={Revisiting adversarial training for imagenet: Architectures, training and generalization across threat models},
  author={Singh, Naman Deep and Croce, Francesco and Hein, Matthias},
  journal={Advances in Neural Information Processing Systems},
  volume={36},
  year={2024}
}
@article{bai2024mixednuts,
  title={MixedNUTS: Training-Free Accuracy-Robustness Balance via Nonlinearly Mixed Classifiers},
  author={Bai, Yatong and Zhou, Mo and Patel, Vishal M and Sojoudi, Somayeh},
  journal={arXiv preprint arXiv:2402.02263},
  year={2024}
}

@article{song2017pixeldefend,
  title={Pixeldefend: Leveraging generative models to understand and defend against adversarial examples},
  author={Song, Yang and Kim, Taesup and Nowozin, Sebastian and Ermon, Stefano and Kushman, Nate},
  journal={arXiv preprint arXiv:1710.10766},
  year={2017}
}
@inproceedings{yoon2021adversarial,
  title={Adversarial purification with score-based generative models},
  author={Yoon, Jongmin and Hwang, Sung Ju and Lee, Juho},
  booktitle={International Conference on Machine Learning},
  pages={12062--12072},
  year={2021},
  organization={PMLR}
}

@article{wang2022guided,
  title={Guided Diffusion Model for Adversarial Purification},
  author={Wang, Jinyi and Lyu, Zhaoyang and Lin, Dahua and Dai, Bo and Fu, Hongfei},
  journal={arXiv preprint arXiv:2205.14969},
  year={2022}
}
@article{hill2020stochastic,
  title={Stochastic security: Adversarial defense using long-run dynamics of energy-based models},
  author={Hill, Mitch and Mitchell, Jonathan and Zhu, Song-Chun},
  journal={arXiv preprint arXiv:2005.13525},
  year={2020}
}


@article{karras2022elucidating,
  title={Elucidating the design space of diffusion-based generative models},
  author={Karras, Tero and Aittala, Miika and Aila, Timo and Laine, Samuli},
  journal={Advances in neural information processing systems},
  volume={35},
  pages={26565--26577},
  year={2022}
}

@inproceedings{athalye2018obfuscated,
  title={Obfuscated gradients give a false sense of security: Circumventing defenses to adversarial examples},
  author={Athalye, Anish and Carlini, Nicholas and Wagner, David},
  booktitle={International conference on machine learning},
  pages={274--283},
  year={2018},
  organization={PMLR}
}
@inproceedings{shukla2023generating,
  title={Generating Adversarial Attacks in the Latent Space},
  author={Shukla, Nitish and Banerjee, Sudipta},
  booktitle={Proceedings of the IEEE/CVF Conference on Computer Vision and Pattern Recognition},
  pages={730--739},
  year={2023}
}

@article{szegedy2013intriguing,
  title={Intriguing properties of neural networks},
  author={Szegedy, Christian and Zaremba, Wojciech and Sutskever, Ilya and Bruna, Joan and Erhan, Dumitru and Goodfellow, Ian and Fergus, Rob},
  journal={arXiv preprint arXiv:1312.6199},
  year={2013}
}

@article{laidlaw2020perceptual,
  title={Perceptual adversarial robustness: Defense against unseen threat models},
  author={Laidlaw, Cassidy and Singla, Sahil and Feizi, Soheil},
  journal={arXiv preprint arXiv:2006.12655},
  year={2020}
}
@inproceedings{croce2020reliable,
  title={Reliable evaluation of adversarial robustness with an ensemble of diverse parameter-free attacks},
  author={Croce, Francesco and Hein, Matthias},
  booktitle={International conference on machine learning},
  pages={2206--2216},
  year={2020},
  organization={PMLR}
}
@article{leonard2014some,
  title={Some properties of path measures},
  author={L{\'e}onard, Christian},
  journal={S{\'e}minaire de Probabilit{\'e}s XLVI},
  pages={207--230},
  year={2014},
  publisher={Springer}
}
@article{ho2020denoising,
  title={Denoising diffusion probabilistic models},
  author={Ho, Jonathan and Jain, Ajay and Abbeel, Pieter},
  journal={Advances in neural information processing systems},
  volume={33},
  pages={6840--6851},
  year={2020}
}
@article{rebuffi2021fixing,
  title={Fixing data augmentation to improve adversarial robustness},
  author={Rebuffi, Sylvestre-Alvise and Gowal, Sven and Calian, Dan A and Stimberg, Florian and Wiles, Olivia and Mann, Timothy},
  journal={arXiv preprint arXiv:2103.01946},
  year={2021}
}

@techreport{griffin2007caltech,
  title={Caltech-256 object category dataset},
  author={Griffin, Gregory and Holub, Alex and Perona, Pietro and others},
  year={2007},
  institution={Technical Report 7694, California Institute of Technology Pasadena}
}

@inproceedings{krause20133d,
  title={3d object representations for fine-grained categorization},
  author={Krause, Jonathan and Stark, Michael and Deng, Jia and Fei-Fei, Li},
  booktitle={Proceedings of the IEEE international conference on computer vision workshops},
  pages={554--561},
  year={2013}
}

@article{krizhevsky2009learning,
  title={Learning multiple layers of features from tiny images},
  author={Krizhevsky, Alex and Hinton, Geoffrey and others},
  year={2009},
  publisher={Toronto, ON, Canada}
}

@inproceedings{cimpoi2014describing,
  title={Describing textures in the wild},
  author={Cimpoi, Mircea and Maji, Subhransu and Kokkinos, Iasonas and Mohamed, Sammy and Vedaldi, Andrea},
  booktitle={Proceedings of the IEEE conference on computer vision and pattern recognition},
  pages={3606--3613},
  year={2014}
}

@article{helber2019eurosat,
  title={Eurosat: A novel dataset and deep learning benchmark for land use and land cover classification},
  author={Helber, Patrick and Bischke, Benjamin and Dengel, Andreas and Borth, Damian},
  journal={IEEE Journal of Selected Topics in Applied Earth Observations and Remote Sensing},
  volume={12},
  number={7},
  pages={2217--2226},
  year={2019},
  publisher={IEEE}
}

@article{maji2013fine,
  title={Fine-grained visual classification of aircraft},
  author={Maji, Subhransu and Rahtu, Esa and Kannala, Juho and Blaschko, Matthew and Vedaldi, Andrea},
  journal={arXiv preprint arXiv:1306.5151},
  year={2013}
}

@inproceedings{nilsback2008automated,
  title={Automated flower classification over a large number of classes},
  author={Nilsback, Maria-Elena and Zisserman, Andrew},
  booktitle={2008 Sixth Indian conference on computer vision, graphics \& image processing},
  pages={722--729},
  year={2008},
  organization={IEEE}
}

@inproceedings{hendrycks2021many,
  title={The many faces of robustness: A critical analysis of out-of-distribution generalization},
  author={Hendrycks, Dan and Basart, Steven and Mu, Norman and Kadavath, Saurav and Wang, Frank and Dorundo, Evan and Desai, Rahul and Zhu, Tyler and Parajuli, Samyak and Guo, Mike and others},
  booktitle={Proceedings of the IEEE/CVF international conference on computer vision},
  pages={8340--8349},
  year={2021}
}
@article{wang2019learning,
  title={Learning robust global representations by penalizing local predictive power},
  author={Wang, Haohan and Ge, Songwei and Lipton, Zachary and Xing, Eric P},
  journal={Advances in Neural Information Processing Systems},
  volume={32},
  year={2019}
}
@inproceedings{veeling2018rotation,
  title={Rotation equivariant CNNs for digital pathology},
  author={Veeling, Bastiaan S and Linmans, Jasper and Winkens, Jim and Cohen, Taco and Welling, Max},
  booktitle={Medical Image Computing and Computer Assisted Intervention--MICCAI 2018: 21st International Conference, Granada, Spain, September 16-20, 2018, Proceedings, Part II 11},
  pages={210--218},
  year={2018},
  organization={Springer}
}
@inproceedings{parkhi2012cats,
  title={Cats and dogs},
  author={Parkhi, Omkar M and Vedaldi, Andrea and Zisserman, Andrew and Jawahar, CV},
  booktitle={2012 IEEE conference on computer vision and pattern recognition},
  pages={3498--3505},
  year={2012},
  organization={IEEE}
}

@inproceedings{coates2011analysis,
  title={An analysis of single-layer networks in unsupervised feature learning},
  author={Coates, Adam and Ng, Andrew and Lee, Honglak},
  booktitle={Proceedings of the fourteenth international conference on artificial intelligence and statistics},
  pages={215--223},
  year={2011},
  organization={JMLR Workshop and Conference Proceedings}
}

@inproceedings{deng2009imagenet,
  title={Imagenet: A large-scale hierarchical image database},
  author={Deng, Jia and Dong, Wei and Socher, Richard and Li, Li-Jia and Li, Kai and Fei-Fei, Li},
  booktitle={2009 IEEE conference on computer vision and pattern recognition},
  pages={248--255},
  year={2009},
  organization={Ieee}
}

@article{goodfellow2014generative,
  title={Generative adversarial nets},
  author={Goodfellow, Ian and Pouget-Abadie, Jean and Mirza, Mehdi and Xu, Bing and Warde-Farley, David and Ozair, Sherjil and Courville, Aaron and Bengio, Yoshua},
  journal={Advances in neural information processing systems},
  volume={27},
  year={2014}
}
@article{zagoruyko2016wide,
  title={Wide residual networks},
  author={Zagoruyko, Sergey},
  journal={arXiv preprint arXiv:1605.07146},
  year={2016}
}
@inproceedings{li2022grounded,
  title={Grounded language-image pre-training},
  author={Li, Liunian Harold and Zhang, Pengchuan and Zhang, Haotian and Yang, Jianwei and Li, Chunyuan and Zhong, Yiwu and Wang, Lijuan and Yuan, Lu and Zhang, Lei and Hwang, Jenq-Neng and others},
  booktitle={Proceedings of the IEEE/CVF Conference on Computer Vision and Pattern Recognition},
  pages={10965--10975},
  year={2022}
}
@article{samangouei2018defense,
  title={Defense-gan: protecting classifiers against adversarial attacks using generative models},
  author={Samangouei, P},
  journal={arXiv preprint arXiv:1805.06605},
  year={2018}
}

@inproceedings{li2020defense,
  title={Defense-vae: A fast and accurate defense against adversarial attacks},
  author={Li, Xiang and Ji, Shihao},
  booktitle={Machine Learning and Knowledge Discovery in Databases: International Workshops of ECML PKDD 2019, W{\"u}rzburg, Germany, September 16--20, 2019, Proceedings, Part II},
  pages={191--207},
  year={2020},
  organization={Springer}
}

# Imagen
@inproceedings{saharia2022palette,
  title={Palette: Image-to-image diffusion models},
  author={Saharia, Chitwan and Chan, William and Chang, Huiwen and Lee, Chris and Ho, Jonathan and Salimans, Tim and Fleet, David and Norouzi, Mohammad},
  booktitle={ACM SIGGRAPH 2022 conference proceedings},
  pages={1--10},
  year={2022}
}
@article{clark2024text,
  title={Text-to-image diffusion models are zero shot classifiers},
  author={Clark, Kevin and Jaini, Priyank},
  journal={Advances in Neural Information Processing Systems},
  volume={36},
  year={2024}
}

@misc{
Fort2021CLIPadversarial,
title={Adversarial examples for the OpenAI CLIP in its zero-shot classification regime and their semantic generalization},
url={https://stanislavfort.github.io/2021/01/12/OpenAI_CLIP_adversarial_examples.html},
author={Stanislav Fort},
year={2021},
month={Jan}
}
@inproceedings{li2024one,
  title={One prompt word is enough to boost adversarial robustness for pre-trained vision-language models},
  author={Li, Lin and Guan, Haoyan and Qiu, Jianing and Spratling, Michael},
  booktitle={Proceedings of the IEEE/CVF Conference on Computer Vision and Pattern Recognition},
  pages={24408--24419},
  year={2024}
}

@article{tu2024closer,
  title={A closer look at the robustness of contrastive language-image pre-training (clip)},
  author={Tu, Weijie and Deng, Weijian and Gedeon, Tom},
  journal={Advances in Neural Information Processing Systems},
  volume={36},
  year={2024}
}

@article{galindounderstanding,
  title={Understanding CLIP Robustness},
  author={Galindo, Yuri and Faria, Fabio A},
  journal={Understanding clip robustness}
}


@article{church2017word2vec,
  title={Word2Vec},
  author={Church, Kenneth Ward},
  journal={Natural Language Engineering},
  volume={23},
  number={1},
  pages={155--162},
  year={2017},
  publisher={Cambridge University Press}
}

@article{blau2023classifier,
  title={Classifier robustness enhancement via test-time transformation},
  author={Blau, Tsachi and Ganz, Roy and Baskin, Chaim and Elad, Michael and Bronstein, Alex},
  journal={arXiv preprint arXiv:2303.15409},
  year={2023}
}
@inproceedings{ronneberger2015u,
  title={U-net: Convolutional networks for biomedical image segmentation},
  author={Ronneberger, Olaf and Fischer, Philipp and Brox, Thomas},
  booktitle={Medical image computing and computer-assisted intervention--MICCAI 2015: 18th international conference, Munich, Germany, October 5-9, 2015, proceedings, part III 18},
  pages={234--241},
  year={2015},
  organization={Springer}
}
@article{dhariwal2021diffusion,
  title={Diffusion models beat gans on image synthesis},
  author={Dhariwal, Prafulla and Nichol, Alexander},
  journal={Advances in neural information processing systems},
  volume={34},
  pages={8780--8794},
  year={2021}
}
@article{sun2023eva,
  title={Eva-clip: Improved training techniques for clip at scale},
  author={Sun, Quan and Fang, Yuxin and Wu, Ledell and Wang, Xinlong and Cao, Yue},
  journal={arXiv preprint arXiv:2303.15389},
  year={2023}
}
@article{li2024inverse,
  title={An inverse scaling law for clip training},
  author={Li, Xianhang and Wang, Zeyu and Xie, Cihang},
  journal={Advances in Neural Information Processing Systems},
  volume={36},
  year={2024}
}
@article{yu2205coca,
  title={Coca: Contrastive captioners are image-text foundation models. arXiv 2022},
  author={Yu, Jiahui and Wang, Zirui and Vasudevan, Vijay and Yeung, Legg and Seyedhosseini, Mojtaba and Wu, Yonghui},
  journal={arXiv preprint arXiv:2205.01917},
  volume={2}
}
@article{alexey2020image,
  title={An image is worth 16x16 words: Transformers for image recognition at scale},
  author={Alexey, Dosovitskiy},
  journal={arXiv preprint arXiv: 2010.11929},
  year={2020}
}
@inproceedings{he2016deep,
  title={Deep residual learning for image recognition},
  author={He, Kaiming and Zhang, Xiangyu and Ren, Shaoqing and Sun, Jian},
  booktitle={Proceedings of the IEEE conference on computer vision and pattern recognition},
  pages={770--778},
  year={2016}
}
@inproceedings{choi2025adversarial,
  title={Adversarial Robustification via Text-to-Image Diffusion Models},
  author={Choi, Daewon and Jeong, Jongheon and Jang, Huiwon and Shin, Jinwoo},
  booktitle={European Conference on Computer Vision},
  pages={158--177},
  year={2025},
  organization={Springer}
}
@inproceedings{wang2024pre,
  title={Pre-trained model guided fine-tuning for zero-shot adversarial robustness},
  author={Wang, Sibo and Zhang, Jie and Yuan, Zheng and Shan, Shiguang},
  booktitle={Proceedings of the IEEE/CVF Conference on Computer Vision and Pattern Recognition},
  pages={24502--24511},
  year={2024}
}
@article{zhang2025causaldiff,
  title={CausalDiff: Causality-Inspired Disentanglement via Diffusion Model for Adversarial Defense},
  author={Zhang, Mingkun and Bi, Keping and Chen, Wei and Chen, Quanrun and Guo, Jiafeng and Cheng, Xueqi},
  journal={Advances in Neural Information Processing Systems},
  volume={37},
  pages={124791--124819},
  year={2025}
}