@article{chen2023robust,
  title={Robust classification via a single diffusion model},
  author={Chen, Huanran and Dong, Yinpeng and Wang, Zhengyi and Yang, Xiao and Duan, Chengqi and Su, Hang and Zhu, Jun},
  journal={arXiv preprint arXiv:2305.15241},
  year={2023}
}

@inproceedings{choi2025adversarial,
  title={Adversarial Robustification via Text-to-Image Diffusion Models},
  author={Choi, Daewon and Jeong, Jongheon and Jang, Huiwon and Shin, Jinwoo},
  booktitle={European Conference on Computer Vision},
  pages={158--177},
  year={2025},
  organization={Springer}
}

@article{clark2024text,
  title={Text-to-image diffusion models are zero shot classifiers},
  author={Clark, Kevin and Jaini, Priyank},
  journal={Advances in Neural Information Processing Systems},
  volume={36},
  year={2024}
}

@article{galindounderstanding,
  title={Understanding CLIP Robustness},
  author={Galindo, Yuri and Faria, Fabio A},
  journal={Understanding clip robustness}
}

@article{hill2020stochastic,
  title={Stochastic security: Adversarial defense using long-run dynamics of energy-based models},
  author={Hill, Mitch and Mitchell, Jonathan and Zhu, Song-Chun},
  journal={arXiv preprint arXiv:2005.13525},
  year={2020}
}

@inproceedings{li2020defense,
  title={Defense-vae: A fast and accurate defense against adversarial attacks},
  author={Li, Xiang and Ji, Shihao},
  booktitle={Machine Learning and Knowledge Discovery in Databases: International Workshops of ECML PKDD 2019, W{\"u}rzburg, Germany, September 16--20, 2019, Proceedings, Part II},
  pages={191--207},
  year={2020},
  organization={Springer}
}

@inproceedings{li2023your,
  title={Your diffusion model is secretly a zero-shot classifier},
  author={Li, Alexander C and Prabhudesai, Mihir and Duggal, Shivam and Brown, Ellis and Pathak, Deepak},
  booktitle={Proceedings of the IEEE/CVF International Conference on Computer Vision},
  pages={2206--2217},
  year={2023}
}

@inproceedings{li2024one,
  title={One prompt word is enough to boost adversarial robustness for pre-trained vision-language models},
  author={Li, Lin and Guan, Haoyan and Qiu, Jianing and Spratling, Michael},
  booktitle={Proceedings of the IEEE/CVF Conference on Computer Vision and Pattern Recognition},
  pages={24408--24419},
  year={2024}
}

@article{mao2022understanding,
  title={Understanding zero-shot adversarial robustness for large-scale models},
  author={Mao, Chengzhi and Geng, Scott and Yang, Junfeng and Wang, Xin and Vondrick, Carl},
  journal={arXiv preprint arXiv:2212.07016},
  year={2022}
}

@article{nie2022diffusion,
  title={Diffusion models for adversarial purification},
  author={Nie, Weili and Guo, Brandon and Huang, Yujia and Xiao, Chaowei and Vahdat, Arash and Anandkumar, Anima},
  journal={arXiv preprint arXiv:2205.07460},
  year={2022}
}

@inproceedings{radford2021learning,
  title={Learning transferable visual models from natural language supervision},
  author={Radford, Alec and Kim, Jong Wook and Hallacy, Chris and Ramesh, Aditya and Goh, Gabriel and Agarwal, Sandhini and Sastry, Girish and Askell, Amanda and Mishkin, Pamela and Clark, Jack and others},
  booktitle={International conference on machine learning},
  pages={8748--8763},
  year={2021},
  organization={PMLR}
}

@article{ramesh2022hierarchical,
  title={Hierarchical text-conditional image generation with clip latents},
  author={Ramesh, Aditya and Dhariwal, Prafulla and Nichol, Alex and Chu, Casey and Chen, Mark},
  journal={arXiv preprint arXiv:2204.06125},
  volume={1},
  number={2},
  pages={3},
  year={2022}
}

@inproceedings{rombach2022high,
  title={High-resolution image synthesis with latent diffusion models},
  author={Rombach, Robin and Blattmann, Andreas and Lorenz, Dominik and Esser, Patrick and Ommer, Bj{\"o}rn},
  booktitle={Proceedings of the IEEE/CVF conference on computer vision and pattern recognition},
  pages={10684--10695},
  year={2022}
}

@inproceedings{saharia2022palette,
  title={Palette: Image-to-image diffusion models},
  author={Saharia, Chitwan and Chan, William and Chang, Huiwen and Lee, Chris and Ho, Jonathan and Salimans, Tim and Fleet, David and Norouzi, Mohammad},
  booktitle={ACM SIGGRAPH 2022 conference proceedings},
  pages={1--10},
  year={2022}
}

@article{samangouei2018defense,
  title={Defense-gan: protecting classifiers against adversarial attacks using generative models},
  author={Samangouei, P},
  journal={arXiv preprint arXiv:1805.06605},
  year={2018}
}

@article{schlarmann2024robust,
  title={Robust clip: Unsupervised adversarial fine-tuning of vision embeddings for robust large vision-language models},
  author={Schlarmann, Christian and Singh, Naman Deep and Croce, Francesco and Hein, Matthias},
  journal={arXiv preprint arXiv:2402.12336},
  year={2024}
}

@article{song2017pixeldefend,
  title={Pixeldefend: Leveraging generative models to understand and defend against adversarial examples},
  author={Song, Yang and Kim, Taesup and Nowozin, Sebastian and Ermon, Stefano and Kushman, Nate},
  journal={arXiv preprint arXiv:1710.10766},
  year={2017}
}

@article{tu2024closer,
  title={A closer look at the robustness of contrastive language-image pre-training (clip)},
  author={Tu, Weijie and Deng, Weijian and Gedeon, Tom},
  journal={Advances in Neural Information Processing Systems},
  volume={36},
  year={2024}
}

@inproceedings{wang2024pre,
  title={Pre-trained model guided fine-tuning for zero-shot adversarial robustness},
  author={Wang, Sibo and Zhang, Jie and Yuan, Zheng and Shan, Shiguang},
  booktitle={Proceedings of the IEEE/CVF Conference on Computer Vision and Pattern Recognition},
  pages={24502--24511},
  year={2024}
}

@inproceedings{yoon2021adversarial,
  title={Adversarial purification with score-based generative models},
  author={Yoon, Jongmin and Hwang, Sung Ju and Lee, Juho},
  booktitle={International Conference on Machine Learning},
  pages={12062--12072},
  year={2021},
  organization={PMLR}
}

@article{zhang2025causaldiff,
  title={CausalDiff: Causality-Inspired Disentanglement via Diffusion Model for Adversarial Defense},
  author={Zhang, Mingkun and Bi, Keping and Chen, Wei and Chen, Quanrun and Guo, Jiafeng and Cheng, Xueqi},
  journal={Advances in Neural Information Processing Systems},
  volume={37},
  pages={124791--124819},
  year={2025}
}

