% Use this file for citations not found in the ACL Anthology (contained in "anthology.bib").
@article{team2024gemini,
  title={Gemini 1.5: Unlocking multimodal understanding across millions of tokens of context},
  author={Team, Gemini and Georgiev, Petko and Lei, Ving Ian and Burnell, Ryan and Bai, Libin and Gulati, Anmol and Tanzer, Garrett and Vincent, Damien and Pan, Zhufeng and Wang, Shibo and others},
  journal={arXiv preprint arXiv:2403.05530},
  year={2024}
}


@misc{Qwen2.5-VL,
    title = {Qwen2.5-VL},
    url = {https://qwenlm.github.io/blog/qwen2.5-vl/},
    author = {Qwen Team},
    month = {January},
    year = {2025}
}


@article{yao2024minicpm,
  title={MiniCPM-V: A GPT-4V Level MLLM on Your Phone},
  author={Yao, Yuan and Yu, Tianyu and Zhang, Ao and Wang, Chongyi and Cui, Junbo and Zhu, Hongji and Cai, Tianchi and Li, Haoyu and Zhao, Weilin and He, Zhihui and others},
  journal={arXiv preprint arXiv:2408.01800},
  year={2024}
}

@article{guo2025deepseek,
  title={Deepseek-r1: Incentivizing reasoning capability in llms via reinforcement learning},
  author={Guo, Daya and Yang, Dejian and Zhang, Haowei and Song, Junxiao and Zhang, Ruoyu and Xu, Runxin and Zhu, Qihao and Ma, Shirong and Wang, Peiyi and Bi, Xiao and others},
  journal={arXiv preprint arXiv:2501.12948},
  year={2025}
}

@article{achiam2023gpt,
  title={Gpt-4 technical report},
  author={Achiam, Josh and Adler, Steven and Agarwal, Sandhini and Ahmad, Lama and Akkaya, Ilge and Aleman, Florencia Leoni and Almeida, Diogo and Altenschmidt, Janko and Altman, Sam and Anadkat, Shyamal and others},
  journal={arXiv preprint arXiv:2303.08774},
  year={2023}
}

@article{li2024llms,
  title={Llms-as-judges: a comprehensive survey on llm-based evaluation methods},
  author={Li, Haitao and Dong, Qian and Chen, Junjie and Su, Huixue and Zhou, Yujia and Ai, Qingyao and Ye, Ziyi and Liu, Yiqun},
  journal={arXiv preprint arXiv:2412.05579},
  year={2024}
}


@article{wang2023large,
  title={Large language models are not fair evaluators},
  author={Wang, Peiyi and Li, Lei and Chen, Liang and Cai, Zefan and Zhu, Dawei and Lin, Binghuai and Cao, Yunbo and Liu, Qi and Liu, Tianyu and Sui, Zhifang},
  journal={arXiv preprint arXiv:2305.17926},
  year={2023}
}


@article{zhou2024aligning,
  title={Aligning modalities in vision large language models via preference fine-tuning},
  author={Zhou, Yiyang and Cui, Chenhang and Rafailov, Rafael and Finn, Chelsea and Yao, Huaxiu},
  journal={arXiv preprint arXiv:2402.11411},
  year={2024}
}



@article{wu2025longvitu,
  title={LongViTU: Instruction Tuning for Long-Form Video Understanding},
  author={Wu, Rujie and Ma, Xiaojian and Ci, Hai and Fan, Yue and Wang, Yuxuan and Zhao, Haozhe and Li, Qing and Wang, Yizhou},
  journal={arXiv preprint arXiv:2501.05037},
  year={2025}
}


@article{chen2024sharegpt4video,
  title={Sharegpt4video: Improving video understanding and generation with better captions},
  author={Chen, Lin and Wei, Xilin and Li, Jinsong and Dong, Xiaoyi and Zhang, Pan and Zang, Yuhang and Chen, Zehui and Duan, Haodong and Lin, Bin and Tang, Zhenyu and others},
  journal={arXiv preprint arXiv:2406.04325},
  year={2024}
}

@article{deng2024longdocurl,
  title={LongDocURL: a Comprehensive Multimodal Long Document Benchmark Integrating Understanding, Reasoning, and Locating},
  author={Deng, Chao and Yuan, Jiale and Bu, Pi and Wang, Peijie and Li, Zhong-Zhi and Xu, Jian and Li, Xiao-Hui and Gao, Yuan and Song, Jun and Zheng, Bo and others},
  journal={arXiv preprint arXiv:2412.18424},
  year={2024}
}


@article{wu2024longvideobench,
  title={Longvideobench: A benchmark for long-context interleaved video-language understanding},
  author={Wu, Haoning and Li, Dongxu and Chen, Bei and Li, Junnan},
  journal={arXiv preprint arXiv:2407.15754},
  year={2024}
}


@article{wang2024lvbench,
  title={Lvbench: An extreme long video understanding benchmark},
  author={Wang, Weihan and He, Zehai and Hong, Wenyi and Cheng, Yean and Zhang, Xiaohan and Qi, Ji and Gu, Xiaotao and Huang, Shiyu and Xu, Bin and Dong, Yuxiao and others},
  journal={arXiv preprint arXiv:2406.08035},
  year={2024}
}


@inproceedings{chen2024internvl,
  title={Internvl: Scaling up vision foundation models and aligning for generic visual-linguistic tasks},
  author={Chen, Zhe and Wu, Jiannan and Wang, Wenhai and Su, Weijie and Chen, Guo and Xing, Sen and Zhong, Muyan and Zhang, Qinglong and Zhu, Xizhou and Lu, Lewei and others},
  booktitle={Proceedings of the IEEE/CVF Conference on Computer Vision and Pattern Recognition},
  pages={24185--24198},
  year={2024}
}


@article{li2024giraffe,
  title={GIRAFFE: Design Choices for Extending the Context Length of Visual Language Models},
  author={Li, Mukai and Li, Lei and Gong, Shansan and Liu, Qi},
  journal={arXiv preprint arXiv:2412.12735},
  year={2024}
}


@article{ge2024v2pe,
  title={V2PE: Improving Multimodal Long-Context Capability of Vision-Language Models with Variable Visual Position Encoding},
  author={Ge, Junqi and Chen, Ziyi and Lin, Jintao and Zhu, Jinguo and Liu, Xihui and Dai, Jifeng and Zhu, Xizhou},
  journal={arXiv preprint arXiv:2412.09616},
  year={2024}
}


@inproceedings{favero2024multi,
  title={Multi-modal hallucination control by visual information grounding},
  author={Favero, Alessandro and Zancato, Luca and Trager, Matthew and Choudhary, Siddharth and Perera, Pramuditha and Achille, Alessandro and Swaminathan, Ashwin and Soatto, Stefano},
  booktitle={Proceedings of the IEEE/CVF Conference on Computer Vision and Pattern Recognition},
  pages={14303--14312},
  year={2024}
}

@article{hartsock2024vision,
  title={Vision-language models for medical report generation and visual question answering: A review},
  author={Hartsock, Iryna and Rasool, Ghulam},
  journal={Frontiers in Artificial Intelligence},
  volume={7},
  pages={1430984},
  year={2024},
  publisher={Frontiers Media SA}
}

@article{hong2023visual,
  title={Visual writing prompts: Character-grounded story generation with curated image sequences},
  author={Hong, Xudong and Sayeed, Asad and Mehra, Khushboo and Demberg, Vera and Schiele, Bernt},
  journal={Transactions of the Association for Computational Linguistics},
  volume={11},
  pages={565--581},
  year={2023},
  publisher={MIT Press One Broadway, 12th Floor, Cambridge, Massachusetts 02142, USA~â€¦}
}

@article{chou2024visionarena,
  title={VisionArena: 230K Real World User-VLM Conversations with Preference Labels},
  author={Chou, Christopher and Dunlap, Lisa and Mashita, Koki and Mandal, Krishna and Darrell, Trevor and Stoica, Ion and Gonzalez, Joseph E and Chiang, Wei-Lin},
  journal={arXiv preprint arXiv:2412.08687},
  year={2024}
}


@article{schuhmann2022laion,
  title={Laion-5b: An open large-scale dataset for training next generation image-text models},
  author={Schuhmann, Christoph and Beaumont, Romain and Vencu, Richard and Gordon, Cade and Wightman, Ross and Cherti, Mehdi and Coombes, Theo and Katta, Aarush and Mullis, Clayton and Wortsman, Mitchell and others},
  journal={Advances in Neural Information Processing Systems},
  volume={35},
  pages={25278--25294},
  year={2022}
}

@article{wang2022git,
  title={Git: A generative image-to-text transformer for vision and language},
  author={Wang, Jianfeng and Yang, Zhengyuan and Hu, Xiaowei and Li, Linjie and Lin, Kevin and Gan, Zhe and Liu, Zicheng and Liu, Ce and Wang, Lijuan},
  journal={arXiv preprint arXiv:2205.14100},
  year={2022}
}

@inproceedings{lin2014microsoft,
  title={Microsoft coco: Common objects in context},
  author={Lin, Tsung-Yi and Maire, Michael and Belongie, Serge and Hays, James and Perona, Pietro and Ramanan, Deva and Doll{\'a}r, Piotr and Zitnick, C Lawrence},
  booktitle={Computer Vision--ECCV 2014: 13th European Conference, Zurich, Switzerland, September 6-12, 2014, Proceedings, Part V 13},
  pages={740--755},
  year={2014},
  organization={Springer}
}


@inproceedings{liu2024grounding,
  title={Grounding dino: Marrying dino with grounded pre-training for open-set object detection},
  author={Liu, Shilong and Zeng, Zhaoyang and Ren, Tianhe and Li, Feng and Zhang, Hao and Yang, Jie and Jiang, Qing and Li, Chunyuan and Yang, Jianwei and Su, Hang and others},
  booktitle={European Conference on Computer Vision},
  pages={38--55},
  year={2024},
  organization={Springer}
}

@article{shu2024video,
  title={Video-xl: Extra-long vision language model for hour-scale video understanding},
  author={Shu, Yan and Zhang, Peitian and Liu, Zheng and Qin, Minghao and Zhou, Junjie and Huang, Tiejun and Zhao, Bo},
  journal={arXiv preprint arXiv:2409.14485},
  year={2024}
}

@article{zhang2024vision,
  title={Vision-language models for vision tasks: A survey},
  author={Zhang, Jingyi and Huang, Jiaxing and Jin, Sheng and Lu, Shijian},
  journal={IEEE Transactions on Pattern Analysis and Machine Intelligence},
  year={2024},
  publisher={IEEE}
}

@article{xue2024longvila,
  title={Longvila: Scaling long-context visual language models for long videos},
  author={Xue, Fuzhao and Chen, Yukang and Li, Dacheng and Hu, Qinghao and Zhu, Ligeng and Li, Xiuyu and Fang, Yunhao and Tang, Haotian and Yang, Shang and Liu, Zhijian and others},
  journal={arXiv preprint arXiv:2408.10188},
  year={2024}
}


@article{yu2024rlaif,
  title={Rlaif-v: Aligning mllms through open-source ai feedback for super gpt-4v trustworthiness},
  author={Yu, Tianyu and Zhang, Haoye and Yao, Yuan and Dang, Yunkai and Chen, Da and Lu, Xiaoman and Cui, Ganqu and He, Taiwen and Liu, Zhiyuan and Chua, Tat-Seng and others},
  journal={arXiv preprint arXiv:2405.17220},
  year={2024}
}


@article{ma2024mmlongbench,
  title={Mmlongbench-doc: Benchmarking long-context document understanding with visualizations},
  author={Ma, Yubo and Zang, Yuhang and Chen, Liangyu and Chen, Meiqi and Jiao, Yizhu and Li, Xinze and Lu, Xinyuan and Liu, Ziyu and Ma, Yan and Dong, Xiaoyi and others},
  journal={arXiv preprint arXiv:2407.01523},
  year={2024}
}

@misc{zheng2025pptagent,
      title={PPTAgent: Generating and Evaluating Presentations Beyond Text-to-Slides}, 
      author={Hao Zheng and Xinyan Guan and Hao Kong and Jia Zheng and Hongyu Lin and Yaojie Lu and Ben He and Xianpei Han and Le Sun},
      year={2025},
      eprint={2501.03936},
      archivePrefix={arXiv},
      primaryClass={cs.AI},
      url={https://arxiv.org/abs/2501.03936}, 
}


@inproceedings{yu2020mooccube,
  title={MOOCCube: A large-scale data repository for NLP applications in MOOCs},
  author={Yu, Jifan and Luo, Gan and Xiao, Tong and Zhong, Qingyang and Wang, Yuquan and Feng, Wenzheng and Luo, Junyi and Wang, Chenyu and Hou, Lei and Li, Juanzi and others},
  booktitle={Proceedings of the 58th annual meeting of the association for computational linguistics},
  pages={3135--3142},
  year={2020}
}


@article{rafailov2024direct,
  title={Direct preference optimization: Your language model is secretly a reward model},
  author={Rafailov, Rafael and Sharma, Archit and Mitchell, Eric and Manning, Christopher D and Ermon, Stefano and Finn, Chelsea},
  journal={Advances in Neural Information Processing Systems},
  volume={36},
  year={2024}
}


@article{liu2024mia,
  title={Mia-dpo: Multi-image augmented direct preference optimization for large vision-language models},
  author={Liu, Ziyu and Zang, Yuhang and Dong, Xiaoyi and Zhang, Pan and Cao, Yuhang and Duan, Haodong and He, Conghui and Xiong, Yuanjun and Lin, Dahua and Wang, Jiaqi},
  journal={arXiv preprint arXiv:2410.17637},
  year={2024}
}

@inproceedings{yu2024rlhf,
  title={Rlhf-v: Towards trustworthy mllms via behavior alignment from fine-grained correctional human feedback},
  author={Yu, Tianyu and Yao, Yuan and Zhang, Haoye and He, Taiwen and Han, Yifeng and Cui, Ganqu and Hu, Jinyi and Liu, Zhiyuan and Zheng, Hai-Tao and Sun, Maosong and others},
  booktitle={Proceedings of the IEEE/CVF Conference on Computer Vision and Pattern Recognition},
  pages={13807--13816},
  year={2024}
}


@article{li2023self,
  title={Self-alignment with instruction backtranslation},
  author={Li, Xian and Yu, Ping and Zhou, Chunting and Schick, Timo and Levy, Omer and Zettlemoyer, Luke and Weston, Jason and Lewis, Mike},
  journal={arXiv preprint arXiv:2308.06259},
  year={2023}
}

@article{wang2024weaver,
  title={Weaver: Foundation models for creative writing},
  author={Wang, Tiannan and Chen, Jiamin and Jia, Qingrui and Wang, Shuai and Fang, Ruoyu and Wang, Huilin and Gao, Zhaowei and Xie, Chunzhao and Xu, Chuou and Dai, Jihong and others},
  journal={arXiv preprint arXiv:2401.17268},
  year={2024}
}


@article{pham2024suri,
  title={Suri: Multi-constraint instruction following for long-form text generation},
  author={Pham, Chau Minh and Sun, Simeng and Iyyer, Mohit},
  journal={arXiv preprint arXiv:2406.19371},
  year={2024}
}

@inproceedings{chen2024sharegpt4v,
  title={Sharegpt4v: Improving large multi-modal models with better captions},
  author={Chen, Lin and Li, Jinsong and Dong, Xiaoyi and Zhang, Pan and He, Conghui and Wang, Jiaqi and Zhao, Feng and Lin, Dahua},
  booktitle={European Conference on Computer Vision},
  pages={370--387},
  year={2024},
  organization={Springer}
}


@article{liu2024visual,
  title={Visual instruction tuning},
  author={Liu, Haotian and Li, Chunyuan and Wu, Qingyang and Lee, Yong Jae},
  journal={Advances in neural information processing systems},
  volume={36},
  year={2024}
}


@article{luo2024mmevol,
  title={Mmevol: Empowering multimodal large language models with evol-instruct},
  author={Luo, Run and Zhang, Haonan and Chen, Longze and Lin, Ting-En and Liu, Xiong and Wu, Yuchuan and Yang, Min and Wang, Minzheng and Zeng, Pengpeng and Gao, Lianli and others},
  journal={arXiv preprint arXiv:2409.05840},
  year={2024}
}

@article{taavitsainen2000conventions,
  title={Conventions of professional writing: The medical case report in a historical perspective},
  author={Taavitsainen, Irma and Pahta, P{\"a}ivi},
  journal={Journal of English Linguistics},
  volume={28},
  number={1},
  pages={60--76},
  year={2000},
  publisher={Sage Publications Sage CA: Thousand Oaks, CA}
}

@article{wang2024qwen2,
  title={Qwen2-vl: Enhancing vision-language model's perception of the world at any resolution},
  author={Wang, Peng and Bai, Shuai and Tan, Sinan and Wang, Shijie and Fan, Zhihao and Bai, Jinze and Chen, Keqin and Liu, Xuejing and Wang, Jialin and Ge, Wenbin and others},
  journal={arXiv preprint arXiv:2409.12191},
  year={2024}
}

@inproceedings{bai2024longbench,
    title = "{L}ong{B}ench: A Bilingual, Multitask Benchmark for Long Context Understanding",
    author = "Bai, Yushi and Lv, Xin  and Zhang, Jiajie  and Lyu, Hongchang  and
      Tang, Jiankai  and Huang, Zhidian  and Du, Zhengxiao  and Liu, Xiao  and Zeng, Aohan  and Hou, Lei  and Dong, Yuxiao  and Tang, Jie  and Li, Juanzi",
    booktitle = "Proceedings of the 62nd Annual Meeting of the Association for Computational Linguistics (Volume 1: Long Papers)",
    month = aug,
    year = "2024",
    address = "Bangkok, Thailand",
    publisher = "Association for Computational Linguistics",
    url = "https://aclanthology.org/2024.acl-long.172",
    doi = "10.18653/v1/2024.acl-long.172",
    pages = "3119--3137",
}

@article{li2024generation,
  title={From Generation to Judgment: Opportunities and Challenges of LLM-as-a-judge},
  author={Li, Dawei and Jiang, Bohan and Huang, Liangjie and Beigi, Alimohammad and Zhao, Chengshuai and Tan, Zhen and Bhattacharjee, Amrita and Jiang, Yuxuan and Chen, Canyu and Wu, Tianhao and others},
  journal={arXiv preprint arXiv:2411.16594},
  year={2024}
}

@inproceedings{liu2024longgenbench,
  title={LongGenBench: Long-context Generation Benchmark},
  author={Liu, Xiang and Dong, Peijie and Hu, Xuming and Chu, Xiaowen},
  booktitle={Findings of the Association for Computational Linguistics: EMNLP 2024},
  pages={865--883},
  year={2024}
}

@article{que2024hellobench,
  title={Hellobench: Evaluating long text generation capabilities of large language models},
  author={Que, Haoran and Duan, Feiyu and He, Liqun and Mou, Yutao and Zhou, Wangchunshu and Liu, Jiaheng and Rong, Wenge and Wang, Zekun Moore and Yang, Jian and Zhang, Ge and others},
  journal={arXiv preprint arXiv:2409.16191},
  year={2024}
}

@article{vrandevcic2014wikidata,
  title={Wikidata: a free collaborative knowledgebase},
  author={Vrande{\v{c}}i{\'c}, Denny and Kr{\"o}tzsch, Markus},
  journal={Communications of the ACM},
  volume={57},
  number={10},
  pages={78--85},
  year={2014},
  publisher={ACM New York, NY, USA}
}

@inproceedings{bai2024longalign,
    title = "{L}ong{A}lign: A Recipe for Long Context Alignment of Large Language Models",
    author = "Bai, Yushi and Lv, Xin and Zhang, Jiajie and He, Yuze and Qi, Ji and Hou, Lei and Tang, Jie and Dong, Yuxiao and Li, Juanzi",
    booktitle = "Findings of the Association for Computational Linguistics: EMNLP 2024",
    month = nov,
    year = "2024",
    address = "Miami, Florida, USA",
    publisher = "Association for Computational Linguistics",
    url = "https://aclanthology.org/2024.findings-emnlp.74",
    doi = "10.18653/v1/2024.findings-emnlp.74",
    pages = "1376--1395",
}

@inproceedings{yao2023viskop,
  title={VisKoP: Visual Knowledge oriented Programming for Interactive Knowledge Base Question Answering},
  author={Yao, Zijun and Chen, Yuanyong and Lv, Xin and Cao, Shulin and Xin, Amy and Yu, Jifan and Jin, Hailong and Xu, Jianjun and Zhang, Peng and Hou, Lei and others},
  booktitle={Proceedings of the 61st Annual Meeting of the Association for Computational Linguistics (Volume 3: System Demonstrations)},
  pages={179--189},
  year={2023}
}

@inproceedings{novikova2017we,
  title={Why We Need New Evaluation Metrics for NLG},
  author={Novikova, Jekaterina and Du{\v{s}}ek, Ond{\v{r}}ej and Curry, Amanda Cercas and Rieser, Verena},
  booktitle={Proceedings of the 2017 Conference on Empirical Methods in Natural Language Processing},
  pages={2241--2252},
  year={2017}
}

@misc{claude-3,
  author = {Anthropic},
  title = {Anthropic: Introducing the next generation of Claude},
  year = {2024},
  url = {https://www.anthropic.com/news/claude-3-family},
}

@article{reid2024gemini,
  title={Gemini 1.5: Unlocking multimodal understanding across millions of tokens of context},
  author={Reid, Machel and Savinov, Nikolay and Teplyashin, Denis and Lepikhin, Dmitry and Lillicrap, Timothy and Alayrac, Jean-baptiste and Soricut, Radu and Lazaridou, Angeliki and Firat, Orhan and Schrittwieser, Julian and others},
  journal={arXiv preprint arXiv:2403.05530},
  year={2024}
}

@article{glm2024chatglm,
      title={ChatGLM: A Family of Large Language Models from GLM-130B to GLM-4 All Tools}, 
      author={Team GLM and Aohan Zeng and Bin Xu and Bowen Wang and Chenhui Zhang and Da Yin and Diego Rojas and Guanyu Feng and Hanlin Zhao and Hanyu Lai and Hao Yu and Hongning Wang and Jiadai Sun and Jiajie Zhang and Jiale Cheng and Jiayi Gui and Jie Tang and Jing Zhang and Juanzi Li and Lei Zhao and Lindong Wu and Lucen Zhong and Mingdao Liu and Minlie Huang and Peng Zhang and Qinkai Zheng and Rui Lu and Shuaiqi Duan and Shudan Zhang and Shulin Cao and Shuxun Yang and Weng Lam Tam and Wenyi Zhao and Xiao Liu and Xiao Xia and Xiaohan Zhang and Xiaotao Gu and Xin Lv and Xinghan Liu and Xinyi Liu and Xinyue Yang and Xixuan Song and Xunkai Zhang and Yifan An and Yifan Xu and Yilin Niu and Yuantao Yang and Yueyan Li and Yushi Bai and Yuxiao Dong and Zehan Qi and Zhaoyu Wang and Zhen Yang and Zhengxiao Du and Zhenyu Hou and Zihan Wang},
      year={2024},
      journal={arXiv preprint arXiv:2406.12793}
}

@inproceedings{an2024leval,
    title = "{L}-Eval: Instituting Standardized Evaluation for Long Context Language Models",
    author = "An, Chenxin  and
      Gong, Shansan  and
      Zhong, Ming  and
      Zhao, Xingjian  and
      Li, Mukai  and
      Zhang, Jun  and
      Kong, Lingpeng  and
      Qiu, Xipeng",
    booktitle = "Proceedings of the 62nd Annual Meeting of the Association for Computational Linguistics (Volume 1: Long Papers)",
    month = aug,
    year = "2024",
    address = "Bangkok, Thailand",
    publisher = "Association for Computational Linguistics",
    url = "https://aclanthology.org/2024.acl-long.776",
    doi = "10.18653/v1/2024.acl-long.776",
    pages = "14388--14411",
}

@misc{GPT-4o,
  author = {OpenAI},
  title = {OpenAI: Hello GPT-4o},
  year = {2024},
  url = {https://openai.com/index/hello-gpt-4o/},
}

@inproceedings{zhang2024infty,
    title = "$\infty${B}ench: Extending Long Context Evaluation Beyond 100{K} Tokens",
    author = "Zhang, Xinrong  and
      Chen, Yingfa  and
      Hu, Shengding  and
      Xu, Zihang  and
      Chen, Junhao  and
      Hao, Moo  and
      Han, Xu  and
      Thai, Zhen  and
      Wang, Shuo  and
      Liu, Zhiyuan  and
      Sun, Maosong",
    booktitle = "Proceedings of the 62nd Annual Meeting of the Association for Computational Linguistics (Volume 1: Long Papers)",
    month = aug,
    year = "2024",
    address = "Bangkok, Thailand",
    publisher = "Association for Computational Linguistics",
    url = "https://aclanthology.org/2024.acl-long.814",
    doi = "10.18653/v1/2024.acl-long.814",
    pages = "15262--15277",
}

@article{hsieh2024ruler,
  title={RULER: What's the Real Context Size of Your Long-Context Language Models?},
  author={Hsieh, Cheng-Ping and Sun, Simeng and Kriman, Samuel and Acharya, Shantanu and Rekesh, Dima and Jia, Fei and Zhang, Yang and Ginsburg, Boris},
  journal={arXiv preprint arXiv:2404.06654},
  year={2024}
}

@article{xu2024detectiveqa,
  title={DetectiveQA: Evaluating Long-Context Reasoning on Detective Novels},
  author={Xu, Zhe and Ye, Jiasheng and Liu, Xiangyang and Sun, Tianxiang and Liu, Xiaoran and Guo, Qipeng and Li, Linlin and Liu, Qun and Huang, Xuanjing and Qiu, Xipeng},
  journal={arXiv preprint arXiv:2409.02465},
  year={2024}
}

@article{agarwal2024many,
  title={Many-shot in-context learning},
  author={Agarwal, Rishabh and Singh, Avi and Zhang, Lei M and Bohnet, Bernd and Rosias, Luis and Chan, Stephanie and Zhang, Biao and Anand, Ankesh and Abbas, Zaheer and Nova, Azade and others},
  journal={arXiv preprint arXiv:2404.11018},
  year={2024}
}

@inproceedings{tanzerbenchmark,
  title={A Benchmark for Learning to Translate a New Language from One Grammar Book},
  author={Tanzer, Garrett and Suzgun, Mirac and Visser, Eline and Jurafsky, Dan and Melas-Kyriazi, Luke},
  booktitle={The Twelfth International Conference on Learning Representations},
  year={2024}
}

@article{zhang2024teaching,
  title={Teaching Large Language Models an Unseen Language on the Fly},
  author={Zhang, Chen and Liu, Xiao and Lin, Jiuheng and Feng, Yansong},
  journal={arXiv preprint arXiv:2402.19167},
  year={2024}
}

@article{zhang2024tablellm,
  title={TableLLM: Enabling Tabular Data Manipulation by LLMs in Real Office Usage Scenarios},
  author={Zhang, Xiaokang and Zhang, Jing and Ma, Zeyao and Li, Yang and Zhang, Bohan and Li, Guanlin and Yao, Zijun and Xu, Kangli and Zhou, Jinchang and Zhang-Li, Daniel and others},
  journal={arXiv preprint arXiv:2403.19318},
  year={2024}
}

@inproceedings{cao2022kqa,
  title={KQA Pro: A Dataset with Explicit Compositional Programs for Complex Question Answering over Knowledge Base},
  author={Cao, Shulin and Shi, Jiaxin and Pan, Liangming and Nie, Lunyiu and Xiang, Yutong and Hou, Lei and Li, Juanzi and He, Bin and Zhang, Hanwang},
  booktitle={Proceedings of the 60th Annual Meeting of the Association for Computational Linguistics (Volume 1: Long Papers)},
  pages={6101--6119},
  year={2022}
}

@article{rein2023gpqa,
  title={Gpqa: A graduate-level google-proof q\&a benchmark},
  author={Rein, David and Hou, Betty Li and Stickland, Asa Cooper and Petty, Jackson and Pang, Richard Yuanzhe and Dirani, Julien and Michael, Julian and Bowman, Samuel R},
  journal={arXiv preprint arXiv:2311.12022},
  year={2023}
}

@inproceedings{bai2023answering,
  title={Answering complex logical queries on knowledge graphs via query computation tree optimization},
  author={Bai, Yushi and Lv, Xin and Li, Juanzi and Hou, Lei},
  booktitle={International Conference on Machine Learning},
  pages={1472--1491},
  year={2023},
  organization={PMLR}
}

@article{dubey2024llama,
  title={The llama 3 herd of models},
  author={Dubey, Abhimanyu and Jauhri, Abhinav and Pandey, Abhinav and Kadian, Abhishek and Al-Dahle, Ahmad and Letman, Aiesha and Mathur, Akhil and Schelten, Alan and Yang, Amy and Fan, Angela and others},
  journal={arXiv preprint arXiv:2407.21783},
  year={2024}
}

@article{wang2024helpsteer2,
  title={Helpsteer2-preference: Complementing ratings with preferences},
  author={Wang, Zhilin and Bukharin, Alexander and Delalleau, Olivier and Egert, Daniel and Shen, Gerald and Zeng, Jiaqi and Kuchaiev, Oleksii and Dong, Yi},
  journal={arXiv preprint arXiv:2410.01257},
  year={2024}
}

@article{vodrahalli2024michelangelo,
  title={Michelangelo: Long context evaluations beyond haystacks via latent structure queries},
  author={Vodrahalli, Kiran and Ontanon, Santiago and Tripuraneni, Nilesh and Xu, Kelvin and Jain, Sanil and Shivanna, Rakesh and Hui, Jeffrey and Dikkala, Nishanth and Kazemi, Mehran and Fatemi, Bahare and others},
  journal={arXiv preprint arXiv:2409.12640},
  year={2024}
}

@article{lewis2020retrieval,
  title={Retrieval-augmented generation for knowledge-intensive nlp tasks},
  author={Lewis, Patrick and Perez, Ethan and Piktus, Aleksandra and Petroni, Fabio and Karpukhin, Vladimir and Goyal, Naman and K{\"u}ttler, Heinrich and Lewis, Mike and Yih, Wen-tau and Rockt{\"a}schel, Tim and others},
  journal={Advances in Neural Information Processing Systems},
  volume={33},
  pages={9459--9474},
  year={2020}
}

@article{leng2024long,
  title={Long Context RAG Performance of Large Language Models},
  author={Leng, Quinn and Portes, Jacob and Havens, Sam and Zaharia, Matei and Carbin, Michael},
  journal={arXiv preprint arXiv:2411.03538},
  year={2024}
}

@article{jin2024long,
  title={Long-Context LLMs Meet RAG: Overcoming Challenges for Long Inputs in RAG},
  author={Jin, Bowen and Yoon, Jinsung and Han, Jiawei and Arik, Sercan O},
  journal={arXiv preprint arXiv:2410.05983},
  year={2024}
}

@article{jiang2024longrag,
  title={Longrag: Enhancing retrieval-augmented generation with long-context llms},
  author={Jiang, Ziyan and Ma, Xueguang and Chen, Wenhu},
  journal={arXiv preprint arXiv:2406.15319},
  year={2024}
}

@misc{qwen2.5,
    title = {Qwen2.5: A Party of Foundation Models},
    url = {https://qwenlm.github.io/blog/qwen2.5/},
    author = {Qwen Team},
    month = {September},
    year = {2024}
}

@article{qwen2,
      title={Qwen2 Technical Report}, 
      author={An Yang and Baosong Yang and Binyuan Hui and Bo Zheng and Bowen Yu and Chang Zhou and Chengpeng Li and Chengyuan Li and Dayiheng Liu and Fei Huang and Guanting Dong and Haoran Wei and Huan Lin and Jialong Tang and Jialin Wang and Jian Yang and Jianhong Tu and Jianwei Zhang and Jianxin Ma and Jin Xu and Jingren Zhou and Jinze Bai and Jinzheng He and Junyang Lin and Kai Dang and Keming Lu and Keqin Chen and Kexin Yang and Mei Li and Mingfeng Xue and Na Ni and Pei Zhang and Peng Wang and Ru Peng and Rui Men and Ruize Gao and Runji Lin and Shijie Wang and Shuai Bai and Sinan Tan and Tianhang Zhu and Tianhao Li and Tianyu Liu and Wenbin Ge and Xiaodong Deng and Xiaohuan Zhou and Xingzhang Ren and Xinyu Zhang and Xipin Wei and Xuancheng Ren and Yang Fan and Yang Yao and Yichang Zhang and Yu Wan and Yunfei Chu and Yuqiong Liu and Zeyu Cui and Zhenru Zhang and Zhihao Fan},
      journal={arXiv preprint arXiv:2407.10671},
      year={2024}
}

@article{jiang2023mistral,
  title={Mistral 7B},
  author={Jiang, Albert Q and Sablayrolles, Alexandre and Mensch, Arthur and Bamford, Chris and Chaplot, Devendra Singh and Casas, Diego de las and Bressand, Florian and Lengyel, Gianna and Lample, Guillaume and Saulnier, Lucile and others},
  journal={arXiv preprint arXiv:2310.06825},
  year={2023}
}

@misc {cohere_for_ai_2024,
    author       = { {Cohere For AI} },
    title        = { c4ai-command-r-plus-08-2024 },
    year         = 2024,
    url          = { https://huggingface.co/CohereForAI/c4ai-command-r-plus-08-2024 },
    doi          = { 10.57967/hf/3135 },
    publisher    = { Hugging Face }
}

@misc{GPT-4o-mini,
  author = {OpenAI},
  title = {GPT-4o mini: advancing cost-efficient intelligence},
  year = {2024},
  url = {https://openai.com/index/gpt-4o-mini-advancing-cost-efficient-intelligence/},
}

@misc{o1-preview,
  author = {OpenAI},
  title = {Learning to Reason with LLMs},
  year = {2024},
  url = {https://openai.com/index/learning-to-reason-with-llms/},
}

@misc{o1-mini,
  author = {OpenAI},
  title = {OpenAI o1-mini},
  year = {2024},
  url = {https://openai.com/index/openai-o1-mini-advancing-cost-efficient-reasoning/},
}

@article{wei2022chain,
  title={Chain-of-thought prompting elicits reasoning in large language models},
  author={Wei, Jason and Wang, Xuezhi and Schuurmans, Dale and Bosma, Maarten and Xia, Fei and Chi, Ed and Le, Quoc V and Zhou, Denny and others},
  journal={Advances in neural information processing systems},
  volume={35},
  pages={24824--24837},
  year={2022}
}

@article{song2024counting,
  title={Counting-stars: A simple, efficient, and reasonable strategy for evaluating long-context large language models},
  author={Song, Mingyang and Zheng, Mao and Luo, Xuan},
  journal={arXiv preprint arXiv:2403.11802},
  year={2024}
}

@article{li2023loogle,
  title={LooGLE: Can Long-Context Language Models Understand Long Contexts?},
  author={Li, Jiaqi and Wang, Mengmeng and Zheng, Zilong and Zhang, Muhan},
  journal={arXiv preprint arXiv:2311.04939},
  year={2023}
}

@article{yen2024helmet,
  title={Helmet: How to evaluate long-context language models effectively and thoroughly},
  author={Yen, Howard and Gao, Tianyu and Hou, Minmin and Ding, Ke and Fleischer, Daniel and Izsak, Peter and Wasserblat, Moshe and Chen, Danqi},
  journal={arXiv preprint arXiv:2410.02694},
  year={2024}
}

@inproceedings{shaham2023zeroscrolls,
  title={ZeroSCROLLS: A Zero-Shot Benchmark for Long Text Understanding},
  author={Shaham, Uri and Ivgi, Maor and Efrat, Avia and Berant, Jonathan and Levy, Omer},
  booktitle={Findings of the Association for Computational Linguistics: EMNLP 2023},
  pages={7977--7989},
  year={2023}
}

@inproceedings{dong2024bamboo,
  title={BAMBOO: A Comprehensive Benchmark for Evaluating Long Text Modeling Capacities of Large Language Models},
  author={Dong, Zican and Tang, Tianyi and Li, Junyi and Zhao, Wayne Xin and Wen, Ji-Rong},
  booktitle={Proceedings of the 2024 Joint International Conference on Computational Linguistics, Language Resources and Evaluation (LREC-COLING 2024)},
  pages={2086--2099},
  year={2024}
}

@article{kovcisky2018narrativeqa,
  title={The narrativeqa reading comprehension challenge},
  author={Ko{\v{c}}isk{\`y}, Tom{\'a}{\v{s}} and Schwarz, Jonathan and Blunsom, Phil and Dyer, Chris and Hermann, Karl Moritz and Melis, G{\'a}bor and Grefenstette, Edward},
  journal={Transactions of the Association for Computational Linguistics},
  volume={6},
  pages={317--328},
  year={2018},
  publisher={MIT Press One Rogers Street, Cambridge, MA 02142-1209, USA journals-info~â€¦}
}

@inproceedings{pang2022quality,
  title={QuALITY: Question Answering with Long Input Texts, Yes!},
  author={Pang, Richard Yuanzhe and Parrish, Alicia and Joshi, Nitish and Nangia, Nikita and Phang, Jason and Chen, Angelica and Padmakumar, Vishakh and Ma, Johnny and Thompson, Jana and He, He and others},
  booktitle={Proceedings of the 2022 Conference of the North American Chapter of the Association for Computational Linguistics: Human Language Technologies},
  year={2022}
}

@inproceedings{wang2024leave,
  title={Leave no document behind: Benchmarking long-context llms with extended multi-doc qa},
  author={Wang, Minzheng and Chen, Longze and Cheng, Fu and Liao, Shengyi and Zhang, Xinghua and Wu, Bingli and Yu, Haiyang and Xu, Nan and Zhang, Lei and Luo, Run and others},
  booktitle={Proceedings of the 2024 Conference on Empirical Methods in Natural Language Processing},
  pages={5627--5646},
  year={2024}
}

@article{bai2024longwriter,
  title={Longwriter: Unleashing 10,000+ word generation from long context llms},
  author={Bai, Yushi and Zhang, Jiajie and Lv, Xin and Zheng, Linzhi and Zhu, Siqi and Hou, Lei and Dong, Yuxiao and Tang, Jie and Li, Juanzi},
  journal={arXiv preprint arXiv:2408.07055},
  year={2024}
}


@misc{needleinhaystack,
  author = {Kamradt, Greg},
  title = {Needle In A Haystack - Pressure Testing LLMs},
  year = {2023},
  publisher = {GitHub},
  journal = {GitHub repository},
  howpublished = {\url{https://github.com/gkamradt/LLMTest_NeedleInAHaystack}},
  url = {https://github.com/gkamradt/LLMTest_NeedleInAHaystack}
}

@article{zhang2024longcite,
  title={Longcite: Enabling llms to generate fine-grained citations in long-context qa},
  author={Zhang, Jiajie and Bai, Yushi and Lv, Xin and Gu, Wanjun and Liu, Danqing and Zou, Minhao and Cao, Shulin and Hou, Lei and Dong, Yuxiao and Feng, Ling and others},
  journal={arXiv preprint arXiv:2409.02897},
  year={2024}
}

@inproceedings{dasigi2021dataset,
  title={A Dataset of Information-Seeking Questions and Answers Anchored in Research Papers},
  author={Dasigi, Pradeep and Lo, Kyle and Beltagy, Iz and Cohan, Arman and Smith, Noah A and Gardner, Matt},
  booktitle={Proceedings of the 2021 Conference of the North American Chapter of the Association for Computational Linguistics: Human Language Technologies},
  pages={4599--4610},
  year={2021}
}

@article{wu2024longgenbench,
  title={LongGenBench: Benchmarking Long-Form Generation in Long Context LLMs},
  author={Wu, Yuhao and Hee, Ming Shan and Hu, Zhiqing and Lee, Roy Ka-Wei},
  journal={arXiv preprint arXiv:2409.02076},
  year={2024}
}


@InProceedings{pmlr-v235-fu24d,
  title = 	 {Data Engineering for Scaling Language Models to 128{K} Context},
  author =       {Fu, Yao and Panda, Rameswar and Niu, Xinyao and Yue, Xiang and Hajishirzi, Hannaneh and Kim, Yoon and Peng, Hao},
  booktitle = 	 {Proceedings of the 41st International Conference on Machine Learning},
  pages = 	 {14125--14134},
  year = 	 {2024},
  volume = 	 {235},
  series = 	 {Proceedings of Machine Learning Research},
  month = 	 {21--27 Jul},
  publisher =    {PMLR},
}

@inproceedings{xiong2024effective,
  title={Effective Long-Context Scaling of Foundation Models},
  author={Xiong, Wenhan and Liu, Jingyu and Molybog, Igor and Zhang, Hejia and Bhargava, Prajjwal and Hou, Rui and Martin, Louis and Rungta, Rashi and Sankararaman, Karthik Abinav and Oguz, Barlas and others},
  booktitle={Proceedings of the 2024 Conference of the North American Chapter of the Association for Computational Linguistics: Human Language Technologies (Volume 1: Long Papers)},
  pages={4643--4663},
  year={2024}
}

@article{kuratov2024babilong,
  title={BABILong: Testing the Limits of LLMs with Long Context Reasoning-in-a-Haystack},
  author={Kuratov, Yuri and Bulatov, Aydar and Anokhin, Petr and Rodkin, Ivan and Sorokin, Dmitry and Sorokin, Artyom and Burtsev, Mikhail},
  journal={arXiv preprint arXiv:2406.10149},
  year={2024}
}

@article{liu2023repobench,
  title={Repobench: Benchmarking repository-level code auto-completion systems},
  author={Liu, Tianyang and Xu, Canwen and McAuley, Julian},
  journal={arXiv preprint arXiv:2306.03091},
  year={2023}
}

@article{bogomolov2024long,
  title={Long Code Arena: a Set of Benchmarks for Long-Context Code Models},
  author={Bogomolov, Egor and Eliseeva, Aleksandra and Galimzyanov, Timur and Glukhov, Evgeniy and Shapkin, Anton and Tigina, Maria and Golubev, Yaroslav and Kovrigin, Alexander and van Deursen, Arie and Izadi, Maliheh and others},
  journal={arXiv preprint arXiv:2406.11612},
  year={2024}
}

@inproceedings{zhong2021qmsum,
  title={QMSum: A New Benchmark for Query-based Multi-domain Meeting Summarization},
  author={Zhong, Ming and Yin, Da and Yu, Tao and Zaidi, Ahmad and Mutuma, Mutethia and Jha, Rahul and Hassan, Ahmed and Celikyilmaz, Asli and Liu, Yang and Qiu, Xipeng and others},
  booktitle={Proceedings of the 2021 Conference of the North American Chapter of the Association for Computational Linguistics: Human Language Technologies},
  pages={5905--5921},
  year={2021}
}

@inproceedings{wang2022squality,
  title={SQuALITY: Building a Long-Document Summarization Dataset the Hard Way},
  author={Wang, Alex and Pang, Richard Yuanzhe and Chen, Angelica and Phang, Jason and Bowman, Samuel},
  booktitle={Proceedings of the 2022 Conference on Empirical Methods in Natural Language Processing},
  pages={1139--1156},
  year={2022}
}

@inproceedings{laban2024summary,
  title={Summary of a Haystack: A Challenge to Long-Context LLMs and RAG Systems},
  author={Laban, Philippe and Fabbri, Alexander Richard and Xiong, Caiming and Wu, Chien-Sheng},
  booktitle={Proceedings of the 2024 Conference on Empirical Methods in Natural Language Processing},
  pages={9885--9903},
  year={2024}
}

@article{bai2024benchmarking,
  title={Benchmarking foundation models with language-model-as-an-examiner},
  author={Bai, Yushi and Ying, Jiahao and Cao, Yixin and Lv, Xin and He, Yuze and Wang, Xiaozhi and Yu, Jifan and Zeng, Kaisheng and Xiao, Yijia and Lyu, Haozhe and others},
  journal={Advances in Neural Information Processing Systems},
  volume={36},
  year={2024}
}

@inproceedings{zhou2024llm,
  title={Is LLM a Reliable Reviewer? A Comprehensive Evaluation of LLM on Automatic Paper Reviewing Tasks},
  author={Zhou, Ruiyang and Chen, Lu and Yu, Kai},
  booktitle={Proceedings of the 2024 Joint International Conference on Computational Linguistics, Language Resources and Evaluation (LREC-COLING 2024)},
  pages={9340--9351},
  year={2024}
}

@inproceedings{huang2021efficient,
  title={Efficient Attentions for Long Document Summarization},
  author={Huang, Luyang and Cao, Shuyang and Parulian, Nikolaus and Ji, Heng and Wang, Lu},
  booktitle={Proceedings of the 2021 Conference of the North American Chapter of the Association for Computational Linguistics: Human Language Technologies},
  pages={1419--1436},
  year={2021}
}

@article{zheng2023judging,
  title={Judging llm-as-a-judge with mt-bench and chatbot arena},
  author={Zheng, Lianmin and Chiang, Wei-Lin and Sheng, Ying and Zhuang, Siyuan and Wu, Zhanghao and Zhuang, Yonghao and Lin, Zi and Li, Zhuohan and Li, Dacheng and Xing, Eric and others},
  journal={Advances in Neural Information Processing Systems},
  volume={36},
  pages={46595--46623},
  year={2023}
}

@article{gao2024train,
  title={How to train long-context language models (effectively)},
  author={Gao, Tianyu and Wettig, Alexander and Yen, Howard and Chen, Danqi},
  journal={arXiv preprint arXiv:2410.02660},
  year={2024}
}

@article{ye2024justice,
  title={Justice or prejudice? quantifying biases in llm-as-a-judge},
  author={Ye, Jiayi and Wang, Yanbo and Huang, Yue and Chen, Dongping and Zhang, Qihui and Moniz, Nuno and Gao, Tian and Geyer, Werner and Huang, Chao and Chen, Pin-Yu and others},
  journal={arXiv preprint arXiv:2410.02736},
  year={2024}
}

@article{sprague2024cot,
  title={To cot or not to cot? chain-of-thought helps mainly on math and symbolic reasoning},
  author={Sprague, Zayne and Yin, Fangcong and Rodriguez, Juan Diego and Jiang, Dongwei and Wadhwa, Manya and Singhal, Prasann and Zhao, Xinyu and Ye, Xi and Mahowald, Kyle and Durrett, Greg},
  journal={arXiv preprint arXiv:2409.12183},
  year={2024}
}

@article{huang2024far,
  title={How Far Are We on the Decision-Making of LLMs? Evaluating LLMs' Gaming Ability in Multi-Agent Environments},
  author={Huang, Jen-tse and Li, Eric John and Lam, Man Ho and Liang, Tian and Wang, Wenxuan and Yuan, Youliang and Jiao, Wenxiang and Wang, Xing and Tu, Zhaopeng and Lyu, Michael R},
  journal={arXiv preprint arXiv:2403.11807},
  year={2024}
}

@article{wu2024longmemeval,
  title={LongMemEval: Benchmarking Chat Assistants on Long-Term Interactive Memory},
  author={Wu, Di and Wang, Hongwei and Yu, Wenhao and Zhang, Yuwei and Chang, Kai-Wei and Yu, Dong},
  journal={arXiv preprint arXiv:2410.10813},
  year={2024}
}

@inproceedings{ding2021few,
  title={Few-NERD: A Few-shot Named Entity Recognition Dataset},
  author={Ding, Ning and Xu, Guangwei and Chen, Yulin and Wang, Xiaobin and Han, Xu and Xie, Pengjun and Zheng, Haitao and Liu, Zhiyuan},
  booktitle={Proceedings of the 59th Annual Meeting of the Association for Computational Linguistics and the 11th International Joint Conference on Natural Language Processing (Volume 1: Long Papers)},
  pages={3198--3213},
  year={2021}
}

@inproceedings{yao2019docred,
  title={DocRED: A Large-Scale Document-Level Relation Extraction Dataset},
  author={Yao, Yuan and Ye, Deming and Li, Peng and Han, Xu and Lin, Yankai and Liu, Zhenghao and Liu, Zhiyuan and Huang, Lixin and Zhou, Jie and Sun, Maosong},
  booktitle={Proceedings of the 57th Annual Meeting of the Association for Computational Linguistics},
  pages={764--777},
  year={2019}
}

@inproceedings{wang2020maven,
  title={MAVEN: A Massive General Domain Event Detection Dataset},
  author={Wang, Xiaozhi and Wang, Ziqi and Han, Xu and Jiang, Wangyi and Han, Rong and Liu, Zhiyuan and Li, Juanzi and Li, Peng and Lin, Yankai and Zhou, Jie},
  booktitle={Proceedings of the 2020 Conference on Empirical Methods in Natural Language Processing (EMNLP)},
  pages={1652--1671},
  year={2020}
}

@inproceedings{demszky2020goemotions,
  title={GoEmotions: A Dataset of Fine-Grained Emotions},
  author={Demszky, Dorottya and Movshovitz-Attias, Dana and Ko, Jeongwoo and Cowen, Alan and Nemade, Gaurav and Ravi, Sujith},
  booktitle={Proceedings of the 58th Annual Meeting of the Association for Computational Linguistics},
  pages={4040--4054},
  year={2020}
}


@article{alayrac2022flamingo,
  title={Flamingo: a visual language model for few-shot learning},
  author={Alayrac, Jean-Baptiste and Donahue, Jeff and Luc, Pauline and Miech, Antoine and Barr, Iain and Hasson, Yana and Lenc, Karel and Mensch, Arthur and Millican, Katherine and Reynolds, Malcolm and others},
  journal={Advances in neural information processing systems},
  volume={35},
  pages={23716--23736},
  year={2022}
}


