% Use this file for citations not found in the ACL Anthology (contained in "anthology.bib").

@inproceedings{li2022coderetriever,
  title={Coderetriever: A large scale contrastive pre-training method for code search},
  author={Li, Xiaonan and Gong, Yeyun and Shen, Yelong and Qiu, Xipeng and Zhang, Hang and Yao, Bolun and Qi, Weizhen and Jiang, Daxin and Chen, Weizhu and Duan, Nan},
  booktitle={Proceedings of the 2022 Conference on Empirical Methods in Natural Language Processing},
  pages={2898--2910},
  year={2022}
}

@inproceedings{liu2024empirical,
  title={An empirical study of code search in intelligent coding assistant: Perceptions, expectations, and directions},
  author={Liu, Chao and Zhang, Xindong and Zhang, Hongyu and Wan, Zhiyuan and Huang, Zhan and Yan, Meng},
  booktitle={Companion Proceedings of the 32nd ACM International Conference on the Foundations of Software Engineering},
  pages={283--293},
  year={2024}
}

@article{zhou2022docprompting,
  title={Docprompting: Generating code by retrieving the docs},
  author={Zhou, Shuyan and Alon, Uri and Xu, Frank F and Wang, Zhiruo and Jiang, Zhengbao and Neubig, Graham},
  journal={arXiv preprint arXiv:2207.05987},
  year={2022}
}

@inproceedings{wang2024searching,
  title={Searching for best practices in retrieval-augmented generation},
  author={Wang, Xiaohua and Wang, Zhenghua and Gao, Xuan and Zhang, Feiran and Wu, Yixin and Xu, Zhibo and Shi, Tianyuan and Wang, Zhengyuan and Li, Shizheng and Qian, Qi and others},
  booktitle={Proceedings of the 2024 Conference on Empirical Methods in Natural Language Processing},
  pages={17716--17736},
  year={2024}
}

@article{zhu2022survey,
  title={A Survey on Natural Language Processing for Programming},
  author={Zhu, Qingfu and Luo, Xianzhen and Liu, Fang and Gao, Cuiyun and Che, Wanxiang},
  journal={arXiv preprint arXiv:2212.05773},
  year={2022}
}

@article{achiam2023gpt,
  title={Gpt-4 technical report},
  author={Achiam, Josh and Adler, Steven and Agarwal, Sandhini and Ahmad, Lama and Akkaya, Ilge and Aleman, Florencia Leoni and Almeida, Diogo and Altenschmidt, Janko and Altman, Sam and Anadkat, Shyamal and others},
  journal={arXiv preprint arXiv:2303.08774},
  year={2023}
}

@article{grattafiori2024llama,
  title={The llama 3 herd of models},
  author={Grattafiori, Aaron and Dubey, Abhimanyu and Jauhri, Abhinav and Pandey, Abhinav and Kadian, Abhishek and Al-Dahle, Ahmad and Letman, Aiesha and Mathur, Akhil and Schelten, Alan and Vaughan, Alex and others},
  journal={arXiv e-prints},
  pages={arXiv--2407},
  year={2024}
}

@inproceedings{gu2018deep,
  title={Deep code search},
  author={Gu, Xiaodong and Zhang, Hongyu and Kim, Sunghun},
  booktitle={Proceedings of the 40th International Conference on Software Engineering},
  pages={933--944},
  year={2018}
}

@article{devlin2018bert,
  title={Bert: Pre-training of deep bidirectional transformers for language understanding},
  author={Devlin, Jacob},
  journal={arXiv preprint arXiv:1810.04805},
  year={2018}
}

@inproceedings{zhang2019novel,
  title={A novel neural source code representation based on abstract syntax tree},
  author={Zhang, Jian and Wang, Xu and Zhang, Hongyu and Sun, Hailong and Wang, Kaixuan and Liu, Xudong},
  booktitle={2019 IEEE/ACM 41st International Conference on Software Engineering (ICSE)},
  pages={783--794},
  year={2019},
  organization={IEEE}
}

@inproceedings{tang2021ast,
  title={Ast-transformer: Encoding abstract syntax trees efficiently for code summarization},
  author={Tang, Ze and Li, Chuanyi and Ge, Jidong and Shen, Xiaoyu and Zhu, Zheling and Luo, Bin},
  booktitle={2021 36th IEEE/ACM International Conference on Automated Software Engineering (ASE)},
  pages={1193--1195},
  year={2021},
  organization={IEEE}
}

@article{vaswani2017attention,
  title={Attention is all you need},
  author={Vaswani, A},
  journal={Advances in Neural Information Processing Systems},
  year={2017}
}

@article{guo2022unixcoder,
  title={Unixcoder: Unified cross-modal pre-training for code representation},
  author={Guo, Daya and Lu, Shuai and Duan, Nan and Wang, Yanlin and Zhou, Ming and Yin, Jian},
  journal={arXiv preprint arXiv:2203.03850},
  year={2022}
}

@article{wang2023codet5+,
  title={Codet5+: Open code large language models for code understanding and generation},
  author={Wang, Yue and Le, Hung and Gotmare, Akhilesh Deepak and Bui, Nghi DQ and Li, Junnan and Hoi, Steven CH},
  journal={arXiv preprint arXiv:2305.07922},
  year={2023}
}

@article{zhang2023code,
  title={Code Search Debiasing: Improve Search Results beyond Overall Ranking Performance},
  author={Zhang, Sheng and Li, Hui and Wang, Yanlin and Wei, Zhao and Xiu, Yong and Wang, Juhong and Ji, Rongong},
  journal={arXiv preprint arXiv:2311.14901},
  year={2023}
}

@article{zhang2023retrieve,
  title={Retrieve anything to augment large language models},
  author={Zhang, Peitian and Xiao, Shitao and Liu, Zheng and Dou, Zhicheng and Nie, Jian-Yun},
  journal={arXiv preprint arXiv:2310.07554},
  year={2023}
}

@article{salton1983extended,
  title={Extended boolean information retrieval},
  author={Salton, Gerard and Fox, Edward A and Wu, Harry},
  journal={Communications of the ACM},
  volume={26},
  number={11},
  pages={1022--1036},
  year={1983},
  publisher={ACM New York, NY, USA}
}

@article{luan2019aroma,
  title={Aroma: Code recommendation via structural code search},
  author={Luan, Sifei and Yang, Di and Barnaby, Celeste and Sen, Koushik and Chandra, Satish},
  journal={Proceedings of the ACM on Programming Languages},
  volume={3},
  number={OOPSLA},
  pages={1--28},
  year={2019},
  publisher={ACM New York, NY, USA}
}

@inproceedings{diamantopoulos2018codecatch,
  title={Codecatch: Extracting source code snippets from online sources},
  author={Diamantopoulos, Themistoklis and Karagiannopoulos, Georgios and Symeonidis, Andreas L},
  booktitle={Proceedings of the 6th International Workshop on Realizing Artificial Intelligence Synergies in Software Engineering},
  pages={21--27},
  year={2018}
}

@inproceedings{takuya2011spontaneous,
  title={A spontaneous code recommendation tool based on associative search},
  author={Takuya, Watanabe and Masuhara, Hidehiko},
  booktitle={Proceedings of the 3rd International Workshop on search-driven development: Users, infrastructure, tools, and evaluation},
  pages={17--20},
  year={2011}
}

@inproceedings{sun2022code,
  title={Code search based on context-aware code translation},
  author={Sun, Weisong and Fang, Chunrong and Chen, Yuchen and Tao, Guanhong and Han, Tingxu and Zhang, Quanjun},
  booktitle={Proceedings of the 44th International Conference on Software Engineering},
  pages={388--400},
  year={2022}
}

@article{feng2020codebert,
  title={Codebert: A pre-trained model for programming and natural languages},
  author={Feng, Zhangyin and Guo, Daya and Tang, Duyu and Duan, Nan and Feng, Xiaocheng and Gong, Ming and Shou, Linjun and Qin, Bing and Liu, Ting and Jiang, Daxin and others},
  journal={arXiv preprint arXiv:2002.08155},
  year={2020}
}

@article{clark2020electra,
  title={Electra: Pre-training text encoders as discriminators rather than generators},
  author={Clark, K},
  journal={arXiv preprint arXiv:2003.10555},
  year={2020}
}

@article{guo2020graphcodebert,
  title={Graphcodebert: Pre-training code representations with data flow},
  author={Guo, Daya and Ren, Shuo and Lu, Shuai and Feng, Zhangyin and Tang, Duyu and Liu, Shujie and Zhou, Long and Duan, Nan and Svyatkovskiy, Alexey and Fu, Shengyu and others},
  journal={arXiv preprint arXiv:2009.08366},
  year={2020}
}

@article{wang2021syncobert,
  title={Syncobert: Syntax-guided multi-modal contrastive pre-training for code representation},
  author={Wang, Xin and Wang, Yasheng and Mi, Fei and Zhou, Pingyi and Wan, Yao and Liu, Xiao and Li, Li and Wu, Hao and Liu, Jin and Jiang, Xin},
  journal={arXiv preprint arXiv:2108.04556},
  year={2021}
}

@article{ahmad2021unified,
  title={Unified pre-training for program understanding and generation},
  author={Ahmad, Wasi Uddin and Chakraborty, Saikat and Ray, Baishakhi and Chang, Kai-Wei},
  journal={arXiv preprint arXiv:2103.06333},
  year={2021}
}

@article{lewis2019bart,
  title={Bart: Denoising sequence-to-sequence pre-training for natural language generation, translation, and comprehension},
  author={Lewis, Mike},
  journal={arXiv preprint arXiv:1910.13461},
  year={2019}
}

@article{wang2021codet5,
  title={Codet5: Identifier-aware unified pre-trained encoder-decoder models for code understanding and generation},
  author={Wang, Yue and Wang, Weishi and Joty, Shafiq and Hoi, Steven CH},
  journal={arXiv preprint arXiv:2109.00859},
  year={2021}
}

@article{raffel2020exploring,
  title={Exploring the limits of transfer learning with a unified text-to-text transformer},
  author={Raffel, Colin and Shazeer, Noam and Roberts, Adam and Lee, Katherine and Narang, Sharan and Matena, Michael and Zhou, Yanqi and Li, Wei and Liu, Peter J},
  journal={Journal of machine learning research},
  volume={21},
  number={140},
  pages={1--67},
  year={2020}
}

@inproceedings{jiang2021treebert,
  title={Treebert: A tree-based pre-trained model for programming language},
  author={Jiang, Xue and Zheng, Zhuoran and Lyu, Chen and Li, Liang and Lyu, Lei},
  booktitle={Uncertainty in Artificial Intelligence},
  pages={54--63},
  year={2021},
  organization={PMLR}
}

@article{allamanis2017learning,
  title={Learning to represent programs with graphs},
  author={Allamanis, Miltiadis and Brockschmidt, Marc and Khademi, Mahmoud},
  journal={arXiv preprint arXiv:1711.00740},
  year={2017}
}

@article{zhou2019devign,
  title={Devign: Effective vulnerability identification by learning comprehensive program semantics via graph neural networks},
  author={Zhou, Yaqin and Liu, Shangqing and Siow, Jingkai and Du, Xiaoning and Liu, Yang},
  journal={Advances in neural information processing systems},
  volume={32},
  year={2019}
}

@article{chakraborty2021deep,
  title={Deep learning based vulnerability detection: Are we there yet?},
  author={Chakraborty, Saikat and Krishna, Rahul and Ding, Yangruibo and Ray, Baishakhi},
  journal={IEEE Transactions on Software Engineering},
  volume={48},
  number={9},
  pages={3280--3296},
  year={2021},
  publisher={IEEE}
}

@inproceedings{li2021vulnerability,
  title={Vulnerability detection with fine-grained interpretations},
  author={Li, Yi and Wang, Shaohua and Nguyen, Tien N},
  booktitle={Proceedings of the 29th ACM Joint Meeting on European Software Engineering Conference and Symposium on the Foundations of Software Engineering},
  pages={292--303},
  year={2021}
}

@inproceedings{bo2021beyond,
  title={Beyond low-frequency information in graph convolutional networks},
  author={Bo, Deyu and Wang, Xiao and Shi, Chuan and Shen, Huawei},
  booktitle={Proceedings of the AAAI conference on artificial intelligence},
  volume={35},
  number={5},
  pages={3950--3957},
  year={2021}
}

@article{liu2023graphsearchnet,
  title={Graphsearchnet: Enhancing gnns via capturing global dependencies for semantic code search},
  author={Liu, Shangqing and Xie, Xiaofei and Siow, Jingkai and Ma, Lei and Meng, Guozhu and Liu, Yang},
  journal={IEEE Transactions on Software Engineering},
  volume={49},
  number={4},
  pages={2839--2855},
  year={2023},
  publisher={IEEE}
}

@inproceedings{gao2019graph,
  title={Graph u-nets},
  author={Gao, Hongyang and Ji, Shuiwang},
  booktitle={international conference on machine learning},
  pages={2083--2092},
  year={2019},
  organization={PMLR}
}

@article{cangea2018towards,
  title={Towards sparse hierarchical graph classifiers},
  author={Cangea, C{\u{a}}t{\u{a}}lina and Veli{\v{c}}kovi{\'c}, Petar and Jovanovi{\'c}, Nikola and Kipf, Thomas and Li{\`o}, Pietro},
  journal={arXiv preprint arXiv:1811.01287},
  year={2018}
}

@article{knyazev2019understanding,
  title={Understanding attention and generalization in graph neural networks},
  author={Knyazev, Boris and Taylor, Graham W and Amer, Mohamed},
  journal={Advances in neural information processing systems},
  volume={32},
  year={2019}
}

@inproceedings{lee2019self,
  title={Self-attention graph pooling},
  author={Lee, Junhyun and Lee, Inyeop and Kang, Jaewoo},
  booktitle={International conference on machine learning},
  pages={3734--3743},
  year={2019},
  organization={pmlr}
}

@article{ma2020path,
  title={Path integral based convolution and pooling for graph neural networks},
  author={Ma, Zheng and Xuan, Junyu and Wang, Yu Guang and Li, Ming and Li{\`o}, Pietro},
  journal={Advances in Neural Information Processing Systems},
  volume={33},
  pages={16421--16433},
  year={2020}
}

@article{cho2014learning,
  title={Learning phrase representations using RNN encoder-decoder for statistical machine translation},
  author={Cho, Kyunghyun and Van Merri{\"e}nboer, Bart and Gulcehre, Caglar and Bahdanau, Dzmitry and Bougares, Fethi and Schwenk, Holger and Bengio, Yoshua},
  journal={arXiv preprint arXiv:1406.1078},
  year={2014}
}

@article{gao2024clip,
  title={Clip-adapter: Better vision-language models with feature adapters},
  author={Gao, Peng and Geng, Shijie and Zhang, Renrui and Ma, Teli and Fang, Rongyao and Zhang, Yongfeng and Li, Hongsheng and Qiao, Yu},
  journal={International Journal of Computer Vision},
  volume={132},
  number={2},
  pages={581--595},
  year={2024},
  publisher={Springer}
}

@inproceedings{radford2021learning,
  title={Learning transferable visual models from natural language supervision},
  author={Radford, Alec and Kim, Jong Wook and Hallacy, Chris and Ramesh, Aditya and Goh, Gabriel and Agarwal, Sandhini and Sastry, Girish and Askell, Amanda and Mishkin, Pamela and Clark, Jack and others},
  booktitle={International conference on machine learning},
  pages={8748--8763},
  year={2021},
  organization={PMLR}
}

@article{husain2019codesearchnet,
  title={Codesearchnet challenge: Evaluating the state of semantic code search},
  author={Husain, Hamel and Wu, Ho-Hsiang and Gazit, Tiferet and Allamanis, Miltiadis and Brockschmidt, Marc},
  journal={arXiv preprint arXiv:1909.09436},
  year={2019}
}

@article{huang2021cosqa,
  title={Cosqa: 20,000+ web queries for code search and question answering},
  author={Huang, Junjie and Tang, Duyu and Shou, Linjun and Gong, Ming and Xu, Ke and Jiang, Daxin and Zhou, Ming and Duan, Nan},
  journal={arXiv preprint arXiv:2105.13239},
  year={2021}
}

@article{liu2021opportunities,
  title={Opportunities and challenges in code search tools},
  author={Liu, Chao and Xia, Xin and Lo, David and Gao, Cuiyun and Yang, Xiaohu and Grundy, John},
  journal={ACM Computing Surveys (CSUR)},
  volume={54},
  number={9},
  pages={1--40},
  year={2021},
  publisher={ACM New York, NY}
}

@article{di2023code,
  title={Code search: A survey of techniques for finding code},
  author={Di Grazia, Luca and Pradel, Michael},
  journal={ACM Computing Surveys},
  volume={55},
  number={11},
  pages={1--31},
  year={2023},
  publisher={ACM New York, NY}
}