@article{ahmad2021unified,
  title={Unified pre-training for program understanding and generation},
  author={Ahmad, Wasi Uddin and Chakraborty, Saikat and Ray, Baishakhi and Chang, Kai-Wei},
  journal={arXiv preprint arXiv:2103.06333},
  year={2021}
}

@article{allamanis2017learning,
  title={Learning to represent programs with graphs},
  author={Allamanis, Miltiadis and Brockschmidt, Marc and Khademi, Mahmoud},
  journal={arXiv preprint arXiv:1711.00740},
  year={2017}
}

@article{chakraborty2021deep,
  title={Deep learning based vulnerability detection: Are we there yet?},
  author={Chakraborty, Saikat and Krishna, Rahul and Ding, Yangruibo and Ray, Baishakhi},
  journal={IEEE Transactions on Software Engineering},
  volume={48},
  number={9},
  pages={3280--3296},
  year={2021},
  publisher={IEEE}
}

@article{clark2020electra,
  title={Electra: Pre-training text encoders as discriminators rather than generators},
  author={Clark, K},
  journal={arXiv preprint arXiv:2003.10555},
  year={2020}
}

@inproceedings{diamantopoulos2018codecatch,
  title={Codecatch: Extracting source code snippets from online sources},
  author={Diamantopoulos, Themistoklis and Karagiannopoulos, Georgios and Symeonidis, Andreas L},
  booktitle={Proceedings of the 6th International Workshop on Realizing Artificial Intelligence Synergies in Software Engineering},
  pages={21--27},
  year={2018}
}

@article{feng2020codebert,
  title={Codebert: A pre-trained model for programming and natural languages},
  author={Feng, Zhangyin and Guo, Daya and Tang, Duyu and Duan, Nan and Feng, Xiaocheng and Gong, Ming and Shou, Linjun and Qin, Bing and Liu, Ting and Jiang, Daxin and others},
  journal={arXiv preprint arXiv:2002.08155},
  year={2020}
}

@inproceedings{gu2018deep,
  title={Deep code search},
  author={Gu, Xiaodong and Zhang, Hongyu and Kim, Sunghun},
  booktitle={Proceedings of the 40th International Conference on Software Engineering},
  pages={933--944},
  year={2018}
}

@article{guo2020graphcodebert,
  title={Graphcodebert: Pre-training code representations with data flow},
  author={Guo, Daya and Ren, Shuo and Lu, Shuai and Feng, Zhangyin and Tang, Duyu and Liu, Shujie and Zhou, Long and Duan, Nan and Svyatkovskiy, Alexey and Fu, Shengyu and others},
  journal={arXiv preprint arXiv:2009.08366},
  year={2020}
}

@inproceedings{jiang2021treebert,
  title={Treebert: A tree-based pre-trained model for programming language},
  author={Jiang, Xue and Zheng, Zhuoran and Lyu, Chen and Li, Liang and Lyu, Lei},
  booktitle={Uncertainty in Artificial Intelligence},
  pages={54--63},
  year={2021},
  organization={PMLR}
}

@article{lewis2019bart,
  title={Bart: Denoising sequence-to-sequence pre-training for natural language generation, translation, and comprehension},
  author={Lewis, Mike},
  journal={arXiv preprint arXiv:1910.13461},
  year={2019}
}

@inproceedings{li2021vulnerability,
  title={Vulnerability detection with fine-grained interpretations},
  author={Li, Yi and Wang, Shaohua and Nguyen, Tien N},
  booktitle={Proceedings of the 29th ACM Joint Meeting on European Software Engineering Conference and Symposium on the Foundations of Software Engineering},
  pages={292--303},
  year={2021}
}

@article{liu2023graphsearchnet,
  title={Graphsearchnet: Enhancing gnns via capturing global dependencies for semantic code search},
  author={Liu, Shangqing and Xie, Xiaofei and Siow, Jingkai and Ma, Lei and Meng, Guozhu and Liu, Yang},
  journal={IEEE Transactions on Software Engineering},
  volume={49},
  number={4},
  pages={2839--2855},
  year={2023},
  publisher={IEEE}
}

@article{luan2019aroma,
  title={Aroma: Code recommendation via structural code search},
  author={Luan, Sifei and Yang, Di and Barnaby, Celeste and Sen, Koushik and Chandra, Satish},
  journal={Proceedings of the ACM on Programming Languages},
  volume={3},
  number={OOPSLA},
  pages={1--28},
  year={2019},
  publisher={ACM New York, NY, USA}
}

@article{raffel2020exploring,
  title={Exploring the limits of transfer learning with a unified text-to-text transformer},
  author={Raffel, Colin and Shazeer, Noam and Roberts, Adam and Lee, Katherine and Narang, Sharan and Matena, Michael and Zhou, Yanqi and Li, Wei and Liu, Peter J},
  journal={Journal of machine learning research},
  volume={21},
  number={140},
  pages={1--67},
  year={2020}
}

@article{salton1983extended,
  title={Extended boolean information retrieval},
  author={Salton, Gerard and Fox, Edward A and Wu, Harry},
  journal={Communications of the ACM},
  volume={26},
  number={11},
  pages={1022--1036},
  year={1983},
  publisher={ACM New York, NY, USA}
}

@inproceedings{sun2022code,
  title={Code search based on context-aware code translation},
  author={Sun, Weisong and Fang, Chunrong and Chen, Yuchen and Tao, Guanhong and Han, Tingxu and Zhang, Quanjun},
  booktitle={Proceedings of the 44th International Conference on Software Engineering},
  pages={388--400},
  year={2022}
}

@inproceedings{takuya2011spontaneous,
  title={A spontaneous code recommendation tool based on associative search},
  author={Takuya, Watanabe and Masuhara, Hidehiko},
  booktitle={Proceedings of the 3rd International Workshop on search-driven development: Users, infrastructure, tools, and evaluation},
  pages={17--20},
  year={2011}
}

@article{wang2021codet5,
  title={Codet5: Identifier-aware unified pre-trained encoder-decoder models for code understanding and generation},
  author={Wang, Yue and Wang, Weishi and Joty, Shafiq and Hoi, Steven CH},
  journal={arXiv preprint arXiv:2109.00859},
  year={2021}
}

@article{wang2021syncobert,
  title={Syncobert: Syntax-guided multi-modal contrastive pre-training for code representation},
  author={Wang, Xin and Wang, Yasheng and Mi, Fei and Zhou, Pingyi and Wan, Yao and Liu, Xiao and Li, Li and Wu, Hao and Liu, Jin and Jiang, Xin},
  journal={arXiv preprint arXiv:2108.04556},
  year={2021}
}

@article{zhou2019devign,
  title={Devign: Effective vulnerability identification by learning comprehensive program semantics via graph neural networks},
  author={Zhou, Yaqin and Liu, Shangqing and Siow, Jingkai and Du, Xiaoning and Liu, Yang},
  journal={Advances in neural information processing systems},
  volume={32},
  year={2019}
}

