@article{Renze2024TheEO,
  title={The Effect of Sampling Temperature on Problem Solving in Large Language Models},
  author={Matthew Renze and Erhan Guven},
  journal={ArXiv},
  year={2024},
  volume={abs/2402.05201},
  url={https://api.semanticscholar.org/CorpusID:267547769}
}

@inproceedings{chen2021empirical,
  title={An Empirical Study of Training Self-Supervised Vision Transformers},
  author={Chen, Ting and Kornblith, Simon and Norouzi, Mohammad and Hinton, Geoffrey},
  booktitle={International Conference on Computer Vision (ICCV)},
  year={2021}
}

@misc{chen2024gentrondiffusiontransformersimage,
      title={GenTron: Diffusion Transformers for Image and Video Generation}, 
      author={Shoufa Chen and Mengmeng Xu and Jiawei Ren and Yuren Cong and Sen He and Yanping Xie and Animesh Sinha and Ping Luo and Tao Xiang and Juan-Manuel Perez-Rua},
      year={2024},
      eprint={2312.04557},
      archivePrefix={arXiv},
      primaryClass={cs.CV},
      url={https://arxiv.org/abs/2312.04557}, 
}

@misc{gao2024luminat2xtransformingtextmodality,
      title={Lumina-T2X: Transforming Text into Any Modality, Resolution, and Duration via Flow-based Large Diffusion Transformers}, 
      author={Peng Gao and Le Zhuo and Dongyang Liu and Ruoyi Du and Xu Luo and Longtian Qiu and Yuhang Zhang and Chen Lin and Rongjie Huang and Shijie Geng and Renrui Zhang and Junlin Xi and Wenqi Shao and Zhengkai Jiang and Tianshuo Yang and Weicai Ye and He Tong and Jingwen He and Yu Qiao and Hongsheng Li},
      year={2024},
      eprint={2405.05945},
      archivePrefix={arXiv},
      primaryClass={cs.CV},
      url={https://arxiv.org/abs/2405.05945}, 
}

@inproceedings{holtzman2020curious,
  title={The Curious Case of Neural Text Degeneration},
  author={Holtzman, Ari and Buys, Jan and Du, Liwei and Forbes, Maxwell and Choi, Yejin},
  booktitle={International Conference on Learning Representations (ICLR)},
  year={2020}
}

@misc{kong2025hunyuanvideosystematicframeworklarge,
      title={HunyuanVideo: A Systematic Framework For Large Video Generative Models}, 
      author={Weijie Kong and Qi Tian and Zijian Zhang and Rox Min and Zuozhuo Dai and Jin Zhou and Jiangfeng Xiong and Xin Li and Bo Wu and Jianwei Zhang and Kathrina Wu and Qin Lin and Junkun Yuan and Yanxin Long and Aladdin Wang and Andong Wang and Changlin Li and Duojun Huang and Fang Yang and Hao Tan and Hongmei Wang and Jacob Song and Jiawang Bai and Jianbing Wu and Jinbao Xue and Joey Wang and Kai Wang and Mengyang Liu and Pengyu Li and Shuai Li and Weiyan Wang and Wenqing Yu and Xinchi Deng and Yang Li and Yi Chen and Yutao Cui and Yuanbo Peng and Zhentao Yu and Zhiyu He and Zhiyong Xu and Zixiang Zhou and Zunnan Xu and Yangyu Tao and Qinglin Lu and Songtao Liu and Daquan Zhou and Hongfa Wang and Yong Yang and Di Wang and Yuhong Liu and Jie Jiang and Caesar Zhong},
      year={2025},
      eprint={2412.03603},
      archivePrefix={arXiv},
      primaryClass={cs.CV},
      url={https://arxiv.org/abs/2412.03603}, 
}

@misc{lu2024freelongtrainingfreelongvideo,
      title={FreeLong: Training-Free Long Video Generation with SpectralBlend Temporal Attention}, 
      author={Yu Lu and Yuanzhi Liang and Linchao Zhu and Yi Yang},
      year={2024},
      eprint={2407.19918},
      archivePrefix={arXiv},
      primaryClass={cs.CV},
      url={https://arxiv.org/abs/2407.19918}, 
}

@misc{ma2024lattelatentdiffusiontransformer,
      title={Latte: Latent Diffusion Transformer for Video Generation}, 
      author={Xin Ma and Yaohui Wang and Gengyun Jia and Xinyuan Chen and Ziwei Liu and Yuan-Fang Li and Cunjian Chen and Yu Qiao},
      year={2024},
      eprint={2401.03048},
      archivePrefix={arXiv},
      primaryClass={cs.CV},
      url={https://arxiv.org/abs/2401.03048}, 
}

@article{peeperkorn2024temperature,
  title={Is Temperature the Creativity Parameter of Large Language Models?},
  author={Peeperkorn, Max and Kouwenhoven, Tom and Brown, Daniel G. and Jordanous, Anna K.},
  journal={ArXiv},
  year={2024},
  doi={10.48550/arXiv.2405.00492},
}

@article{videoworldsimulators2024,
  title={Video generation models as world simulators},
  author={Tim Brooks and Bill Peebles and Connor Holmes and Will DePue and Yufei Guo and Li Jing and David Schnurr and Joe Taylor and Troy Luhman and Eric Luhman and Clarence Ng and Ricky Wang and Aditya Ramesh},
  year={2024},
}

@misc{yang2024cogvideoxtexttovideodiffusionmodels,
      title={CogVideoX: Text-to-Video Diffusion Models with An Expert Transformer}, 
      author={Zhuoyi Yang and Jiayan Teng and Wendi Zheng and Ming Ding and Shiyu Huang and Jiazheng Xu and Yuanming Yang and Wenyi Hong and Xiaohan Zhang and Guanyu Feng and Da Yin and Xiaotao Gu and Yuxuan Zhang and Weihan Wang and Yean Cheng and Ting Liu and Bin Xu and Yuxiao Dong and Jie Tang},
      year={2024},
      eprint={2408.06072},
      archivePrefix={arXiv},
      primaryClass={cs.CV},
      url={https://arxiv.org/abs/2408.06072}, 
}

