@inproceedings{oh2023multimodal,
  title={Multimodal sensor data fusion and ensemble modeling for human locomotion activity recognition},
  author={Oh, Se Won and Jeong, Hyuntae and Chung, Seungeun and Lim, Jeong Mook and Noh, Kyoung Ju},
  booktitle={Proc. of UbiComp},
  year={2023}
}

@inproceedings{park2023attfl,
  title={Attfl: A personalized federated learning framework for time-series mobile and embedded sensor data processing},
  author={Park, JaeYeon and Lee, Kichang and Lee, Sungmin and Zhang, Mi and Ko, JeongGil},
  booktitle={Proc. of UbiComp},
  year={2023},
}

@inproceedings{pintus2012paraimpu,
  title={Paraimpu: a platform for a social web of things},
  author={Pintus, Antonio and Carboni, Davide and Piras, Andrea},
  booktitle={Proc. of WWW},
  year={2012}
}

@inproceedings{wang2023flexifed,
  title={Flexifed: Personalized federated learning for edge clients with heterogeneous model architectures},
  author={Wang, Kaibin and He, Qiang and Chen, Feifei and Chen, Chunyang and Huang, Faliang and Jin, Hai and Yang, Yun},
  booktitle={Proc. of WWW},
  year={2023}
}

@inproceedings{feng2020pmf,
  title={PMF: A privacy-preserving human mobility prediction framework via federated learning},
  author={Feng, Jie and Rong, Can and Sun, Funing and Guo, Diansheng and Li, Yong},
   booktitle={Proc. of UbiComp},
  year={2020},
}

@inproceedings{yang2021characterizing,
  title={Characterizing impacts of heterogeneity in federated learning upon large-scale smartphone data},
  author={Yang, Chengxu and Wang, Qipeng and Xu, Mengwei and Chen, Zhenpeng and Bian, Kaigui and Liu, Yunxin and Liu, Xuanzhe},
  booktitle={Proc. of WWW},
  year={2021}
}

@inproceedings{salehi2022flash,
  title={Flash: Federated learning for automated selection of high-band mmwave sectors},
  author={Salehi, Batool and Gu, Jerry and Roy, Debashri and Chowdhury, Kaushik},
  booktitle={Proc. of INFOCOM},
  year={2022},
}

@article{wei2020c,
  title={C-MHAD: Continuous multimodal human action dataset of simultaneous video and inertial sensing},
  author={Wei, Haoran and Chopada, Pranav and Kehtarnavaz, Nasser},
  journal={Sensors},
  volume={20},
  number={10},
  pages={2905},
  year={2020},
  publisher={MDPI}
}

@inproceedings{yuan2024towards,
  title={Towards Energy-efficient Federated Learning via INT8-based Training on Mobile DSPs},
  author={Yuan, Jinliang and Wang, Shangguang and Li, Hongyu and Xu, Daliang and Li, Yuanchun and Xu, Mengwei and Liu, Xuanzhe},
  booktitle={Proc. of WWW},
  year={2024}
}

@inproceedings{wang2024feddse,
  title={FedDSE: Distribution-aware Sub-model Extraction for Federated Learning over Resource-constrained Devices},
  author={Wang, Haozhao and Jia, Yabo and Zhang, Meng and Hu, Qinghao and Ren, Hao and Sun, Peng and Wen, Yonggang and Zhang, Tianwei},
  booktitle={Proc. of WWW},
  year={2024}
}

@inproceedings{gong2023store,
  title={To store or not? online data selection for federated learning with limited storage},
  author={Gong, Chen and Zheng, Zhenzhe and Wu, Fan and Shao, Yunfeng and Li, Bingshuai and Chen, Guihai},
  booktitle={Proc. of WWW},
  year={2023}
}

@article{liu2020deep,
  title={Deep anomaly detection for time-series data in industrial IoT: A communication-efficient on-device federated learning approach},
  author={Liu, Yi and Garg, Sahil and Nie, Jiangtian and Zhang, Yang and Xiong, Zehui and Kang, Jiawen and Hossain, M Shamim},
  journal={IEEE Internet of Things Journal},
  volume={8},
  number={8},
  pages={6348--6358},
  year={2020},
  publisher={IEEE}
}

@inproceedings{liu2022right,
  title={The right to be forgotten in federated learning: An efficient realization with rapid retraining},
  author={Liu, Yi and Xu, Lei and Yuan, Xingliang and Wang, Cong and Li, Bo},
  booktitle={Proc. of INFOCOM},
  year={2022},
}

@article{liu2020privacy,
  title={Privacy-preserving traffic flow prediction: A federated learning approach},
  author={Liu, Yi and James, JQ and Kang, Jiawen and Niyato, Dusit and Zhang, Shuyu},
  journal={IEEE Internet of Things Journal},
  volume={7},
  number={8},
  pages={7751--7763},
  year={2020},
  publisher={IEEE}
}

@inproceedings{xue2021toward,
  title={Toward understanding the influence of individual clients in federated learning},
  author={Xue, Yihao and Niu, Chaoyue and Zheng, Zhenzhe and Tang, Shaojie and Lyu, Chengfei and Wu, Fan and Chen, Guihai},
  booktitle={Proc. of AAAI},
  year={2021}
}

@inproceedings{zhu2019deep,
  title={Deep leakage from gradients},
  author={Zhu, Ligeng and Liu, Zhijian and Han, Song},
 booktitle={Proc. of NeurIPS},
  year={2019}
}

@inproceedings{yang2022accuracy,
  title={An accuracy-lossless perturbation method for defending privacy attacks in federated learning},
  author={Yang, Xue and Feng, Yan and Fang, Weijun and Shao, Jun and Tang, Xiaohu and Xia, Shu-Tao and Lu, Rongxing},
  booktitle={Proc. of WWW},
  year={2022}
}

@inproceedings{wang2022fedkc,
  title={FedKC: Federated knowledge composition for multilingual natural language understanding},
  author={Wang, Haoyu and Zhao, Handong and Wang, Yaqing and Yu, Tong and Gu, Jiuxiang and Gao, Jing},
  booktitle={Proc. of WWW},
  year={2022}
}

@inproceedings{oh2022locfedmix,
  title={Locfedmix-sl: Localize, federate, and mix for improved scalability, convergence, and latency in split learning},
  author={Oh, Seungeun and Park, Jihong and Vepakomma, Praneeth and Baek, Sihun and Raskar, Ramesh and Bennis, Mehdi and Kim, Seong-Lyun},
  booktitle={Proc. of WWW},
  year={2022}
}


@inproceedings{wang2023more,
  title={More than Enough is Too Much: Adaptive Defenses against Gradient Leakage in Production Federated Learning},
  author={Wang, Fei and Hugh, Ethan and Li, Baochun},
  booktitle={Proc. of INFOCOM},
  year={2023},
}

@article{krishna1999genetic,
  title={Genetic K-means algorithm},
  author={Krishna, K and Murty, M Narasimha},
  journal={IEEE Transactions on Systems, Man, and Cybernetics, Part B (Cybernetics)},
  volume={29},
  number={3},
  pages={433--439},
  year={1999},
  publisher={IEEE}
}

@inproceedings{cho2022flame,
  title={Flame: Federated learning across multi-device environments},
  author={Cho, Hyunsung and Mathur, Akhil and Kawsar, Fahim},
  booktitle={Proc. of UbiComp},
  year={2022},
}

@article{li2020federated,
  title={Federated optimization in heterogeneous networks},
  author={Li, Tian and Sahu, Anit Kumar and Zaheer, Manzil and Sanjabi, Maziar and Talwalkar, Ameet and Smith, Virginia},
  journal={Proc. of MLSys},
  year={2020}
}

@inproceedings{li2020fedbn,
  title={FedBN: Federated Learning on Non-IID Features via Local Batch Normalization},
  author={Li, Xiaoxiao and JIANG, Meirui and Zhang, Xiaofei and Kamp, Michael and Dou, Qi},
  booktitle={Proc. of ICLR},
  year={2020}
}

@article{bao2023multimodal,
  title={Multimodal Federated Learning with Missing Modality via Prototype Mask and Contrast},
  author={Bao, Guangyin and Zhang, Qi and Miao, Duoqian and Gong, Zixuan and Hu, Liang},
  journal={arXiv preprint arXiv:2312.13508},
  year={2023}
}

@article{chen2023algorithms,
  title={Algorithms to estimate Shapley value feature attributions},
  author={Chen, Hugh and Covert, Ian C and Lundberg, Scott M and Lee, Su-In},
  journal={Nature Machine Intelligence},
  volume={5},
  number={6},
  pages={590--601},
  year={2023},
  publisher={Nature Publishing Group UK London}
}

@article{zhang2023efficient,
  title={Efficient sampling approaches to shapley value approximation},
  author={Zhang, Jiayao and Sun, Qiheng and Liu, Jinfei and Xiong, Li and Pei, Jian and Ren, Kui},
  journal={Proc. of SIGMOD},
  year={2023},
}

@article{tsai2023faith,
  title={Faith-shap: The faithful shapley interaction index},
  author={Tsai, Che-Ping and Yeh, Chih-Kuan and Ravikumar, Pradeep},
  journal={Journal of Machine Learning Research},
  volume={24},
  number={94},
  pages={1--42},
  year={2023}
}

@inproceedings{zheng2023autofed,
  title={Autofed: Heterogeneity-aware federated multimodal learning for robust autonomous driving},
  author={Zheng, Tianyue and Li, Ang and Chen, Zhe and Wang, Hongbo and Luo, Jun},
  booktitle={Proc. of MobiCom},
  year={2023}
}

@inproceedings{guo2020feel,
  title={FEEL: A federated edge learning system for efficient and privacy-preserving mobile healthcare},
  author={Guo, Yeting and Liu, Fang and Cai, Zhiping and Chen, Li and Xiao, Nong},
  booktitle={Proc, of ICPP},
  year={2020}
}

@article{lim2020federated,
  title={Federated learning in mobile edge networks: A comprehensive survey},
  author={Lim, Wei Yang Bryan and Luong, Nguyen Cong and Hoang, Dinh Thai and Jiao, Yutao and Liang, Ying-Chang and Yang, Qiang and Niyato, Dusit and Miao, Chunyan},
  journal={IEEE Communications Surveys \& Tutorials},
  volume={22},
  number={3},
  pages={2031--2063},
  year={2020},
  publisher={IEEE}
}

@inproceedings{kubota2023cityscouter,
  title={CityScouter: Exploring the Atmosphere of Urban Landscapes and Visitor Demands with Multimodal Data},
  author={Kubota, Yuki and Anno, Soto and Taniguchi, Tomomi and Miyazaki, Kosei and Tsujimoto, Akira and Yasuda, Hiraki and Sakamoto, Takayuki and Ishikawa, Takaaki and Tsubouchi, Kota and Shimosaka, Masamichi},
  booktitle={Proc. of UbiComp},
  year={2023}
}

@inproceedings{williamson2007shoogle,
  title={Shoogle: excitatory multimodal interaction on mobile devices},
  author={Williamson, John and Murray-Smith, Roderick and Hughes, Stephen},
  booktitle={Proc. of CHI},
  year={2007}
}

@inproceedings{radu2016towards,
  title={Towards multimodal deep learning for activity recognition on mobile devices},
  author={Radu, Valentin and Lane, Nicholas D and Bhattacharya, Sourav and Mascolo, Cecilia and Marina, Mahesh K and Kawsar, Fahim},
  booktitle={Proc. of UbiComp},
  year={2016}
}

@inproceedings{kammoun2023understanding,
  title={Understanding the Social Context of Eating with Multimodal Smartphone Sensing: The Role of Country Diversity},
  author={Kammoun, Nathan and Meegahapola, Lakmal and Gatica-Perez, Daniel},
  booktitle={Proc. of ICMI},
  year={2023}
}

@article{delgado2022survey,
  title={A survey of privacy vulnerabilities of mobile device sensors},
  author={Delgado-Santos, Paula and Stragapede, Giuseppe and Tolosana, Ruben and Guest, Richard and Deravi, Farzin and Vera-Rodriguez, Ruben},
  journal={ACM Computing Surveys (CSUR)},
  volume={54},
  number={11s},
  pages={1--30},
  year={2022},
  publisher={ACM New York, NY}
}

@inproceedings{mcmahan2017communication,
  title={Communication-efficient learning of deep networks from decentralized data},
  author={McMahan, Brendan and Moore, Eider and Ramage, Daniel and Hampson, Seth and y Arcas, Blaise Aguera},
  booktitle={Proc. of AISTATS},
  year={2017},
}

@article{kairouz2021advances,
  title={Advances and open problems in federated learning},
  author={Kairouz, Peter and McMahan, H Brendan and Avent, Brendan and Bellet, Aur{\'e}lien and Bennis, Mehdi and Bhagoji, Arjun Nitin and Bonawitz, Kallista and Charles, Zachary and Cormode, Graham and Cummings, Rachel and others},
  journal={Foundations and trends{\textregistered} in machine learning},
  volume={14},
  number={1--2},
  pages={1--210},
  year={2021},
  publisher={Now Publishers, Inc.}
}

@inproceedings{sun2022fedsea,
  title={FedSEA: a semi-asynchronous federated learning framework for extremely heterogeneous devices},
  author={Sun, Jingwei and Li, Ang and Duan, Lin and Alam, Samiul and Deng, Xuliang and Guo, Xin and Wang, Haiming and Gorlatova, Maria and Zhang, Mi and Li, Hai and others},
  booktitle={Proc. of SenSys},
  year={2022}
}

@article{hard2018federated,
  title={Federated learning for mobile keyboard prediction},
  author={Hard, Andrew and Rao, Kanishka and Mathews, Rajiv and Ramaswamy, Swaroop and Beaufays, Fran{\c{c}}oise and Augenstein, Sean and Eichner, Hubert and Kiddon, Chlo{\'e} and Ramage, Daniel},
  journal={arXiv preprint arXiv:1811.03604},
  year={2018}
}

@inproceedings{ouyang2023harmony,
  title={Harmony: Heterogeneous multi-modal federated learning through disentangled model training},
  author={Ouyang, Xiaomin and Xie, Zhiyuan and Fu, Heming and Cheng, Sitong and Pan, Li and Ling, Neiwen and Xing, Guoliang and Zhou, Jiayu and Huang, Jianwei},
  booktitle={Proc. of MobiSys},
  year={2023}
}

@article{le2024cross,
  title={Cross-Modal Prototype based Multimodal Federated Learning under Severely Missing Modality},
  author={Le, Huy Q and Thwal, Chu Myaet and Qiao, Yu and Tun, Ye Lin and Nguyen, Minh NH and Hong, Choong Seon},
  journal={arXiv preprint arXiv:2401.13898},
  year={2024}
}

@article{yang2024cross,
  title={Cross-Modal Federated Human Activity Recognition},
  author={Yang, Xiaoshan and Xiong, Baochen and Huang, Yi and Xu, Changsheng},
  journal={IEEE Transactions on Pattern Analysis and Machine Intelligence},
  year={2024},
  publisher={IEEE}
}

@inproceedings{yang2022cross,
  title={Cross-modal federated human activity recognition via modality-agnostic and modality-specific representation learning},
  author={Yang, Xiaoshan and Xiong, Baochen and Huang, Yi and Xu, Changsheng},
  booktitle={Proc. of AAAI},
  year={2022}
}

@inproceedings{john2023multimodal,
  title={Multimodal Cascaded Framework with Metric Learning Robust to Missing Modalities for Person Classification},
  author={John, Vijay and Kawanishi, Yasutomo},
  booktitle={Proc. of MMSys},
  year={2023}
}

@article{he2024efficient,
  title={Efficient Modality Selection in Multimodal Learning},
  author={He, Yifei and Cheng, Runxiang and Balasubramaniam, Gargi and Tsai, Yao-Hung Hubert and Zhao, Han},
  journal={Journal of Machine Learning Research},
  volume={25},
  number={47},
  pages={1--39},
  year={2024}
}

@inproceedings{sun2023shapleyfl,
  title={Shapleyfl: Robust federated learning based on shapley value},
  author={Sun, Qiheng and Li, Xiang and Zhang, Jiayao and Xiong, Li and Liu, Weiran and Liu, Jinfei and Qin, Zhan and Ren, Kui},
  booktitle={Proc. of KDD},
  year={2023}
}

@inproceedings{chen2024feddat,
  title={Feddat: An approach for foundation model finetuning in multi-modal heterogeneous federated learning},
  author={Chen, Haokun and Zhang, Yao and Krompass, Denis and Gu, Jindong and Tresp, Volker},
  booktitle={Proc. of AAAI},
  year={2024}
}


@inproceedings{feng2023fedmultimodal,
  title={Fedmultimodal: A benchmark for multimodal federated learning},
  author={Feng, Tiantian and Bose, Digbalay and Zhang, Tuo and Hebbar, Rajat and Ramakrishna, Anil and Gupta, Rahul and Zhang, Mi and Avestimehr, Salman and Narayanan, Shrikanth},
  booktitle={Proc. of KDD},
  year={2023}
}

@inproceedings{xiong2023client,
  title={Client-Adaptive Cross-Model Reconstruction Network for Modality-Incomplete Multimodal Federated Learning},
  author={Xiong, Baochen and Yang, Xiaoshan and Song, Yaguang and Wang, Yaowei and Xu, Changsheng},
  booktitle={Proc. of ACM MM},
  year={2023}
}

@inproceedings{zheng2023mmkgr,
  title={Mmkgr: Multi-hop multi-modal knowledge graph reasoning},
  author={Zheng, Shangfei and Wang, Weiqing and Qu, Jianfeng and Yin, Hongzhi and Chen, Wei and Zhao, Lei},
  booktitle={Proc. of ICDE},
  year={2023},
}

@inproceedings{zhou2023tale,
  title={A tale of two graphs: Freezing and denoising graph structures for multimodal recommendation},
  author={Zhou, Xin and Shen, Zhiqi},
  booktitle={Proc. of ACM MM},
  year={2023}
}

@inproceedings{jin2017multimodal,
  title={Multimodal fusion with recurrent neural networks for rumor detection on microblogs},
  author={Jin, Zhiwei and Cao, Juan and Guo, Han and Zhang, Yongdong and Luo, Jiebo},
  booktitle={Proc. of ACM MM},
  year={2017}
}

@inproceedings{10.1145/3581783.3612468,
author = {Zhou, Yuwei and Wang, Xin and Chen, Hong and Duan, Xuguang and Zhu, Wenwu},
title = {Intra- and Inter-Modal Curriculum for Multimodal Learning},
year = {2023},
booktitle = {Proc. of ACM MM},

}

@inproceedings{10.1145/3581783.3612295,
author = {Huang, Jian and Ji, Yanli and Yang, Yang and Shen, Heng Tao},
title = {Cross-modality Representation Interactive Learning for Multimodal Sentiment Analysis},
year = {2023},
booktitle = {Proc. of ACM MM},

}

@inproceedings{10.1145/3581783.3611974,
author = {Zong, Daoming and Ding, Chaoyue and Li, Baoxiang and Li, Jiakui and Zheng, Ken and Zhou, Qunyan},
title = {AcFormer: An Aligned and Compact Transformer for Multimodal Sentiment Analysis},
year = {2023},
booktitle = {Proc. of ACM MM},

}

@inproceedings{3611943,
author = {Zhou, Xin and Shen, Zhiqi},
title = {A Tale of Two Graphs: Freezing and Denoising Graph Structures for Multimodal Recommendation},
year = {2023},
booktitle = {Proc. of ACM MM},

}

@inproceedings{3613801,
author = {Liu, Dugang and Qiao, Yang and Tang, Xing and Chen, Liang and He, Xiuqiang and Ming, Zhong},
title = {Prior-Guided Accuracy-Bias Tradeoff Learning for CTR Prediction in Multimedia Recommendation},
year = {2023},
booktitle = {Proc. of ACM MM},

}

@inproceedings{3612139,
author = {Qiu, Qianru and Wang, Xueting and Otani, Mayu},
title = {Multimodal Color Recommendation in Vector Graphic Documents},
year = {2023},

booktitle = {Proc. of ACM MM},


}

@inproceedings{3612266,
author = {Wang, Xin and Meng, Benyuan and Chen, Hong and Meng, Yuan and Lv, Ke and Zhu, Wenwu},
title = {TIVA-KG: A Multimodal Knowledge Graph with Text, Image, Video and Audio},
year = {2023},
booktitle = {Proc. of ACM MM},


}

@inproceedings{3611740,
author = {Chen, Junyang and Wang, Jialong and Dai, Zhijiang and Wu, Huisi and Wang, Mengzhu and Zhang, Qin and Wang, Huan},
title = {Zero-shot Micro-video Classification with Neural Variational Inference in Graph Prototype Network},
year = {2023},
booktitle = {Proc. of ACM MM},
}




@inproceedings{jiang2015general,
  title={A general suspiciousness metric for dense blocks in multimodal data},
  author={Jiang, Meng and Beutel, Alex and Cui, Peng and Hooi, Bryan and Yang, Shiqiang and Faloutsos, Christos},
  booktitle={Proc. of ICDM},
  year={2015},
}

@inproceedings{xu2022relation,
  title={Relation-enhanced negative sampling for multimodal knowledge graph completion},
  author={Xu, Derong and Xu, Tong and Wu, Shiwei and Zhou, Jingbo and Chen, Enhong},
  booktitle={Proc. of ACM MM},
  year={2022}
}



@inproceedings{zhang2020multi,
  title={Multi-modal network representation learning},
  author={Zhang, Chuxu and Jiang, Meng and Zhang, Xiangliang and Ye, Yanfang and Chawla, Nitesh V},
  booktitle={Proc. of KDD},
  year={2020}
}

@inproceedings{wang2021constrained,
  title={Constrained route planning over large multi-modal time-dependent networks},
  author={Wang, Yishu and Yuan, Ye and Wang, Hao and Zhou, Xiangmin and Mu, Congcong and Wang, Guoren},
  booktitle={Proc. of ICDE},
  year={2021},
}

@inproceedings{bakalov2008maintaining,
  title={Maintaining connectivity in dynamic multimodal network models},
  author={Bakalov, Petko and Hoel, Erik and Heng, Wee-Liang and Tsotras, Vassilis J},
  booktitle={Proc. of ICDE},
  year={2008},
}

@inproceedings{liu2020recent,
  title={Recent advances in multimodal educational data mining in k-12 education},
  author={Liu, Zitao and Yang, Songfan and Tang, Jiliang and Heffernan, Neil and Luckin, Rose},
  booktitle={Proc. of KDD},
  year={2020}
}

@inproceedings{wang2021multimodal,
  title={Multimodal emergent fake news detection via meta neural process networks},
  author={Wang, Yaqing and Ma, Fenglong and Wang, Haoyu and Jha, Kishlay and Gao, Jing},
  booktitle={Proc. of KDD},
  year={2021}
}



@inproceedings{shi2023lhmm,
  title={LHMM: A Learning Enhanced HMM Model for Cellular Trajectory Map Matching},
  author={Shi, Weijie and Xu, Jiajie and Fang, Junhua and Chao, Pingfu and Liu, An and Zhou, Xiaofang},
  booktitle={Proc. of ICDE},
  year={2023},
}

@inproceedings{xie2021sequential,
  title={Sequential recommendation on dynamic heterogeneous information network},
  author={Xie, Tao and Xu, Yangjun and Chen, Liang and Liu, Yang and Zheng, Zibin},
  booktitle={Proc. of ICDE},
  year={2021},
}

@inproceedings{xia2021multi,
  title={Multi-behavior enhanced recommendation with cross-interaction collaborative relation modeling},
  author={Xia, Lianghao and Huang, Chao and Xu, Yong and Dai, Peng and Lu, Mengyin and Bo, Liefeng},
  booktitle={Proc. of ICDE},
  year={2021},
}

@inproceedings{cai2022elda,
  title={ELDA: Learning Explicit Dual-Interactions for Healthcare Analytics},
  author={Cai, Qingpeng and Zheng, Kaiping and Ooi, Beng Chin and Wang, Wei and Yao, Chang},
  booktitle={Proc. of ICDE},
  year={2022},
}

@inproceedings{shao2021trajforesee,
  title={TrajForesee: How limited detailed trajectories enhance large-scale sparse information to predict vehicle trajectories?},
  author={Shao, Kangjia and Wang, Yang and Zhou, Zhengyang and Xie, Xike and Wang, Guang},
  booktitle={Proc. of ICDE},
  year={2021},
}

@inproceedings{yang2022tmn,
  title={TMN: Trajectory Matching Networks for Predicting Similarity},
  author={Yang, Peilun and Wang, Hanchen and Lian, Defu and Zhang, Ying and Qin, Lu and Zhang, Wenjie},
  booktitle={Proc. of ICDE},
  year={2022},
}

@inproceedings{munro2020multi,
  title={Multi-modal domain adaptation for fine-grained action recognition},
  author={Munro, Jonathan and Damen, Dima},
  booktitle={Proc. of CVPR},
  year={2020}
}

@inproceedings{chen2022mm,
  title={MM-ViT: Multi-modal video transformer for compressed video action recognition},
  author={Chen, Jiawei and Ho, Chiu Man},
  booktitle={Proc. of CVPR},
  year={2022}
}

@inproceedings{garcia2021distillation,
  title={Distillation multiple choice learning for multimodal action recognition},
  author={Garcia, Nuno Cruz and Bargal, Sarah Adel and Ablavsky, Vitaly and Morerio, Pietro and Murino, Vittorio and Sclaroff, Stan},
  booktitle={Proc. of WACV},
  year={2021}
}


@article{wang2023huatuo,
  title={Huatuo: Tuning llama model with chinese medical knowledge},
  author={Wang, Haochun and Liu, Chi and Xi, Nuwa and Qiang, Zewen and Zhao, Sendong and Qin, Bing and Liu, Ting},
  journal={arXiv preprint arXiv:2304.06975},
  year={2023}
}

@article{touvron2023llama,
  title={Llama 2: Open foundation and fine-tuned chat models},
  author={Touvron, Hugo and Martin, Louis and Stone, Kevin and Albert, Peter and Almahairi, Amjad and Babaei, Yasmine and Bashlykov, Nikolay and Batra, Soumya and Bhargava, Prajjwal and Bhosale, Shruti and others},
  journal={arXiv preprint arXiv:2307.09288},
  year={2023}
}

@article{sanderson2023gpt,
  title={GPT-4 is here: what scientists think},
  author={Sanderson, Katharine},
  journal={Nature},
  volume={615},
  number={7954},
  pages={773},
  year={2023},
  publisher={Nature}
}


@misc{openai2023gpt4,
      title={GPT-4 Technical Report}, 
      author={OpenAI},
      year={2023},
      eprint={2303.08774},
      archivePrefix={arXiv},
      primaryClass={cs.CL}
}


@inproceedings{brand2020task,
  title={Task balanced multimodal feature selection to predict the progression of alzheimer’s disease},
  author={Brand, Lodewijk and O’Callaghan, Braedon and Sun, Anthony and Wang, Hua},
  booktitle={Proc. of BIBE},
  year={2020},
}

@article{palazzo2020decoding,
  title={Decoding brain representations by multimodal learning of neural activity and visual features},
  author={Palazzo, Simone and Spampinato, Concetto and Kavasidis, Isaak and Giordano, Daniela and Schmidt, Joseph and Shah, Mubarak},
  journal={IEEE Transactions on Pattern Analysis and Machine Intelligence},
  volume={43},
  number={11},
  pages={3833--3849},
  year={2020},
  publisher={IEEE}
}

@inproceedings{jiang2022zoomer,
  title={Zoomer: Boosting retrieval on web-scale graphs by regions of interest},
  author={Jiang, Yuezihan and Cheng, Yu and Zhao, Hanyu and Zhang, Wentao and Miao, Xupeng and He, Yu and Wang, Liang and Yang, Zhi and Cui, Bin},
  booktitle={Proc. of ICDE},
  year={2022},
}

@inproceedings{siddique2019euler++,
  title={Euler++: Improved selectivity estimation for rectangular spatial records},
  author={Siddique, AB and Eldawy, Ahmed and Hristidis, Vagelis},
  booktitle={Proc. of IEEE Big Data},
  year={2019},
}

@inproceedings{jiang2020psgraph,
  title={PSGraph: How Tencent trains extremely large-scale graphs with Spark?},
  author={Jiang, Jiawei and Xiao, Pin and Yu, Lele and Li, Xiaosen and Cheng, Jiefeng and Miao, Xupeng and Zhang, Zhipeng and Cui, Bin},
  booktitle={Proc. of ICDE},
  year={2020},
}

@inproceedings{lin2006selecting,
  title={Selecting stars: The k most representative skyline operator},
  author={Lin, Xuemin and Yuan, Yidong and Zhang, Qing and Zhang, Ying},
  booktitle={Proc. of ICDE},
  year={2006},
}

@inproceedings{nadimpalli2023euler,
  title={Euler Characteristic Transform Based Topological Loss for Reconstructing 3D Images from Single 2D Slices},
  author={Nadimpalli, Kalyan Varma and Chattopadhyay, Amit and Rieck, Bastian},
  booktitle={Proc. of CVPR},
  year={2023}
}

@inproceedings{wang2021flexgraph,
  title={FlexGraph: a flexible and efficient distributed framework for GNN training},
  author={Wang, Lei and Yin, Qiang and Tian, Chao and Yang, Jianbang and Chen, Rong and Yu, Wenyuan and Yao, Zihang and Zhou, Jingren},
  booktitle={Proc. of EuroSys},
  year={2021}
}

@inproceedings{zheng2022distributed,
  title={Distributed hybrid cpu and gpu training for graph neural networks on billion-scale heterogeneous graphs},
  author={Zheng, Da and Song, Xiang and Yang, Chengru and LaSalle, Dominique and Karypis, George},
  booktitle={Proc. of KDD},
  year={2022}
}

@inproceedings{wang2022neutronstar,
  title={Neutronstar: distributed GNN training with hybrid dependency management},
  author={Wang, Qiange and Zhang, Yanfeng and Wang, Hao and Chen, Chaoyi and Zhang, Xiaodong and Yu, Ge},
  booktitle={Proc. of SIGMOD},
  pages={1301--1315},
  year={2022}
}

@inproceedings{liu2023bgl,
  title={$\{$BGL$\}$:$\{$GPU-Efficient$\}$$\{$GNN$\}$ Training by Optimizing Graph Data $\{$I/O$\}$ and Preprocessing},
  author={Liu, Tianfeng and Chen, Yangrui and Li, Dan and Wu, Chuan and Zhu, Yibo and He, Jun and Peng, Yanghua and Chen, Hongzheng and Chen, Hongzhi and Guo, Chuanxiong},
  booktitle={Proc. of NSDI},
  year={2023}
}

@inproceedings{wu2021seastar,
  title={Seastar: vertex-centric programming for graph neural networks},
  author={Wu, Yidi and Ma, Kaihao and Cai, Zhenkun and Jin, Tatiana and Li, Boyang and Zheng, Chenguang and Cheng, James and Yu, Fan},
  booktitle={Proc. of EuroSys},
  year={2021}
}

@inproceedings{huan2021search,
  title={Search to aggregate neighborhood for graph neural network},
  author={Huan, ZHAO and Quanming, YAO and Weiwei, TU},
  booktitle={Proc. of ICDE},
  year={2021},
}

@inproceedings{chen2022ba,
  title={Ba-gnn: On learning bias-aware graph neural network},
  author={Chen, Zhengyu and Xiao, Teng and Kuang, Kun},
  booktitle={Proc. of ICDE},
  year={2022},
}

@inproceedings{li2022data,
  title={A data-driven spatial-temporal graph neural network for docked bike prediction},
  author={Li, Guanyao and Wang, Xiaofeng and Njoo, Gunarto Sindoro and Zhong, Shuhan and Chan, S-H Gary and Hung, Chih-Chieh and Peng, Wen-Chih},
  booktitle={Proc. of ICDE},
  year={2022},
}

@article{Alam_Ofli_Imran_2018, 
    title={CrisisMMD: Multimodal Twitter Datasets from Natural Disasters}, volume={12},   number={1}, journal={Proceedings of the International AAAI Conference on Web and Social Media}, author={Alam, Firoj and Ofli, Ferda and Imran, Muhammad}, year={2018}, month={Jun.} }


@article{tian2023eulernet,
  title={EulerNet: Adaptive Feature Interaction Learning via Euler's Formula for CTR Prediction},
  author={Tian, Zhen and Bai, Ting and Zhao, Wayne Xin and Wen, Ji-Rong and Cao, Zhao},
  journal={arXiv preprint arXiv:2304.10711},
  year={2023}
}

@inproceedings{standley2020tasks,
  title={Which tasks should be learned together in multi-task learning?},
  author={Standley, Trevor and Zamir, Amir and Chen, Dawn and Guibas, Leonidas and Malik, Jitendra and Savarese, Silvio},
  booktitle={Proc. of ICML},
  year={2020},
}

@inproceedings{evgeniou2004regularized,
  title={Regularized multi--task learning},
  author={Evgeniou, Theodoros and Pontil, Massimiliano},
  booktitle={Proc. of KDD},
  year={2004}
}

@inproceedings{lin2019pareto,
  title={Pareto multi-task learning},
  author={Lin, Xi and Zhen, Hui-Ling and Li, Zhenhua and Zhang, Qing-Fu and Kwong, Sam},
  booktitle={Proc. of NeurIPS},
  year={2019}
}

@inproceedings{gao2019neural,
  title={Neural multi-task recommendation from multi-behavior data},
  author={Gao, Chen and He, Xiangnan and Gan, Dahua and Chen, Xiangning and Feng, Fuli and Li, Yong and Chua, Tat-Seng and Jin, Depeng},
  booktitle={Proc. of ICDE},
  year={2019},
}

@article{zhang2014regularization,
  title={A regularization approach to learning task relationships in multitask learning},
  author={Zhang, Yu and Yeung, Dit-Yan},
  journal={ACM Transactions on Knowledge Discovery from Data (TKDD)},
  volume={8},
  number={3},
  pages={1--31},
  year={2014},
  publisher={ACM New York, NY, USA}
}

@article{zhou2015flexible,
  title={Flexible clustered multi-task learning by learning representative tasks},
  author={Zhou, Qiang and Zhao, Qi},
  journal={IEEE transactions on pattern analysis and machine intelligence},
  volume={38},
  number={2},
  pages={266--278},
  year={2015},
  publisher={IEEE}
}
@incollection{waibel2013phoneme,
  title={Phoneme recognition using time-delay neural networks},
  author={Waibel, Alexander and Hanazawa, Toshiyuki and Hinton, Geoffrey and Shikano, Kiyohiro and Lang, Kevin J},
  booktitle={Backpropagation},
  pages={35--61},
  year={2013},
  publisher={Psychology Press}
}

@article{ramachandram2017deep,
  title={Deep multimodal learning: A survey on recent advances and trends},
  author={Ramachandram, Dhanesh and Taylor, Graham W},
  journal={IEEE signal processing magazine},
  volume={34},
  number={6},
  pages={96--108},
  year={2017},
  publisher={IEEE}
}

@inproceedings{ngiam2011multimodal,
  title={Multimodal deep learning},
  author={Ngiam, Jiquan and Khosla, Aditya and Kim, Mingyu and Nam, Juhan and Lee, Honglak and Ng, Andrew Y},
  booktitle={Proc. of ICML},
  year={2011}
}

@inproceedings{srivastava2012multimodal,
  title={Multimodal learning with deep boltzmann machines},
  author={Srivastava, Nitish and Salakhutdinov, Russ R},
  booktitle={Proc. of NeurIPS},
  year={2012}
}

@inproceedings{park2022temporal,
  title={Temporal multimodal multivariate learning},
  author={Park, Hyoshin and Darko, Justice and Deshpande, Niharika and Pandey, Venktesh and Su, Hui and Ono, Masahiro and Barkley, Dedrick and Folsom, Larkin and Posselt, Derek and Chien, Steve},
  booktitle={Proc. of KDD},
  year={2022}
}

@inproceedings{wang2020multimodal,
  title={Multimodal learning with incomplete modalities by knowledge distillation},
  author={Wang, Qi and Zhan, Liang and Thompson, Paul and Zhou, Jiayu},
  booktitle={Proc. of KDD},
  year={2020}
}

@inproceedings{chen2023enhanced,
  title={Enhanced Multimodal Representation Learning with Cross-modal KD},
  author={Chen, Mengxi and Xing, Linyu and Wang, Yu and Zhang, Ya},
  booktitle={Proc. of CVPR},
  year={2023}
}

@inproceedings{xu2023multimodal,
  title={Multimodal Biological Knowledge Graph Completion via Triple Co-attention Mechanism},
  author={Xu, Derong and Zhou, Jingbo and Xu, Tong and Xia, Yuan and Liu, Ji and Chen, Enhong and Dou, Dejing},
  booktitle={Proc. of ICDE},
  year={2023},
}

@inproceedings{deng2023construction,
  title={Construction and applications of billion-scale pre-trained multimodal business knowledge graph},
  author={Deng, Shumin and Wang, Chengming and Li, Zhoubo and Zhang, Ningyu and Dai, Zelin and Chen, Hehong and Xiong, Feiyu and Yan, Ming and Chen, Qiang and Chen, Mosha and others},
  booktitle={Proc. of ICDE},
  year={2023},
}

@inproceedings{mroueh2015deep,
  title={Deep multimodal learning for audio-visual speech recognition},
  author={Mroueh, Youssef and Marcheret, Etienne and Goel, Vaibhava},
  booktitle={Proc. of ICASSP},
  year={2015},
}

@inproceedings{lu2018r,
  title={R-VQA: learning visual relation facts with semantic attention for visual question answering},
  author={Lu, Pan and Ji, Lei and Zhang, Wei and Duan, Nan and Zhou, Ming and Wang, Jianyong},
  booktitle={Proc. of KDD},
  year={2018}
}

@inproceedings{fan2023pmr,
  title={PMR: Prototypical Modal Rebalance for Multimodal Learning},
  author={Fan, Yunfeng and Xu, Wenchao and Wang, Haozhao and Wang, Junxiao and Guo, Song},
  booktitle={Proc. of CVPR},
  year={2023}
}

@inproceedings{xu2023mmcosine,
  title={MMCosine: Multi-Modal Cosine Loss Towards Balanced Audio-Visual Fine-Grained Learning},
  author={Xu, Ruize and Feng, Ruoxuan and Zhang, Shi-Xiong and Hu, Di},
  booktitle={Proc. of ICASSP},
  year={2023},
}

@inproceedings{peng2022balanced,
  title={Balanced multimodal learning via on-the-fly gradient modulation},
  author={Peng, Xiaokang and Wei, Yake and Deng, Andong and Wang, Dong and Hu, Di},
  booktitle={Proc. of CVPR},
  year={2022}
}

@inproceedings{huang2022modality,
  title={Modality competition: What makes joint training of multi-modal network fail in deep learning?(provably)},
  author={Huang, Yu and Lin, Junyang and Zhou, Chang and Yang, Hongxia and Huang, Longbo},
  booktitle={Proc. of ICML},
  year={2022},
}

@inproceedings{wu2022characterizing,
  title={Characterizing and overcoming the greedy nature of learning in multi-modal deep neural networks},
  author={Wu, Nan and Jastrzebski, Stanislaw and Cho, Kyunghyun and Geras, Krzysztof J},
  booktitle={Proc. of ICML},
  year={2022},
}

@inproceedings{huang2021makes,
  title={What makes multi-modal learning better than single (provably)},
  author={Huang, Yu and Du, Chenzhuang and Xue, Zihui and Chen, Xuanyao and Zhao, Hang and Huang, Longbo},
  booktitle={Proc. of NeurIPS},
  year={2021}
}

@inproceedings{wang2020deep,
  title={Deep multimodal fusion by channel exchanging},
  author={Wang, Yikai and Huang, Wenbing and Sun, Fuchun and Xu, Tingyang and Rong, Yu and Huang, Junzhou},
  booktitle={Proc. of NeurIPS},
  year={2020}
}

@inproceedings{li2020adversarial,
  title={Adversarial multimodal representation learning for click-through rate prediction},
  author={Li, Xiang and Wang, Chao and Tan, Jiwei and Zeng, Xiaoyi and Ou, Dan and Ou, Dan and Zheng, Bo},
  booktitle={Proc. of WWW},
  year={2020}
}

@inproceedings{chen2022hybrid,
  title={Hybrid transformer with multi-level fusion for multimodal knowledge graph completion},
  author={Chen, Xiang and Zhang, Ningyu and Li, Lei and Deng, Shumin and Tan, Chuanqi and Xu, Changliang and Huang, Fei and Si, Luo and Chen, Huajun},
  booktitle={Proc. of SIGIR},
  year={2022}
}

@article{ma2023mbsi,
  title={MBSI-Net: Multimodal Balanced Self-Learning Interaction Network for Image Classification},
  author={Ma, Mengru and Ma, Wenping and Jiao, Licheng and Liu, Xu and Liu, Fang and Li, Lingling and Yang, Shuyuan},
  journal={IEEE Transactions on Circuits and Systems for Video Technology},
  year={2023},
  publisher={IEEE}
}

@inproceedings{kim2020modality,
  title={Modality-balanced models for visual dialogue},
  author={Kim, Hyounghun and Tan, Hao and Bansal, Mohit},
  booktitle={Proc. of AAAI},
  year={2020}
}

@inproceedings{zeng2021mccn,
  title={MCCN: Multimodal coordinated clustering network for large-scale cross-modal retrieval},
  author={Zeng, Zhixiong and Sun, Ying and Mao, Wenji},
  booktitle={Proc. of ACM MM},
  year={2021}
}

@inproceedings{zhang2012usc,
  title={USC-HAD: A daily activity dataset for ubiquitous activity recognition using wearable sensors},
  author={Zhang, Mi and Sawchuk, Alexander A},
  booktitle={Proc. of UbiComp},
  year={2012}
}

@inproceedings{ofli2013berkeley,
  title={Berkeley mhad: A comprehensive multimodal human action database},
  author={Ofli, Ferda and Chaudhry, Rizwan and Kurillo, Gregorij and Vidal, Ren{\'e} and Bajcsy, Ruzena},
  booktitle={Proc. of WACV},
  year={2013},
}

@inproceedings{salehi2022flash,
  title={FLASH: Federated learning for automated selection of high-band mmWave sectors},
  author={Salehi, Batool and Gu, Jerry and Roy, Debashri and Chowdhury, Kaushik},
  booktitle={Proc. of INFOCOM},
  year={2022},
}

@inproceedings{tian2018audio,
  title={Audio-visual event localization in unconstrained videos},
  author={Tian, Yapeng and Shi, Jing and Li, Bochen and Duan, Zhiyao and Xu, Chenliang},
  booktitle={Proc. of ECCV},
  year={2018}
}

@inproceedings{kim2019learning,
  title={Learning not to learn: Training deep neural networks with biased data},
  author={Kim, Byungju and Kim, Hyunwoo and Kim, Kyungsu and Kim, Sungjin and Kim, Junmo},
  booktitle={Proc. of CVPR},
  year={2019}
}

@article{lecun1998gradient,
  title={Gradient-based learning applied to document recognition},
  author={LeCun, Yann and Bottou, L{\'e}on and Bengio, Yoshua and Haffner, Patrick},
  journal={Proceedings of the IEEE},
  volume={86},
  number={11},
  pages={2278--2324},
  year={1998},
  publisher={Ieee}
}

@article{robbins1951stochastic,
  title={A stochastic approximation method},
  author={Robbins, Herbert and Monro, Sutton},
  journal={The annals of mathematical statistics},
  pages={400--407},
  year={1951},
  publisher={JSTOR}
}

@inproceedings{he2016deep,
  title={Deep residual learning for image recognition},
  author={He, Kaiming and Zhang, Xiangyu and Ren, Shaoqing and Sun, Jian},
  booktitle={Proc. of CVPR},
  year={2016}
}

@inproceedings{wang2020makes,
  title={What makes training multi-modal classification networks hard?},
  author={Wang, Weiyao and Tran, Du and Feiszli, Matt},
  booktitle={Proc. of CVPR},
  year={2020}
}

@inproceedings{perez2018film,
  title={Film: Visual reasoning with a general conditioning layer},
  author={Perez, Ethan and Strub, Florian and De Vries, Harm and Dumoulin, Vincent and Courville, Aaron},
  booktitle={Proc. of AAAI},
  year={2018}
}

@inproceedings{kiela2018efficient,
  title={Efficient large-scale multi-modal classification},
  author={Kiela, Douwe and Grave, Edouard and Joulin, Armand and Mikolov, Tomas},
  booktitle={Proc. of AAAI},
  year={2018}
}
@inproceedings{joze2020mmtm,
  title={MMTM: Multimodal transfer module for CNN fusion},
  author={Joze, Hamid Reza Vaezi and Shaban, Amirreza and Iuzzolino, Michael L and Koishida, Kazuhito},
  booktitle={Proc. of CVPR},
  year={2020}
}

@inproceedings{vielzeuf2018centralnet,
  title={Centralnet: a multilayer approach for multimodal fusion},
  author={Vielzeuf, Valentin and Lechervy, Alexis and Pateux, St{\'e}phane and Jurie, Fr{\'e}d{\'e}ric},
  booktitle={Proc. of ECCV Workshops},
  year={2018}
}

@inproceedings{yang2017deep,
  title={Deep multimodal representation learning from temporal data},
  author={Yang, Xitong and Ramesh, Palghat and Chitta, Radha and Madhvanath, Sriganesh and Bernal, Edgar A and Luo, Jiebo},
  booktitle={Proc. of CVPR},
  year={2017}
}

@article{zhang2020multimodal,
  title={Multimodal intelligence: Representation learning, information fusion, and applications},
  author={Zhang, Chao and Yang, Zichao and He, Xiaodong and Deng, Li},
  journal={IEEE Journal of Selected Topics in Signal Processing},
  volume={14},
  number={3},
  pages={478--493},
  year={2020},
  publisher={IEEE}
}

@inproceedings{mai2020modality,
  title={Modality to modality translation: An adversarial representation learning and graph fusion network for multimodal fusion},
  author={Mai, Sijie and Hu, Haifeng and Xing, Songlong},
  booktitle={Proc. of AAAI},
  year={2020}
}

@inproceedings{liang2023knowledge,
  title={Knowledge Graph Embedding Based on Graph Neural Network},
  author={Liang, Shuang},
  booktitle={Proc. of ICDE},
}