@article{allesiardo2017non,
  title={The non-stationary stochastic multi-armed bandit problem},
  author={Allesiardo, Robin and F{\'e}raud, Rapha{\"e}l and Maillard, Odalric-Ambrym},
  journal={International Journal of Data Science and Analytics},
  volume={3},
  pages={267--283},
  year={2017},
  publisher={Springer}
}

@article{auer2010ucb,
  title={UCB revisited: Improved regret bounds for the stochastic multi-armed bandit problem},
  author={Auer, Peter and Ortner, Ronald},
  journal={Periodica Mathematica Hungarica},
  volume={61},
  number={1-2},
  pages={55--65},
  year={2010},
  publisher={Akad{\'e}miai Kiad{\'o}, co-published with Springer Science+ Business Media BV~â€¦}
}

@inproceedings{auer2019adaptively,
  title={Adaptively tracking the best bandit arm with an unknown number of distribution changes},
  author={Auer, Peter and Gajane, Pratik and Ortner, Ronald},
  booktitle={Conference on Learning Theory},
  pages={138--158},
  year={2019},
  organization={PMLR}
}

@inproceedings{bacchiocchi2024autoregressive,
  title={Autoregressive bandits},
  author={Bacchiocchi, Francesco and Genalti, Gianmarco and Maran, Davide and Mussi, Marco and Restelli, Marcello and Gatti, Nicola and Metelli, Alberto Maria},
  booktitle={International Conference on Artificial Intelligence and Statistics},
  pages={937--945},
  year={2024},
  organization={PMLR}
}

@article{besbes2014stochastic,
  title={Stochastic multi-armed-bandit problem with non-stationary rewards},
  author={Besbes, Omar and Gur, Yonatan and Zeevi, Assaf},
  journal={Advances in neural information processing systems},
  volume={27},
  year={2014}
}

@article{garivier2008upper,
  title={On upper-confidence bound policies for non-stationary bandit problems},
  author={Garivier, Aur{\'e}lien and Moulines, Eric},
  journal={arXiv preprint arXiv:0805.3415},
  year={2008}
}

@article{ghatak2024best,
  title={Best Arm Identification Based Beam Acquisition in Stationary and Abruptly Changing Environments},
  author={Ghatak, Gourab},
  journal={IEEE Transactions on Signal Processing},
  year={2024},
  publisher={IEEE}
}

@inproceedings{jamieson2014best,
  title={Best-arm identification algorithms for multi-armed bandits in the fixed confidence setting},
  author={Jamieson, Kevin and Nowak, Robert},
  booktitle={2014 48th annual conference on information sciences and systems (CISS)},
  pages={1--6},
  year={2014},
  organization={IEEE}
}

@article{krishnamurthy2021slowly,
  title={On slowly-varying non-stationary bandits},
  author={Krishnamurthy, Ramakrishnan and Gopalan, Aditya},
  journal={arXiv preprint arXiv:2110.12916},
  year={2021}
}

@book{lattimore2020bandit,
  title={Bandit algorithms},
  author={Lattimore, Tor and Szepesv{\'a}ri, Csaba},
  year={2020},
  publisher={Cambridge University Press}
}

@inproceedings{wei2018abruptly,
  title={On abruptly-changing and slowly-varying multiarmed bandit problems},
  author={Wei, Lai and Srivatsva, Vaibhav},
  booktitle={2018 Annual American Control Conference (ACC)},
  pages={6291--6296},
  year={2018},
  organization={IEEE}
}

@article{whittle1988restless,
  title={Restless bandits: Activity allocation in a changing world},
  author={Whittle, Peter},
  journal={Journal of applied probability},
  volume={25},
  number={A},
  pages={287--298},
  year={1988},
  publisher={Cambridge University Press}
}

