
@article{garivier2008upper,
  title={On upper-confidence bound policies for non-stationary bandit problems},
  author={Garivier, Aur{\'e}lien and Moulines, Eric},
  journal={arXiv preprint arXiv:0805.3415},
  year={2008}
}
@article{gupta2021best,
  title={Best-arm identification in correlated multi-armed bandits},
  author={Gupta, Samarth and Joshi, Gauri and Ya{\u{g}}an, Osman},
  journal={IEEE Journal on Selected Areas in Information Theory},
  volume={2},
  number={2},
  pages={549--563},
  year={2021},
  publisher={IEEE}
}
@article{krishnamurthy2021slowly,
  title={On slowly-varying non-stationary bandits},
  author={Krishnamurthy, Ramakrishnan and Gopalan, Aditya},
  journal={arXiv preprint arXiv:2110.12916},
  year={2021}
}

@inproceedings{auer2019adaptively,
  title={Adaptively tracking the best bandit arm with an unknown number of distribution changes},
  author={Auer, Peter and Gajane, Pratik and Ortner, Ronald},
  booktitle={Conference on Learning Theory},
  pages={138--158},
  year={2019},
  organization={PMLR}
}

@article{besbes2014stochastic,
  title={Stochastic multi-armed-bandit problem with non-stationary rewards},
  author={Besbes, Omar and Gur, Yonatan and Zeevi, Assaf},
  journal={Advances in neural information processing systems},
  volume={27},
  year={2014}
}
@inproceedings{bacchiocchi2024autoregressive,
  title={Autoregressive bandits},
  author={Bacchiocchi, Francesco and Genalti, Gianmarco and Maran, Davide and Mussi, Marco and Restelli, Marcello and Gatti, Nicola and Metelli, Alberto Maria},
  booktitle={International Conference on Artificial Intelligence and Statistics},
  pages={937--945},
  year={2024},
  organization={PMLR}
}
@inproceedings{wei2018abruptly,
  title={On abruptly-changing and slowly-varying multiarmed bandit problems},
  author={Wei, Lai and Srivatsva, Vaibhav},
  booktitle={2018 Annual American Control Conference (ACC)},
  pages={6291--6296},
  year={2018},
  organization={IEEE}
}

@article{whittle1988restless,
  title={Restless bandits: Activity allocation in a changing world},
  author={Whittle, Peter},
  journal={Journal of applied probability},
  volume={25},
  number={A},
  pages={287--298},
  year={1988},
  publisher={Cambridge University Press}
}

@article{allesiardo2017non,
  title={The non-stationary stochastic multi-armed bandit problem},
  author={Allesiardo, Robin and F{\'e}raud, Rapha{\"e}l and Maillard, Odalric-Ambrym},
  journal={International Journal of Data Science and Analytics},
  volume={3},
  pages={267--283},
  year={2017},
  publisher={Springer}
}

@article{ghatak2024best,
  title={Best Arm Identification Based Beam Acquisition in Stationary and Abruptly Changing Environments},
  author={Ghatak, Gourab},
  journal={IEEE Transactions on Signal Processing},
  year={2024},
  publisher={IEEE}
}


@inproceedings{garivier2016optimal,
  title={Optimal best arm identification with fixed confidence},
  author={Garivier, Aur{\'e}lien and Kaufmann, Emilie},
  booktitle={Conference on Learning Theory},
  pages={998--1027},
  year={2016},
  organization={PMLR}
}


@article{even2006action,
  title={Action elimination and stopping conditions for the multi-armed bandit and reinforcement learning problems.},
  author={Even-Dar, Eyal and Mannor, Shie and Mansour, Yishay and Mahadevan, Sridhar},
  journal={Journal of machine learning research},
  volume={7},
  number={6},
  year={2006}
}


@inproceedings{jamieson2014best,
  title={Best-arm identification algorithms for multi-armed bandits in the fixed confidence setting},
  author={Jamieson, Kevin and Nowak, Robert},
  booktitle={2014 48th annual conference on information sciences and systems (CISS)},
  pages={1--6},
  year={2014},
  organization={IEEE}
}


@inproceedings{kalyanakrishnan2012pac,
  title={PAC subset selection in stochastic multi-armed bandits.},
  author={Kalyanakrishnan, Shivaram and Tewari, Ambuj and Auer, Peter and Stone, Peter},
  booktitle={ICML},
  volume={12},
  pages={655--662},
  year={2012}
}


@book{lattimore2020bandit,
  title={Bandit algorithms},
  author={Lattimore, Tor and Szepesv{\'a}ri, Csaba},
  year={2020},
  publisher={Cambridge University Press}
}




@article{auer2010ucb,
  title={UCB revisited: Improved regret bounds for the stochastic multi-armed bandit problem},
  author={Auer, Peter and Ortner, Ronald},
  journal={Periodica Mathematica Hungarica},
  volume={61},
  number={1-2},
  pages={55--65},
  year={2010},
  publisher={Akad{\'e}miai Kiad{\'o}, co-published with Springer Science+ Business Media BV~â€¦}
}



@inproceedings{srinivas2022almost,
  title={Almost cost-free communication in federated best arm identification},
  author={Reddy, Kota Srinivas and Karthik, PN and Tan, Vincent YF},
  booktitle={Proceedings of the AAAI Conference on Artificial Intelligence},
  volume={37},
  number={7},
  pages={8378--8385},
  year={2023}
}