@article{barddal2020regularized,
  title={Regularized and incremental decision trees for data streams},
  author={Barddal, Jean Paul and Enembreck, Fabr{\'\i}cio},
  journal={Annals of Telecommunications},
  volume={75},
  pages={493--503},
  year={2020},
  publisher={Springer}
}

@inproceedings{da2018strict,
  title={Strict very fast decision tree: a memory conservative algorithm for data stream mining},
  author={da Costa, Victor Guilherme Turrisi and de Leon Ferreira, Andre Carlos Ponce and Duarte, Joao Mendes},
  booktitle={2018 International Joint Conference on Neural Networks (IJCNN)},
  pages={1--7},
  year={2018},
  organization={IEEE}
}

@inproceedings{domingos2000mining,
  title={Mining high-speed data streams},
  author={Domingos, Pedro and Hulten, Geoff},
  booktitle={Proceedings of the sixth ACM SIGKDD international conference on Knowledge discovery and data mining},
  pages={71--80},
  year={2000},
  organization={ACM}
}

@inproceedings{garcia2018hoeffding,
  title={Hoeffding trees with nmin adaptation},
  author={Garc{\'\i}a-Mart{\'\i}n, Eva and Lavesson, Niklas and Grahn, H{\aa}kan and Casalicchio, Emiliano and Boeva, Veselka},
  booktitle={2018 IEEE 5th International Conference on Data Science and Advanced Analytics (DSAA)},
  pages={70--79},
  year={2018},
  organization={IEEE}
}

@article{garcia2022green,
  title={Green accelerated Hoeffding tree},
  author={Garcia-Martin, Eva and Bifet, Albert and Lavesson, Niklas and K{\"o}nig, Rikard and Linusson, Henrik},
  journal={arXiv preprint arXiv:2205.03184},
  year={2022}
}

@inproceedings{holmes2005tie,
  title={Tie-breaking in Hoeffding trees},
  author={Holmes, Geoffrey and Richard, Kirkby and Pfahringer, Bernhard},
  year={2005},
  organization={ECML/PKDD}
}

@inproceedings{losing2018enhancing,
  title={Enhancing very fast decision trees with local split-time predictions},
  author={Losing, Viktor and Wersing, Heiko and Hammer, Barbara},
  booktitle={2018 IEEE international conference on data mining (ICDM)},
  pages={287--296},
  year={2018},
  organization={IEEE}
}

@inproceedings{yang2011moderated,
  title={Moderated VFDT in stream mining using adaptive tie threshold and incremental pruning},
  author={Yang, Hang and Fong, Simon},
  booktitle={International Conference on Data Warehousing and Knowledge Discovery},
  pages={471--483},
  year={2011},
  organization={Springer}
}

@inproceedings{yang2011optimized,
  title={Optimized very fast decision tree with balanced classification accuracy and compact tree size},
  author={Yang, Hang and Fong, Simon},
  booktitle={2011 3rd International Conference on Data Mining and Intelligent Information Technology Applications},
  pages={57--64},
  year={2011},
  organization={IEEE}
}

