@article{gama2014survey,
  title={A survey on concept drift adaptation},
  author={Gama, Jo{\~a}o and {\v{Z}}liobait{\.e}, Indr{\.e} and Bifet, Albert and Pechenizkiy, Mykola and Bouchachia, Abdelhamid},
  journal={ACM computing surveys (CSUR)},
  volume={46},
  number={4},
  pages={1--37},
  year={2014},
  publisher={ACM New York, NY, USA}
}


@article{gama2005learning,
  title={Learning decision trees from dynamic data streams},
  author={Gama, Jo{\~a}o and Medas, Pedro and Rodrigues, Pedro},
  journal={Journal of Universal Computer Science},
  volume={11},
  number={8},
  pages={1353--1366},
  year={2005}
}

@article{gama2013evaluating,
  title={On evaluating stream learning algorithms},
  author={Gama, Joao and Sebastiao, Raquel and Rodrigues, Pedro Pereira},
  journal={Machine learning},
  volume={90},
  pages={317--346},
  year={2013},
  publisher={Springer}
}

@inproceedings{killourhy2009comparing,
  title={Comparing anomaly-detection algorithms for keystroke dynamics},
  author={Killourhy, Kevin S and Maxion, Roy A},
  booktitle={2009 IEEE/IFIP international conference on dependable systems \& networks},
  pages={125--134},
  year={2009},
  organization={IEEE}
}

@article{manapragada2020emergent,
  title={Emergent and unspecified behaviors in streaming decision trees},
  author={Manapragada, Chaitanya and Webb, Geoffrey I and Salehi, Mahsa and Bifet, Albert},
  journal={arXiv preprint arXiv:2010.08199},
  year={2020}
}

@inproceedings{yang2011optimized,
  title={Optimized very fast decision tree with balanced classification accuracy and compact tree size},
  author={Yang, Hang and Fong, Simon},
  booktitle={2011 3rd International Conference on Data Mining and Intelligent Information Technology Applications},
  pages={57--64},
  year={2011},
  organization={IEEE}
}

@inproceedings{yang2011moderated,
  title={Moderated VFDT in stream mining using adaptive tie threshold and incremental pruning},
  author={Yang, Hang and Fong, Simon},
  booktitle={International Conference on Data Warehousing and Knowledge Discovery},
  pages={471--483},
  year={2011},
  organization={Springer}
}

@article{sun2021speeding,
  title={Speeding up very fast decision tree with low computational cost},
  author={Sun, Jiang and Li, Hao and Fujita, Hamido and Fu, Bo and Yao, Wenqiang},
  journal={Knowledge-Based Systems},
  volume={214},
  pages={106731},
  year={2021},
  publisher={Elsevier}
}

@inproceedings{pfahringer2007new,
  title={New options for hoeffding trees},
  author={Pfahringer, Bernhard and Holmes, Geoffrey and Kirkby, Richard},
  booktitle={Australasian Joint Conference on Artificial Intelligence},
  pages={90--99},
  year={2007},
  organization={Springer}
}

@inproceedings{da2018strict,
  title={Strict very fast decision tree: a memory conservative algorithm for data stream mining},
  author={da Costa, Victor Guilherme Turrisi and de Leon Ferreira, Andre Carlos Ponce and Duarte, Joao Mendes},
  booktitle={2018 International Joint Conference on Neural Networks (IJCNN)},
  pages={1--7},
  year={2018},
  organization={IEEE}
}

@article{xiaoshi2020analysis,
  title={Analysis and Optimization for Hoeffding Tree},
  author={Wang, Xiaoshi},
  year={2020}
}

@inproceedings{manapragada2018extremely,
  title={Extremely fast decision tree},
  author={Manapragada, Chaitanya and Webb, Geoffrey I and Salehi, Mahsa},
  booktitle={Proceedings of the 24th ACM SIGKDD International Conference on Knowledge Discovery \& Data Mining},
  pages={1953--1962},
  year={2018}
}

@inproceedings{hulten2001mining,
  title={Mining time-changing data streams},
  author={Hulten, Geoff and Spencer, Laurie and Domingos, Pedro},
  booktitle={Proceedings of the seventh ACM SIGKDD international conference on Knowledge discovery and data mining},
  pages={97--106},
  year={2001}
}

@article{rutkowski2012decision,
  title={Decision trees for mining data streams based on the McDiarmid's bound},
  author={Rutkowski, Leszek and Pietruczuk, Lena and Duda, Piotr and Jaworski, Maciej},
  journal={IEEE Transactions on Knowledge and Data Engineering},
  volume={25},
  number={6},
  pages={1272--1279},
  year={2012},
  publisher={IEEE}
}

@inproceedings{bifet2009adaptive,
  title={Adaptive learning from evolving data streams},
  author={Bifet, Albert and Gavalda, Ricard},
  booktitle={Advances in Intelligent Data Analysis VIII: 8th International Symposium on Intelligent Data Analysis, IDA 2009, Lyon, France, August 31-September 2, 2009. Proceedings 8},
  pages={249--260},
  year={2009},
  organization={Springer}
}

\tree-based text

@article{gama2006decision,
  title={Decision trees for mining data streams},
  author={Gama, Jo{\~a}o and Fernandes, Ricardo and Rocha, Ricardo},
  journal={Intelligent Data Analysis},
  volume={10},
  number={1},
  pages={23--45},
  year={2006},
  publisher={IOS Press}
}

@inproceedings{gama2006learning,
  title={Learning with local drift detection},
  author={Gama, Joao and Castillo, Gladys},
  booktitle={International conference on advanced data mining and applications},
  pages={42--55},
  year={2006},
  organization={Springer}
}

@article{sovdat2014updating,
  title={Updating formulas and algorithms for computing entropy and Gini index from time-changing data streams},
  author={Sovdat, Blaz},
  journal={arXiv preprint arXiv:1403.6348},
  year={2014}
}

@article{ducange2021fuzzy,
  title={Fuzzy Hoeffding decision tree for data stream classification},
  author={Ducange, Pietro and Marcelloni, Francesco and Pecori, Riccardo},
  journal={International Journal of Computational Intelligence Systems},
  volume={14},
  number={1},
  pages={946--964},
  year={2021},
  publisher={Atlantis Press}
}

@article{zhang2020feat,
  title={Feat: A fairness-enhancing and concept-adapting decision tree classifier},
  author={Zhang, Wenbin and Bifet, Albert},
  booktitle={Discovery Science: 23rd International Conference, DS 2020, Thessaloniki, Greece, October 19--21, 2020, Proceedings 23},
  pages={175--189},
  year={2020},
  organization={Springer}
}

@article{hoeffding1994probability,
  title={Probability inequalities for sums of bounded random variables},
  author={Hoeffding, Wassily},
  journal={The collected works of Wassily Hoeffding},
  pages={409--426},
  year={1994},
  publisher={Springer}
}

@inproceedings{domingos2001catching,
  title={Catching up with the Data: Research Issues in Mining Data Streams},
  author={Domingos, Pedro M. and Hulten, Geoff},
  booktitle={2001 ACM SIGMOD Workshop on Research Issues in Data Mining and Knowledge Discovery},
  year={2001},
  address={Santa Barbara, CA, USA},
  month={May},
  series={DMKD '01}
}

@inproceedings{domingos2000mining,
  title={Mining high-speed data streams},
  author={Domingos, Pedro and Hulten, Geoff},
  booktitle={Proceedings of the sixth ACM SIGKDD international conference on Knowledge discovery and data mining},
  pages={71--80},
  year={2000},
  organization={ACM}
}

@article{gomes2017survey,
  title={A survey on ensemble learning for data stream classification},
  author={Gomes, Heitor Murilo and Barddal, Jean Paul and Enembreck, Fabr√≠cio and Bifet, Albert},
  journal={ACM Computing Surveys},
  volume={50},
  number={2},
  pages={1--36},
  year={2017},
  publisher={ACM}
}

@article{krawczyk2017ensemble,
  title={Ensemble learning for data stream analysis: A survey},
  author={Krawczyk, Bartosz and Minku, Leandro L and Gama, Jo{\~a}o and Stefanowski, Jerzy and Wo{\'z}niak, Micha{\l}},
  journal={Information Fusion},
  volume={37},
  pages={132--156},
  year={2017},
  publisher={Elsevier}
}

@inproceedings{bifet2006kalman,
  title={Kalman filters and adaptive windows for learning in data streams},
  author={Bifet, Albert and Gavald{\`a}, Ricard},
  booktitle={International conference on discovery science},
  pages={29--40},
  year={2006},
  organization={Springer},
  address={Berlin, Heidelberg},
  publisher={Springer Berlin Heidelberg}
}

@article{gomes2017adaptive,
  title={Adaptive random forests for evolving data stream classification},
  author={Gomes, Heitor M and Bifet, Albert and Read, Jesse and Barddal, Jean Paul and Enembreck, Fabr{\'\i}cio and Pfharinger, Bernhard and Holmes, Geoff and Abdessalem, Talel},
  journal={Machine Learning},
  volume={106},
  pages={1469--1495},
  year={2017},
  publisher={Springer}
}

@inproceedings{oza2001experimental,
  title={Experimental comparisons of online and batch versions of bagging and boosting},
  author={Oza, Nikunj C and Russell, Stuart},
  booktitle={Proceedings of the seventh ACM SIGKDD international conference on Knowledge discovery and data mining},
  pages={359--364},
  year={2001}
}

@inproceedings{gomes2019streaming,
  title={Streaming random patches for evolving data stream classification},
  author={Gomes, Heitor Murilo and Read, Jesse and Bifet, Albert},
  booktitle={2019 IEEE international conference on data mining (ICDM)},
  pages={240--249},
  year={2019},
  organization={IEEE}
}

@inproceedings{montiel2020adaptive,
  title={Adaptive xgboost for evolving data streams},
  author={Montiel, Jacob and Mitchell, Rory and Frank, Eibe and Pfahringer, Bernhard and Abdessalem, Talel and Bifet, Albert},
  booktitle={2020 international joint conference on neural networks (IJCNN)},
  pages={1--8},
  year={2020},
  organization={IEEE}
}

@article{wang2022elastic,
  title={Elastic gradient boosting decision tree with adaptive iterations for concept drift adaptation},
  author={Wang, Kun and Lu, Jie and Liu, Anjin and Song, Yiliao and Xiong, Li and Zhang, Guangquan},
  journal={Neurocomputing},
  volume={491},
  pages={288--304},
  year={2022},
  publisher={Elsevier}
}

@article{gunasekara2024gradient,
  title={Gradient boosted trees for evolving data streams},
  author={Gunasekara, Nuwan and Pfahringer, Bernhard and Gomes, Heitor and Bifet, Albert},
  journal={Machine Learning},
  volume={113},
  number={5},
  pages={3325--3352},
  year={2024},
  publisher={Springer}
}

@inproceedings{garcia2018hoeffding,
  title={Hoeffding trees with nmin adaptation},
  author={Garc{\'\i}a-Mart{\'\i}n, Eva and Lavesson, Niklas and Grahn, H{\aa}kan and Casalicchio, Emiliano and Boeva, Veselka},
  booktitle={2018 IEEE 5th International Conference on Data Science and Advanced Analytics (DSAA)},
  pages={70--79},
  year={2018},
  organization={IEEE}
}

\other stuff

@article{bilal2018potentials,
  title={Potentials, trends, and prospects in edge technologies: Fog, cloudlet, mobile edge, and micro data centers},
  author={Bilal, Kashif and Khalid, Osman and Erbad, Aiman and Khan, Samee U},
  journal={Computer Networks},
  volume={130},
  pages={94--120},
  year={2018},
  publisher={Elsevier}
}

@article{greco2019edge,
  title={An edge-stream computing infrastructure for real-time analysis of wearable sensors data},
  author={Greco, Luca and Ritrovato, Pierluigi and Xhafa, Fatos},
  journal={Future Generation Computer Systems},
  volume={93},
  pages={515--528},
  year={2019},
  publisher={Elsevier}
}

@inproceedings{lourencco2023online,
  title={Online adaptive learning for out-of-round railway wheels detection},
  author={Louren{\c{c}}o, Afonso and Meira, Jorge and Marreiros, Goreti},
  booktitle={Proceedings of the 38th ACM/SIGAPP Symposium on Applied Computing},
  pages={418--421},
  year={2023}
}

@incollection{gama2010knowledge,
  title={Knowledge discovery from data streams},
  author={Gama, Joao and Rodrigues, Pedro Pereira and Spinosa, Eduardo and Carvalho, Andre},
  booktitle={Web Intelligence and Security},
  year={2010},
  publisher={IOS Press}
}

@article{Zliobaite2011,
  author    = {Indrƒó ≈Ωliobaitƒó},
  title     = {Combining similarity in time and space for training set formation under concept drift},
  journal   = {Intelligent Data Analysis},
  volume    = {15},
  number    = {4},
  pages     = {589--611},
  year      = {2011},
  doi       = {10.3233/IDA-2011-0515}
}

@article{Souza2015,
  author    = {Vin√≠cius M. A. Souza and Gustavo E. A. P. A. Batista and Eamonn Keogh},
  title     = {A new approach for monitoring and analyzing recurrent concepts in data streams},
  journal   = {Data Mining and Knowledge Discovery},
  volume    = {29},
  number    = {5},
  pages     = {1333--1362},
  year      = {2015},
  doi       = {10.1007/s10618-014-0380-6}
}

@article{Dheeru2017,
  author    = {Dheeru, Dua and Efi Karra Taniskidou},
  title     = {UCI Machine Learning Repository},
  year      = {2017},
  url       = {http://archive.ics.uci.edu/ml}
}

@article{Ditzler2013,
  author    = {Gregory Ditzler and Robi Polikar},
  title     = {Incremental learning of concept drift from streaming imbalanced data},
  journal   = {IEEE Transactions on Knowledge and Data Engineering},
  volume    = {25},
  number    = {10},
  pages     = {2283--2301},
  year      = {2013},
  doi       = {10.1109/TKDE.2012.154}
}

@article{souza2020challenges,
  title={Challenges in benchmarking stream learning algorithms with real-world data},
  author={Souza, Vinicius MA and dos Reis, Denis M and Maletzke, Andre G and Batista, Gustavo EAPA},
  journal={Data Mining and Knowledge Discovery},
  volume={34},
  number={6},
  pages={1805--1858},
  year={2020},
  publisher={Springer}
}

@article{Harries1999,
  author    = {Michael Harries},
  title     = {Splice-2 comparative evaluation: Electricity pricing},
  journal   = {Technical Report},
  institution = {University of New South Wales},
  address   = {Sydney, Australia},
  year      = {1999}
}

@article{Losing2016,
  author    = {Viktor Losing and Barbara Hammer and Heiko Wersing},
  title     = {Tackling heterogeneous concept drift with the self-adjusting memory (SAM)},
  journal   = {Knowledge and Information Systems},
  volume    = {50},
  number    = {1},
  pages     = {117--143},
  year      = {2016},
  doi       = {10.1007/s10115-016-0992-8}
}

@inproceedings{Reis2016,
  author    = {Diego M. Reis and Vin√≠cius M. A. Souza and Gustavo E. A. P. A. Batista},
  title     = {Fast unsupervised online drift detection using incremental Kolmogorov-Smirnov test},
  booktitle = {Proceedings of the 22nd ACM SIGKDD International Conference on Knowledge Discovery and Data Mining},
  pages     = {1545--1554},
  year      = {2016},
  doi       = {10.1145/2939672.2939836}
}

@inproceedings{Tavallaee2009,
  author    = {Mahbod Tavallaee and Ebrahim Bagheri and Wei Lu and Ali A. Ghorbani},
  title     = {A detailed analysis of the KDD Cup 99 data set},
  booktitle = {Proceedings of the IEEE Symposium on Computational Intelligence for Security and Defense Applications},
  pages     = {1--6},
  year      = {2009},
  doi       = {10.1109/CISDA.2009.5356528}
}

@article{Blackard1999,
  author    = {Joyce A. Blackard and Denis J. Dean},
  title     = {Comparative accuracies of artificial neural networks and discriminant analysis in predicting forest cover types from cartographic variables},
  journal   = {Computers and Electronics in Agriculture},
  volume    = {24},
  number    = {3},
  pages     = {131--151},
  year      = {1999},
  doi       = {10.1016/S0168-1699(99)00046-0}
}

...

@article{de2017confidence,
  title={Confidence decision trees via online and active learning for streaming data},
  author={De Rosa, Rocco and Cesa-Bianchi, Nicolo},
  journal={Journal of Artificial Intelligence Research},
  volume={60},
  pages={1031--1055},
  year={2017}
}

@article{mcdiarmid1989method,
  title={On the method of bounded differences},
  author={McDiarmid, Colin and others},
  journal={Surveys in combinatorics},
  volume={141},
  number={1},
  pages={148--188},
  year={1989},
  publisher={Norwich}
}

@inproceedings{matuszyk2013correcting,
  title={Correcting the usage of the hoeffding inequality in stream mining},
  author={Matuszyk, Pawel and Krempl, Georg and Spiliopoulou, Myra},
  booktitle={International Symposium on Intelligent Data Analysis},
  pages={298--309},
  year={2013},
  organization={Springer}
}

@article{rutkowski2014new,
  title={A new method for data stream mining based on the misclassification error},
  author={Rutkowski, Leszek and Jaworski, Maciej and Pietruczuk, Lena and Duda, Piotr},
  journal={IEEE transactions on neural networks and learning systems},
  volume={26},
  number={5},
  pages={1048--1059},
  year={2014},
  publisher={IEEE}
}

@inproceedings{duda2014novel,
  title={A novel application of hoeffding's inequality to decision trees construction for data streams},
  author={Duda, Piotr and Jaworski, Maciej and Pietruczuk, Lena and Rutkowski, Leszek},
  booktitle={2014 International Joint Conference on Neural Networks (IJCNN)},
  pages={3324--3330},
  year={2014},
  organization={IEEE}
}

@inproceedings{gama2003accurate,
  title={Accurate decision trees for mining high-speed data streams},
  author={Gama, Joao and Rocha, Ricardo and Medas, Pedro},
  booktitle={Proceedings of the ninth ACM SIGKDD international conference on Knowledge discovery and data mining},
  pages={523--528},
  year={2003}
}

@article{quinlan1986induction,
  title={Induction of decision trees},
  author={Quinlan, J. Ross},
  journal={Machine learning},
  volume={1},
  pages={81--106},
  year={1986},
  publisher={Springer}
}

@article{mirkhan2021analytical,
  title={Analytical split value calculation for numerical attributes in hoeffding trees with misclassification-based impurity},
  author={Mirkhan, Mehran and Amir Haeri, Maryam and Meybodi, Mohammad Reza},
  journal={Annals of Data Science},
  volume={8},
  pages={645--665},
  year={2021},
  publisher={Springer}
}

@article{garcia2017energy,
  title={Energy efficiency analysis of the very fast decision tree algorithm},
  author={Garcia-Martin, Eva and Lavesson, Niklas and Grahn, H{\aa}kan},
  journal={Trends in Social Network Analysis: Information Propagation, User Behavior Modeling, Forecasting, and Vulnerability Assessment},
  pages={229--252},
  year={2017},
  publisher={Springer}
}

@article{frias2014online,
  title={Online and non-parametric drift detection methods based on Hoeffding‚Äôs bounds},
  author={Frias-Blanco, Isvani and del Campo-{\'A}vila, Jos{\'e} and Ramos-Jimenez, Gonzalo and Morales-Bueno, Rafael and Ortiz-Diaz, Agustin and Caballero-Mota, Yail{\'e}},
  journal={IEEE Transactions on Knowledge and Data Engineering},
  volume={27},
  number={3},
  pages={810--823},
  year={2014},
  publisher={IEEE}
}

@inproceedings{baena2006early,
  title={Early drift detection method},
  author={Baena-Garc{\i}a, Manuel and del Campo-{\'A}vila, Jos{\'e} and Fidalgo, Raul and Bifet, Albert and Gavalda, Ricard and Morales-Bueno, Rafael},
  booktitle={Fourth international workshop on knowledge discovery from data streams},
  volume={6},
  pages={77--86},
  year={2006},
  organization={Citeseer}
}

@inproceedings{gama2004learning,
  title={Learning with drift detection},
  author={Gama, Joao and Medas, Pedro and Castillo, Gladys and Rodrigues, Pedro},
  booktitle={Advances in Artificial Intelligence--SBIA 2004: 17th Brazilian Symposium on Artificial Intelligence, Sao Luis, Maranhao, Brazil, September 29-Ocotber 1, 2004. Proceedings 17},
  pages={286--295},
  year={2004},
  organization={Springer}
}

@inproceedings{kifer2004detecting,
  title={Detecting change in data streams},
  author={Kifer, Daniel and Ben-David, Shai and Gehrke, Johannes},
  booktitle={VLDB},
  volume={4},
  pages={180--191},
  year={2004},
  organization={Toronto, Canada}
}

@article{tsai2008efficient,
  title={An efficient and sensitive decision tree approach to mining concept-drifting data streams},
  author={Tsai, Cheng-Jung and Lee, Chien-I and Yang, Wei-Pang},
  journal={Informatica},
  volume={19},
  number={1},
  pages={135--156},
  year={2008},
  publisher={Institute of Mathematics and Informatics}
}

@inproceedings{bifet2007learning,
  title={Learning from time-changing data with adaptive windowing},
  author={Bifet, Albert and Gavalda, Ricard},
  booktitle={Proceedings of the 2007 SIAM international conference on data mining},
  pages={443--448},
  year={2007},
  organization={SIAM}
}

@inproceedings{gama2009issues,
  title={Issues in evaluation of stream learning algorithms},
  author={Gama, Joao and Sebastiao, Raquel and Rodrigues, Pedro Pereira},
  booktitle={Proceedings of the 15th ACM SIGKDD international conference on Knowledge discovery and data mining},
  pages={329--338},
  year={2009}
}

@article{basseville1993detection,
  title={Detection of Abrupt Changes: Theory and Application},
  author={Basseville, Michele},
  journal={Prentice-Hall google schola},
  volume={2},
  pages={3--11},
  year={1993}
}

@article{nunez2007learning,
  title={Learning in Environments with Unknown Dynamics: Towards more Robust Concept Learners.},
  author={N{\'u}{\~n}ez, Marlon and Fidalgo, Ra{\'u}l and Morales, Rafael},
  journal={Journal of Machine Learning Research},
  volume={8},
  number={11},
  year={2007}
}

@article{ramirez2016data,
  title={Data discretization: taxonomy and big data challenge},
  author={Ram{\'\i}rez-Gallego, Sergio and Garc{\'\i}a, Salvador and Mouri{\~n}o-Tal{\'\i}n, H{\'e}ctor and Mart{\'\i}nez-Rego, David and Bol{\'o}n-Canedo, Ver{\'o}nica and Alonso-Betanzos, Amparo and Ben{\'\i}tez, Jos{\'e} Manuel and Herrera, Francisco},
  journal={Wiley Interdisciplinary Reviews: Data Mining and Knowledge Discovery},
  volume={6},
  number={1},
  pages={5--21},
  year={2016},
  publisher={Wiley Online Library}
}

@inproceedings{gama2006discretization,
  title={Discretization from data streams: applications to histograms and data mining},
  author={Gama, Joao and Pinto, Carlos},
  booktitle={Proceedings of the 2006 ACM symposium on Applied computing},
  pages={662--667},
  year={2006}
}

@inproceedings{salperwyck2013incremental,
  title={Incremental decision tree based on order statistics},
  author={Salperwyck, Christophe and Lemaire, Vincent},
  booktitle={The 2013 international joint conference on neural networks (IJCNN)},
  pages={1--8},
  year={2013},
  organization={IEEE}
}

@inproceedings{zhang2014discretizing,
  title={Discretizing numerical attributes in decision tree for big data analysis},
  author={Zhang, Yiqun and Cheung, Yiu-Ming},
  booktitle={2014 IEEE International Conference on Data Mining Workshop},
  pages={1150--1157},
  year={2014},
  organization={IEEE}
}

@inproceedings{gama2004forest,
  title={Forest trees for on-line data},
  author={Gama, Joao and Medas, Pedro and Rocha, Ricardo},
  booktitle={Proceedings of the 2004 ACM symposium on Applied computing},
  pages={632--636},
  year={2004}
}

@inproceedings{holmes2005tie,
  title={Tie-breaking in Hoeffding trees},
  author={Holmes, Geoffrey and Richard, Kirkby and Pfahringer, Bernhard},
  year={2005},
  organization={ECML/PKDD}
}

@article{barddal2020regularized,
  title={Regularized and incremental decision trees for data streams},
  author={Barddal, Jean Paul and Enembreck, Fabr{\'\i}cio},
  journal={Annals of Telecommunications},
  volume={75},
  pages={493--503},
  year={2020},
  publisher={Springer}
}

@inproceedings{losing2018enhancing,
  title={Enhancing very fast decision trees with local split-time predictions},
  author={Losing, Viktor and Wersing, Heiko and Hammer, Barbara},
  booktitle={2018 IEEE international conference on data mining (ICDM)},
  pages={287--296},
  year={2018},
  organization={IEEE}
}

@article{garcia2022green,
  title={Green accelerated Hoeffding tree},
  author={Garcia-Martin, Eva and Bifet, Albert and Lavesson, Niklas and K{\"o}nig, Rikard and Linusson, Henrik},
  journal={arXiv preprint arXiv:2205.03184},
  year={2022}
}


@article{lefa2022enhancement,
  title={Enhancement of Very Fast Decision Tree for Data Stream Mining},
  author={Lefa, Mai and Hatem, ABD and Salem, Rashed},
  journal={Studies in Informatics and Control},
  volume={31},
  number={2},
  pages={49--60},
  year={2022}
}

@article{lefa2023upgraded,
  title={Upgraded Very Fast Decision Tree: Energy Conservative Algorithm for Data Stream Classification},
  author={Lefa, Mai and Abd-Elkader, Hatem and Salem, Rashed},
  journal={International Journal of Advanced Computer Science and Applications},
  volume={14},
  number={1},
  year={2023},
  publisher={Science and Information (SAI) Organization Limited}
}