@article{newsdataset,
  title={A Dataset for Information Extraction from News Web Pages},
  author={Maksim Varlamov and Denis Galanin and Pavel Bedrin and Sergey Duda and Vladimir Lazarev and Alexander Yatskov},
  journal={2022 Ivannikov Ispras Open Conference (ISPRAS)},
  year={2022},
  pages={100-106}
}

@misc{label-studio,
  title={{Label Studio}: Data labeling software},
  url={https://github.com/HumanSignal/label-studio},
  note={Open source software available from https://github.com/HumanSignal/label-studio},
  author={
    Maxim Tkachenko and
    Mikhail Malyuk and
    Andrey Holmanyuk and
    Nikolai Liubimov},
  year={2020-2024},
}

@inproceedings{swde,
  title={From one tree to a forest: a unified solution for structured web data extraction},
  author={Hao, Qiang and Cai, Rui and Pang, Yanwei and Zhang, Lei},
  booktitle={Proceedings of the 34th international ACM SIGIR conference on Research and development in Information Retrieval},
  pages={775--784},
  year={2011}
}

@article{klarna,
  title={The Klarna Product Page Dataset: A RealisticBenchmark for Web Representation Learning},
  author={Hotti, Alexandra and Risuleo, Riccardo Sven and Magureanu, Stefan and Moradi, Aref and Lagergren, Jens},
  journal={arXiv preprint arXiv:2111.02168},
  year={2021}
}

@article{cova,
  title={CoVA: Context-aware Visual Attention for Webpage Information Extraction},
  author={Kumar, Anurendra and Morabia, Keval and Wang, Jingjin and Chang, Kevin Chen-Chuan and Schwing, Alexander},
  journal={arXiv preprint arXiv:2110.12320},
  year={2021}
}

@inproceedings{markuplm,
  author       = {Junlong Li and
                  Yiheng Xu and
                  Lei Cui and
                  Furu Wei},
  title        = {MarkupLM: Pre-training of Text and Markup Language for Visually Rich
                  Document Understanding},
  booktitle    = {{ACL} {(1)}},
  pages        = {6078--6087},
  publisher    = {Association for Computational Linguistics},
  year         = {2022}
}

@article{domlm,
  title={DOM-LM: Learning Generalizable Representations for HTML Documents},
  author={Deng, Xiang and Shiralkar, Prashant and Lockard, Colin and Huang, Binxuan and Sun, Huan},
  journal={arXiv preprint arXiv:2201.10608},
  year={2022}
}

@inproceedings{structor,
  title={Learning structural co-occurrences for structured web data extraction in low-resource settings},
  author={Zhang, Zhenyu and Yu, Bowen and Liu, Tingwen and Liu, Tianyun and Wang, Yubin and Guo, Li},
  booktitle={Proceedings of the ACM Web Conference 2023},
  pages={1683--1692},
  year={2023},
  language = {russian}
}

@inproceedings{weblm,
author = {Xu, Hongshen and Chen, Lu and Zhao, Zihan and Ma, Da and Cao, Ruisheng and Zhu, Zichen and Yu, Kai},
title = {Hierarchical Multimodal Pre-training for Visually Rich Webpage Understanding},
year = {2024},
publisher = {Association for Computing Machinery},
booktitle = {Proceedings of the 17th ACM International Conference on Web Search and Data Mining},
pages = {864â€“872},
numpages = {9},
series = {WSDM '24}
}

@article{bbpe,
author = {Wang, Changhan and Cho, Kyunghyun and Gu, Jiatao},
year = {2020},
month = {04},
pages = {9154-9160},
title = {Neural Machine Translation with Byte-Level Subwords},
volume = {34},
journal = {Proceedings of the AAAI Conference on Artificial Intelligence},
doi = {10.1609/aaai.v34i05.6451}
}

@inproceedings{trafilatura,
  title = {{Trafilatura: A Web Scraping Library and Command-Line Tool for Text Discovery and Extraction}},
  author = "Barbaresi, Adrien",
  booktitle = "Proceedings of the Joint Conference of the 59th Annual Meeting of the Association for Computational Linguistics and the 11th International Joint Conference on Natural Language Processing: System Demonstrations",
  pages = "122--131",
  publisher = "Association for Computational Linguistics",
  url = "https://aclanthology.org/2021.acl-demo.15",
  year = 2021,
}

@InProceedings{newsplease,
  author     = {Hamborg, Felix and Meuschke, Norman and Breitinger, Corinna and Gipp, Bela},
  title      = {news-please: A Generic News Crawler and Extractor},
  year       = {2017},
  booktitle  = {Proceedings of the 15th International Symposium of Information Science},
  location   = {Berlin},
  doi        = {10.5281/zenodo.4120316},
  pages      = {218--223},
  month      = {March}
}

@article{roberta,
  title={RoBERTa: A Robustly Optimized BERT Pretraining Approach},
  author={Yinhan Liu and Myle Ott and Naman Goyal and Jingfei Du and Mandar Joshi and Danqi Chen and Omer Levy and Mike Lewis and Luke Zettlemoyer and Veselin Stoyanov},
  journal={ArXiv},
  year={2019},
  volume={abs/1907.11692},
}

@inproceedings{xlmroberta,
  title={Unsupervised Cross-lingual Representation Learning at Scale},
  author={Alexis Conneau and Kartikay Khandelwal and Naman Goyal and Vishrav Chaudhary and Guillaume Wenzek and Francisco Guzm{\'a}n and Edouard Grave and Myle Ott and Luke Zettlemoyer and Veselin Stoyanov},
  booktitle={Annual Meeting of the Association for Computational Linguistics},
  year={2019},
}

@inproceedings{barbaresi-2021-trafilatura,
  title = {{Trafilatura: A Web Scraping Library and Command-Line Tool for Text Discovery and Extraction}},
  author = "Barbaresi, Adrien",
  booktitle = "Proceedings of the Joint Conference of the 59th Annual Meeting of the Association for Computational Linguistics and the 11th International Joint Conference on Natural Language Processing: System Demonstrations",
  pages = "122--131",
  publisher = "Association for Computational Linguistics",
  url = "https://aclanthology.org/2021.acl-demo.15",
  year = 2021,
}

@InProceedings{Hamborg2017,
  author     = {Hamborg, Felix and Meuschke, Norman and Breitinger, Corinna and Gipp, Bela},
  title      = {news-please: A Generic News Crawler and Extractor},
  year       = {2017},
  booktitle  = {Proceedings of the 15th International Symposium of Information Science},
  location   = {Berlin},
  doi        = {10.5281/zenodo.4120316},
  pages      = {218--223},
  month      = {March}
}