@ARTICLE{10646352,
  author={Alsulami, Faris and Kulkarni, Akshay R. and Hazari, Noor Ahmad and Niamat, Mohammed Y.},
  journal={IEEE Access}, 
  title={ZEBRA: Zero Trust Architecture Employing Blockchain Technology and ROPUF for AMI Security}, 
  year={2024},
  volume={12},
  number={},
  pages={119868-119883},
  keywords={Blockchains;Authentication;Smart grids;Smart meters;Internet of Things;Zero Trust;Hardware security;Ring oscillators;Physical unclonable function;Advanced metering infrastructure;blockchain technology;hardware security;ring oscillator physical unclonable functions;zero trust architecture},
  doi={10.1109/ACCESS.2024.3449702}}

@INPROCEEDINGS{8473444,
  author={Samaniego, Mayra and Deters, Ralph},
  booktitle={2018 IEEE International Congress on Internet of Things (ICIOT)}, 
  title={Zero-Trust Hierarchical Management in IoT}, 
  year={2018},
  volume={},
  number={},
  pages={88-95},
  keywords={Data mining;Reliability;Internet of Things;Contracts;Middleware;Internet of Things;Blockchain;Hierarchical Mining;Zero-Trust Management;Edge Computing},
  doi={10.1109/ICIOT.2018.00019}}

@INPROCEEDINGS{9104214,
  author={Mehraj, Saima and Banday, M. Tariq},
  booktitle={2020 International Conference on Computer Communication and Informatics (ICCCI)}, 
  title={Establishing a Zero Trust Strategy in Cloud Computing Environment}, 
  year={2020},
  volume={},
  number={},
  pages={1-6},
  keywords={Zero Trust Strategy;Trust Management System;Incipient Technology;Objective Trust;Subjective Trust},
  doi={10.1109/ICCCI48352.2020.9104214}}

@article{ferretti2021survivable,
  title={Survivable zero trust for cloud computing environments},
  author={Ferretti, Luca and Magnanini, Federico and Andreolini, Mauro and Colajanni, Michele},
  journal={Computers \& Security},
  volume={110},
  pages={102419},
  year={2021},
  publisher={Elsevier}
}

@article{gonccalves2023beyondcorp,
  title={BeyondCorp and the long tail of Zero Trust},
  author={Gon{\c{c}}alves, Guilherme and O'Malley, Kyle and Saltonstall, Max and others},
  year={2023}
}

@article{guo2023intelligent,
  title={An intelligent zero trust secure framework for software defined networking},
  author={Guo, Xian and Xian, Hongbo and Feng, Tao and Jiang, Yongbo and Zhang, Di and Fang, Junli},
  journal={PeerJ Computer Science},
  volume={9},
  pages={e1674},
  year={2023},
  publisher={PeerJ Inc.}
}

@inproceedings{liu2011trustguard,
  title={TrustGuard: A flow-level reputation-based DDoS defense system},
  author={Liu, Haiqin and Sun, Yan and Valgenti, Victor C and Kim, Min Sik},
  booktitle={2011 IEEE Consumer Communications and Networking Conference (CCNC)},
  pages={287--291},
  year={2011},
  organization={IEEE}
}

@inproceedings{srivatsa2005trustguard,
  title={TrustGuard: countering vulnerabilities in reputation management for decentralized overlay networks},
  author={Srivatsa, Mudhakar and Xiong, Li and Liu, Ling},
  booktitle={Proceedings of the 14th international conference on World Wide Web},
  pages={422--431},
  year={2005}
}

@article{ward2014beyondcorp,
  title={Beyondcorp: A new approach to enterprise security},
  author={Ward, Rory and Beyer, Betsy},
  journal={; login:: the magazine of USENIX \& SAGE},
  volume={39},
  number={6},
  pages={6--11},
  year={2014},
  publisher={USENIX Association}
}

@article{zanasi2024flexible,
  title={Flexible zero trust architecture for the cybersecurity of industrial IoT infrastructures},
  author={Zanasi, Claudio and Russo, Silvio and Colajanni, Michele},
  journal={Ad Hoc Networks},
  volume={156},
  pages={103414},
  year={2024},
  publisher={Elsevier}
}

