@article{baran1964distributed,
  title={On distributed communications networks},
  author={Baran, Paul},
  journal={IEEE transactions on Communications Systems},
  volume={12},
  number={1},
  pages={1--9},
  year={1964},
  publisher={IEEE}
}

@misc{eudi,
  author = {GitHub Organization of the European Digital Identity project.},
  title = {European Digital Identity},
  year = {2024},
  publisher = {GitHub},
  journal = {eudi-app-android-wallet-ui},
  howpublished = {\url{https://github.com/eu-digital-identity-wallet/eudi-app-android-wallet-ui}},
}

@incollection{roberts1988arpanet,
  title={The Arpanet and computer networks},
  author={Roberts, Larry},
  booktitle={A history of personal workstations},
  pages={141--172},
  year={1988}
}

@article{kaster2023privatized,
  title={Privatized espionage: NSO Group Technologies and its Pegasus spyware},
  author={Kaster, Sean D and Ensign, Prescott C},
  journal={Thunderbird International Business Review},
  volume={65},
  number={3},
  pages={355--364},
  year={2023},
  publisher={Wiley Online Library}
}

@article{dumitrescu2024failures,
  title={Failures of public key infrastructure: 53 year survey},
  author={Dumitrescu, Adrian-Tudor and Pouwelse, Johan},
  journal={arXiv preprint arXiv:2401.05239},
  year={2024}
}

@misc{jajoo2021studymorrisworm,
      title={A study on the Morris Worm}, 
      author={Akshay Jajoo},
      year={2021},
      eprint={2112.07647},
      archivePrefix={arXiv},
      primaryClass={cs.CR},
      url={https://arxiv.org/abs/2112.07647}, 
}

@article{orman2003morris,
  title={The Morris worm: A fifteen-year perspective},
  author={Orman, Hilarie},
  journal={IEEE Security \& Privacy},
  volume={1},
  number={5},
  pages={35--43},
  year={2003},
  publisher={IEEE}
}

@article{brooks2021distributed,
  title={Distributed denial of service (DDoS): a history},
  author={Brooks, Richard R and Yu, Lu and Ozcelik, Ilker and Oakley, Jon and Tusing, Nathan},
  journal={IEEE Annals of the History of Computing},
  volume={44},
  number={2},
  pages={44--54},
  year={2021},
  publisher={IEEE}
}

@inproceedings{dayanandam2019ddos,
  title={DDoS attacks—analysis and prevention},
  author={Dayanandam, G and Rao, TV and Bujji Babu, D and Nalini Durga, S},
  booktitle={Innovations in Computer Science and Engineering: Proceedings of the Fifth ICICSE 2017},
  pages={1--10},
  year={2019},
  organization={Springer}
}

@article{petratos2014cybersecurity,
  title={Cybersecurity in Europe: Cooperation and Investment},
  author={Petratos, Pythagoras},
  journal={Cyber-Development, Cyber-Democracy and Cyber-Defense: Challenges, Opportunities and Implications for Theory, Policy and Practice},
  pages={279--301},
  year={2014},
  publisher={Springer}
}

@article{fidler2014anarchy,
  title={Anarchy or regulation: Controlling the global trade in zero-day vulnerabilities},
  author={Fidler, Mailyn},
  journal={PhD diss., Freeman Spogli Institute for International Studies, Stanford University},
  year={2014}
}

@book{eubook,
  author={{
European Systemic Risk Board}},
  title={Advancing
macroprudential tools for
cyber resilience –
Operational policy tools},
  subtitle={A review of national and panEuropean frameworks},
  year={2024},
  publisher={European Systemic Risk Board},
  url={https://www.esrb.europa.eu/pub/pdf/reports/esrb.report202404_advancingmacroprudentialtools~ca44cf0c8a.en.pdf},
}

@mic{tiberNL,
  author = {AFM},
  title = {TIBER-NL programme},
  year = 2016,
  url = {https://www.afm.nl/en/sector/themas/digitalisering/tiber-nl},
}

@mic{tiberEU,
  author = {{European Central Bank}},
  title = {TIBER-EU FRAMEWORK},
  subtitle={How to implement the
European framework for Threat
Intelligence-based Ethical
Red Teaming},
  year = 2018,
  publisher={European Central Bank},
  url = {https://www.ecb.europa.eu/pub/pdf/other/ecb.tiber_eu_framework.en.pdf},
}

@article{birch2017fraud,
  title={Fraud, plot, or collective delusion? Social media and perceptions of electoral misconduct in the 2014 scottish independence referendum},
  author={Birch, Sarah and ElSafoury, Fatma},
  journal={Election Law Journal},
  volume={16},
  number={4},
  pages={470--484},
  year={2017},
  publisher={Mary Ann Liebert, Inc. 140 Huguenot Street, 3rd Floor New Rochelle, NY 10801 USA}
}

@article{santonisecurity,
  title={The Security Council},
  author={Santoni, Sebastian}
}

@misc{reposit,
    author = {},
    title = {TrustZero},
	howpublished = {\url{https://github.com/AdiDumi/TrustZero}},
}

@misc{europaCommissionOnline,
	author = {},
	title = {{C}ommission, online platforms and civil society increase monitoring during {R}omanian elections --- ec.europa.eu},
	howpublished = {\url{https://ec.europa.eu/commission/presscorner/detail/en/ip_24_6243}},
	year = {},
	note = {[Accessed 10-12-2024]},
}

@misc{europaCommissionOpens,
	author = {},
	title = {{C}ommission opens formal proceedings against {T}ik{T}ok on election risks under the {D}igital {S}ervices {A}ct  --- ec.europa.eu},
	howpublished = {\url{https://ec.europa.eu/commission/presscorner/detail/en/ip_24_6487}},
	year = {},
	note = {[Accessed 17-12-2024]},
}

@misc{politicoRomaniasPresidential,
	author = {},
	title = {{R}omania’s presidential front-runner {G}eorgescu benefited from {R}ussia-style booster campaign, declassified docs say --- politico.eu},
	howpublished = "\href{https://www.politico.eu/article/romanias-presidential-frontrunner-benefited-from-russia-style-booster-campaign-declassified-docs-say/}{https://www.politico.eu/article/romanias-presidential-frontrunner-benefited-from-russia-style-booster-campaign-declassified-docs-say/}",
	year = {},
	note = {[Accessed 16-12-2024]},
}

@incollection{OCONNOR2013125,
title = {Chapter 4 - Network Traffic Analysis with Python},
editor = {TJ O'Connor},
booktitle = {Violent Python},
publisher = {Syngress},
pages = {125-169},
year = {2013},
isbn = {978-1-59749-957-6},
doi = {https://doi.org/10.1016/B978-1-59-749957-6.00004-1},
url = {https://www.sciencedirect.com/science/article/pii/B9781597499576000041},
author = {TJ O'Connor}
}

@article{rogin2007cyber,
  title={Cyber Officials: Chinese Hackers Attack ‘Anything and Everything,’},
  author={Rogin, Josh},
  journal={FCW. com, February},
  volume={13},
  pages={97658--1},
  year={2007}
}

@ARTICLE{9585170,
  author={Shore, Malcolm and Zeadally, Sherali and Keshariya, Astha},
  journal={Computer}, 
  title={Zero Trust: The What, How, Why, and When}, 
  year={2021},
  volume={54},
  number={11},
  pages={26-35},
  keywords={Computational modeling;Computer systems;Performance evaluation;Software performance},
  doi={10.1109/MC.2021.3090018}}

@inproceedings{patel2022collaborative,
  title={Collaborative Blockchain Based Distributed Denial of Service Attack Mitigation Approach with IP Reputation System},
  author={Patel, Darshi and Patel, Dhiren},
  booktitle={International Conference on Database Systems for Advanced Applications},
  pages={91--103},
  year={2022},
  organization={Springer}
}

@phdthesis{705b1473c351425f8e2d47ff145ddaa1,
title = "Distributed DDoS Defense - A collaborative Approach at Internet Scale",
author = "Jessica Steinberger",
year = "2018",
month = sep,
day = "19",
doi = "10.3990/1.9789036545815",
language = "English",
isbn = "978-90-365-4581-5",
series = "DSI Ph.D. Thesis Series",
publisher = "University of Twente",
number = "18-006",
address = "Netherlands",
type = "PhD Thesis - Research UT, graduation UT",
school = "University of Twente",
}

@article{rodrigues2020blockchain,
  title={Blockchain signaling system (BloSS): cooperative signaling of distributed denial-of-service attacks},
  author={Rodrigues, Bruno and Scheid, Eder and Killer, Christian and Franco, Muriel and Stiller, Burkhard},
  journal={Journal of Network and Systems Management},
  volume={28},
  number={4},
  pages={953--989},
  year={2020},
  publisher={Springer}
}

@article{kindervag2010build,
  title={Build security into your network’s dna: The zero trust network architecture},
  author={Kindervag, John and others},
  journal={Forrester Research Inc},
  volume={27},
  pages={1--16},
  year={2010}
}

@article{he2022survey,
  title={A survey on zero trust architecture: Challenges and future trends},
  author={He, Yuanhang and Huang, Daochao and Chen, Lei and Ni, Yi and Ma, Xiangjie},
  journal={Wireless Communications and Mobile Computing},
  volume={2022},
  number={1},
  pages={6476274},
  year={2022},
  publisher={Wiley Online Library}
}

@article{stafford2020zero,
  title={Zero trust architecture},
  author={Stafford, V},
  journal={NIST special publication},
  volume={800},
  pages={207},
  year={2020}
}

@ARTICLE{9773102,
  author={Syed, Naeem Firdous and Shah, Syed W. and Shaghaghi, Arash and Anwar, Adnan and Baig, Zubair and Doss, Robin},
  journal={IEEE Access}, 
  title={Zero Trust Architecture (ZTA): A Comprehensive Survey}, 
  year={2022},
  volume={10},
  number={},
  pages={57143-57179},
  keywords={Access control;Authentication;Computer architecture;NIST;Encryption;Critical infrastructure;Automation;Zero trust architecture (ZTA);access control;authentication;micro-segmentation;software-defined parameter (SDP)},
  doi={10.1109/ACCESS.2022.3174679}}

@article{teerakanok2021migrating,
  title={Migrating to zero trust architecture: Reviews and challenges},
  author={Teerakanok, Songpon and Uehara, Tetsutaro and Inomata, Atsuo},
  journal={Security and Communication Networks},
  volume={2021},
  number={1},
  pages={9947347},
  year={2021},
  publisher={Wiley Online Library}
}

@article{chen2020security,
  title={A security awareness and protection system for 5G smart healthcare based on zero-trust architecture},
  author={Chen, Baozhan and Qiao, Siyuan and Zhao, Jie and Liu, Dongqing and Shi, Xiaobing and Lyu, Minzhao and Chen, Haotian and Lu, Huimin and Zhai, Yunkai},
  journal={IEEE internet of things journal},
  volume={8},
  number={13},
  pages={10248--10263},
  year={2020},
  publisher={IEEE}
}

@inproceedings{yao2020dynamic,
  title={Dynamic access control and authorization system based on zero-trust architecture},
  author={Yao, Qigui and Wang, Qi and Zhang, Xiaojian and Fei, Jiaxuan},
  booktitle={Proceedings of the 2020 1st international conference on control, robotics and intelligent system},
  pages={123--127},
  year={2020}
}

@article{guo2023intelligent,
  title={An intelligent zero trust secure framework for software defined networking},
  author={Guo, Xian and Xian, Hongbo and Feng, Tao and Jiang, Yongbo and Zhang, Di and Fang, Junli},
  journal={PeerJ Computer Science},
  volume={9},
  pages={e1674},
  year={2023},
  publisher={PeerJ Inc.}
}

@inproceedings{vanickis2018access,
  title={Access control policy enforcement for zero-trust-networking},
  author={Vanickis, Romans and Jacob, Paul and Dehghanzadeh, Sohelia and Lee, Brian},
  booktitle={2018 29th Irish Signals and Systems Conference (ISSC)},
  pages={1--6},
  year={2018},
  organization={IEEE}
}

@techreport{gligor2022zero,
  title={Zero Trust in Zero Trust},
  author={Gligor, Virgil D},
  year={2022},
  institution={CMU CyLab Technical Report 22--002 December 17}
}

@INPROCEEDINGS{6062066,
  author={Schneider, Fred B.},
  booktitle={2010 ACM/IEEE 32nd International Conference on Software Engineering}, 
  title={Beyond hacking: an SOS!}, 
  year={2010},
  volume={1},
  number={},
  pages={2-2},
  keywords={Software engineering;Conferences;Cities and towns;Communities;Education;Software;Facsimile},
  doi={10.1145/1806799.1806802}
}

@article{lampson2009privacy,
  title={Privacy and security usable security: how to get it},
  author={Lampson, Butler},
  journal={Communications of the ACM},
  volume={52},
  number={11},
  pages={25--27},
  year={2009},
  publisher={ACM New York, NY, USA}
}

@inproceedings{rammal2024communication,
  title={Communication compression for byzantine robust learning: New efficient algorithms and improved rates},
  author={Rammal, Ahmad and Gruntkowska, Kaja and Fedin, Nikita and Gorbunov, Eduard and Richt{\'a}rik, Peter},
  booktitle={International Conference on Artificial Intelligence and Statistics},
  pages={1207--1215},
  year={2024},
  organization={PMLR}
}

@inproceedings{thapngam2011discriminating,
  title={Discriminating DDoS attack traffic from flash crowd through packet arrival patterns},
  author={Thapngam, Theerasak and Yu, Shui and Zhou, Wanlei and Beliakov, Gleb},
  booktitle={2011 IEEE conference on computer communications workshops (INFOCOM WKSHPS)},
  pages={952--957},
  year={2011},
  organization={IEEE}
}

@article{feghhi2016web,
  title={A web traffic analysis attack using only timing information},
  author={Feghhi, Saman and Leith, Douglas J},
  journal={IEEE Transactions on Information Forensics and Security},
  volume={11},
  number={8},
  pages={1747--1759},
  year={2016},
  publisher={IEEE}
}

@article{meghdouri2018analysis,
  title={Analysis of lightweight feature vectors for attack detection in network traffic},
  author={Meghdouri, Fares and Zseby, Tanja and Iglesias, F{\'e}lix},
  journal={Applied Sciences},
  volume={8},
  number={11},
  pages={2196},
  year={2018},
  publisher={MDPI}
}

@article{koning2023performance,
  title={Performance analysis of an offline digital Euro prototype},
  author={Koning, Robbert},
  year={2023}
}

@article{kempen2024offline,
  title={Offline Digital Euro: a Minimum Viable CBDC using Groth-Sahai proofs},
  author={Kempen, Leon and Pouwelse, Johan},
  journal={arXiv preprint arXiv:2407.13776},
  year={2024}
}

@ARTICLE{8771111,
  author={Abou El Houda, Zakaria and Hafid, Abdelhakim Senhaji and Khoukhi, Lyes},
  journal={IEEE Access}, 
  title={Cochain-SC: An Intra- and Inter-Domain Ddos Mitigation Scheme Based on Blockchain Using SDN and Smart Contract}, 
  year={2019},
  volume={7},
  number={},
  pages={98893-98907},
  keywords={Computer crime;Collaboration;Blockchain;Smart contracts;Entropy;DDoS;entropy;Bayes classifier;SDN;intra-domain mitigation;inter-domain collaboration;blockchain technology;smart contracts},
  doi={10.1109/ACCESS.2019.2930715}}

@article{bertino2021zero,
  title={Zero trust architecture: does it help?},
  author={Bertino, Elisa},
  journal={IEEE Security \& Privacy},
  volume={19},
  number={05},
  pages={95--96},
  year={2021},
  publisher={IEEE Computer Society}
}

@article{zanasi2024flexible,
  title={Flexible zero trust architecture for the cybersecurity of industrial IoT infrastructures},
  author={Zanasi, Claudio and Russo, Silvio and Colajanni, Michele},
  journal={Ad Hoc Networks},
  volume={156},
  pages={103414},
  year={2024},
  publisher={Elsevier}
}

@INPROCEEDINGS{8473444,
  author={Samaniego, Mayra and Deters, Ralph},
  booktitle={2018 IEEE International Congress on Internet of Things (ICIOT)}, 
  title={Zero-Trust Hierarchical Management in IoT}, 
  year={2018},
  volume={},
  number={},
  pages={88-95},
  keywords={Data mining;Reliability;Internet of Things;Contracts;Middleware;Internet of Things;Blockchain;Hierarchical Mining;Zero-Trust Management;Edge Computing},
  doi={10.1109/ICIOT.2018.00019}}

@article{ward2014beyondcorp,
  title={Beyondcorp: A new approach to enterprise security},
  author={Ward, Rory and Beyer, Betsy},
  journal={; login:: the magazine of USENIX \& SAGE},
  volume={39},
  number={6},
  pages={6--11},
  year={2014},
  publisher={USENIX Association}
}

@article{escobedo2017beyondcorp,
  title={BeyondCorp: The user experience},
  author={Escobedo, Victor and Beyer, Betsy and Saltonstall, Max and Zyzniewski, Filip},
  journal={Login},
  volume={42},
  number={3},
  pages={38--43},
  year={2017}
}

@article{peck2017migrating,
  title={Migrating to BeyondCorp: maintaining productivity while improving security},
  author={Peck, Jeff and Beyer, Betsy and Beske, Colin and Saltonstall, Max},
  journal={Login},
  volume={42},
  number={2},
  pages={1--7},
  year={2017}
}

@misc{openzitiWhatOpenZiti,
	author = {},
	title = {{W}hat is {O}pen{Z}iti? | {O}pen{Z}iti --- openziti.io},
	howpublished = {\url{https://openziti.io/docs/learn/introduction/}},
	year = {},
	note = {[Accessed 04-10-2024]},
}

@misc{openzitiHardwareSecurity,
	author = {},
	title = {{H}ardware {S}ecurity {M}odules | {O}pen{Z}iti --- openziti.io},
	howpublished = {\url{https://openziti.io/docs/guides/hsm/#enabling-a-ziti-endpoint-using-an-hsm}},
	year = {},
	note = {[Accessed 04-10-2024]},
}

@article{chigada2021cyberattacks,
  title={Cyberattacks and threats during COVID-19: A systematic literature review},
  author={Chigada, Joel and Madzinga, Rujeko},
  journal={South African Journal of Information Management},
  volume={23},
  number={1},
  pages={1--11},
  year={2021},
  publisher={AOSIS Publishing}
}

@article{gonccalves2023beyondcorp,
  title={BeyondCorp and the long tail of Zero Trust},
  author={Gon{\c{c}}alves, Guilherme and O'Malley, Kyle and Saltonstall, Max and others},
  year={2023}
}

@INPROCEEDINGS{9104214,
  author={Mehraj, Saima and Banday, M. Tariq},
  booktitle={2020 International Conference on Computer Communication and Informatics (ICCCI)}, 
  title={Establishing a Zero Trust Strategy in Cloud Computing Environment}, 
  year={2020},
  volume={},
  number={},
  pages={1-6},
  keywords={Zero Trust Strategy;Trust Management System;Incipient Technology;Objective Trust;Subjective Trust},
  doi={10.1109/ICCCI48352.2020.9104214}}

@article{ferretti2021survivable,
  title={Survivable zero trust for cloud computing environments},
  author={Ferretti, Luca and Magnanini, Federico and Andreolini, Mauro and Colajanni, Michele},
  journal={Computers \& Security},
  volume={110},
  pages={102419},
  year={2021},
  publisher={Elsevier}
}

@ARTICLE{10646352,
  author={Alsulami, Faris and Kulkarni, Akshay R. and Hazari, Noor Ahmad and Niamat, Mohammed Y.},
  journal={IEEE Access}, 
  title={ZEBRA: Zero Trust Architecture Employing Blockchain Technology and ROPUF for AMI Security}, 
  year={2024},
  volume={12},
  number={},
  pages={119868-119883},
  keywords={Blockchains;Authentication;Smart grids;Smart meters;Internet of Things;Zero Trust;Hardware security;Ring oscillators;Physical unclonable function;Advanced metering infrastructure;blockchain technology;hardware security;ring oscillator physical unclonable functions;zero trust architecture},
  doi={10.1109/ACCESS.2024.3449702}}

@inproceedings{liu2011trustguard,
  title={TrustGuard: A flow-level reputation-based DDoS defense system},
  author={Liu, Haiqin and Sun, Yan and Valgenti, Victor C and Kim, Min Sik},
  booktitle={2011 IEEE Consumer Communications and Networking Conference (CCNC)},
  pages={287--291},
  year={2011},
  organization={IEEE}
}

@inproceedings{srivatsa2005trustguard,
  title={TrustGuard: countering vulnerabilities in reputation management for decentralized overlay networks},
  author={Srivatsa, Mudhakar and Xiong, Li and Liu, Ling},
  booktitle={Proceedings of the 14th international conference on World Wide Web},
  pages={422--431},
  year={2005}
}

@article{hiesgen2022race,
  title={The race to the vulnerable: Measuring the log4j shell incident},
  author={Hiesgen, Raphael and Nawrocki, Marcin and Schmidt, Thomas C and W{\"a}hlisch, Matthias},
  journal={arXiv preprint arXiv:2205.02544},
  year={2022}
}

@article{ogundipe2024shaky,
  title={The shaky foundation of global technology: A case study of the 2024 crowdstrike outage},
  author={Ogundipe, Olugbenro and Aweto, Tejiri},
  year={2024}
}

@misc{asmlResponsibleSupply,
	author = {},
	title = {{R}esponsible supply chain - {W}orking with our suppliers to become a sustainable leader in our industry --- asml.com},
	howpublished = {\url{https://www.asml.com/en/company/sustainability/responsible-supply-chain}},
	year = {},
	note = {[Accessed 12-10-2024]},
}

@article{janoky2018analysis,
  title={An analysis on the revoking mechanisms for JSON Web Tokens},
  author={J{\'a}noky, L{\'a}szl{\'o} Viktor and Levendovszky, J{\'a}nos and Ekler, P{\'e}ter},
  journal={International Journal of Distributed Sensor Networks},
  volume={14},
  number={9},
  pages={1550147718801535},
  year={2018},
  publisher={SAGE Publications Sage UK: London, England}
}

@misc{audiResponsibilitySupply,
	author = {},
	title = {{R}esponsibility in the supply chain | audi.com --- audi.com},
	howpublished = {\url{https://www.audi.com/en/sustainability/people-society/responsibility-in-the-supply-chain.html}},
	year = {},
	note = {[Accessed 01-12-2024]},
}

@article{naseer2024crowdstrike,
  title={The crowdstrike incident: Analysis and unveiling the intricacies of modern cybersecurity breaches},
  author={Naseer, Iqra},
  journal={World Journal of Advanced Engineering Technology and Sciences},
  volume={10},
  year={2024}
}

@inproceedings{frigieri2015m2m,
  title={M2M protocols for constrained environments in the context of IoT: A comparison of approaches},
  author={Frigieri, Edielson P and Mazzer, Daniel and Parreira, LFCG},
  booktitle={International Telecommunications Symposium},
  pages={5},
  year={2015},
  organization={sn}
}

@article{dinculeanua2019vulnerabilities,
  title={Vulnerabilities and limitations of MQTT protocol used between IoT devices},
  author={Dinculean{\u{a}}, Dan and Cheng, Xiaochun},
  journal={Applied Sciences},
  volume={9},
  number={5},
  pages={848},
  year={2019},
  publisher={MDPI}
}

@book{ristic2010modsecurity,
  title={Modsecurity handbook},
  author={Ristic, Ivan},
  year={2010},
  publisher={Feisty Duck}
}

@INPROCEEDINGS{8711673,
  author={Jain, Trapti and Jain, Nakul},
  booktitle={2019 6th International Conference on Signal Processing and Integrated Networks (SPIN)}, 
  title={Framework for Web Application Vulnerability Discovery and Mitigation by Customizing Rules Through ModSecurity}, 
  year={2019},
  volume={},
  number={},
  pages={643-648},
  keywords={Tools;Instruction sets;Databases;Firewalls (computing);Servers;Testing;Web application;Vulnerability discovery;ModSecurity;Multi-threading;Wireless;Firewall;Security},
  doi={10.1109/SPIN.2019.8711673}}

@inproceedings{singh2018impact,
  title={Impact of paranoia levels on the effectiveness of the modsecurity web application firewall},
  author={Singh, Jatesh Jagraj and Samuel, Hamman and Zavarsky, Pavol},
  booktitle={2018 1st International Conference on Data Intelligence and Security (ICDIS)},
  pages={141--144},
  year={2018},
  organization={IEEE}
}

@article{akbar2018sql,
  title={Sql injection and cross site scripting prevention using owasp modsecurity web application firewall},
  author={Akbar, Memen and Ridha, Muhammad Arif Fadhly and others},
  journal={JOIV: International Journal on Informatics Visualization},
  volume={2},
  number={4},
  pages={286--292},
  year={2018}
}

@article{lakhno2022experimental,
  title={Experimental studies of the features of using waf to protect internal services in the zero trust structure},
  author={Lakhno, V and Blozva, A and Kasatkin, D and Chubaievskyi, V and Shestak, Y and Tyshchenko, D and Brzhanov, R},
  journal={J Theor Appl Inf Technol},
  volume={100},
  number={3},
  pages={705--721},
  year={2022}
}

@mastersthesis{keijer2019automated,
  title={Automated DDoS mitigation based on known attacks using a web application firewall},
  author={Keijer, Julik S},
  type={{B.S.} thesis},
  year={2019},
  school={University of Twente}
}