@article{Boyer2011,
  title={Algorithms to automatically quantify the geometric similarity of anatomical surfaces},
  author={Boyer, Doug M. and Lipman, Yonatan and St Clair, Elizabeth M. and Puente, Jorge and Patel, Biren A. and Funkhouser, Thomas A. and Jernvall, Jukka},
  journal={Proceedings of the National Academy of Sciences},
  volume={108},
  number={45},
  pages={18221--18226},
  year={2011},
  publisher={National Academy of Sciences},
  doi={10.1073/pnas.1112822108}
}

@article{Gao2021,
  title={The diffusion geometry of fibre bundles: Horizontal diffusion maps},
  author={Gao, Michael},
  journal={Applied and Computational Harmonic Analysis},
  volume={50},
  pages={147--215},
  year={2021},
  publisher={Elsevier},
  doi={10.1016/j.acha.2019.11.005}
}

@article{StClair2016,
  title={Lower molar shape and size in prosimian and platyrrhine primates},
  author={St Clair, Elizabeth M. and Boyer, Doug M.},
  journal={American Journal of Physical Anthropology},
  volume={161},
  number={2},
  pages={237--258},
  year={2016},
  publisher={Wiley Online Library},
  doi={10.1002/ajpa.23020}
}

@misc{achlioptas2018learning,
      title={Learning Representations and Generative Models for 3D Point Clouds}, 
      author={Panos Achlioptas and Olga Diamanti and Ioannis Mitliagkas and Leonidas Guibas},
      year={2018},
      eprint={1707.02392},
      archivePrefix={arXiv},
      primaryClass={cs.CV},
      url={https://arxiv.org/abs/1707.02392}, 
}

@misc{cao2022,
      title={Approximating Persistent Homology for Large Datasets}, 
      author={Yueqi Cao and Anthea Monod},
      year={2022},
      eprint={2204.09155},
      archivePrefix={arXiv},
      primaryClass={stat.ML},
      url={https://arxiv.org/abs/2204.09155}, 
}

@misc{qi2017,
      title={PointNet: Deep Learning on Point Sets for 3D Classification and Segmentation}, 
      author={Charles R. Qi and Hao Su and Kaichun Mo and Leonidas J. Guibas},
      year={2017},
      eprint={1612.00593},
      archivePrefix={arXiv},
      primaryClass={cs.CV},
      url={https://arxiv.org/abs/1612.00593}, 
}

@misc{qi2017pointnetplus,
      title={PointNet++: Deep Hierarchical Feature Learning on Point Sets in a Metric Space}, 
      author={Charles R. Qi and Li Yi and Hao Su and Leonidas J. Guibas},
      year={2017},
      eprint={1706.02413},
      archivePrefix={arXiv},
      primaryClass={cs.CV},
      url={https://arxiv.org/abs/1706.02413}, 
}

@misc{robertson2024,
      title={On a Generalization of Wasserstein Distance and the Beckmann Problem to Connection Graphs}, 
      author={Sawyer Robertson and Dhruv Kohli and Gal Mishne and Alexander Cloninger},
      year={2024},
      eprint={2312.10295},
      archivePrefix={arXiv},
      primaryClass={math.OC},
      url={https://arxiv.org/abs/2312.10295}, 
}

@misc{wang2019,
      title={Dynamic Graph CNN for Learning on Point Clouds}, 
      author={Yue Wang and Yongbin Sun and Ziwei Liu and Sanjay E. Sarma and Michael M. Bronstein and Justin M. Solomon},
      year={2019},
      eprint={1801.07829},
      archivePrefix={arXiv},
      primaryClass={cs.CV},
      url={https://arxiv.org/abs/1801.07829}, 
}

@misc{werenski2024,
      title={Linearized Wasserstein Barycenters: Synthesis, Analysis, Representational Capacity, and Applications}, 
      author={Matthew Werenski and Brendan Mallery and Shuchin Aeron and James M. Murphy},
      year={2024},
      eprint={2410.23602},
      archivePrefix={arXiv},
      primaryClass={stat.ML},
      url={https://arxiv.org/abs/2410.23602}, 
}

@inproceedings{zaheer2017deepsets,
  title={Deep Sets},
  author={Zaheer, Manzil and Kottur, Satwik and Ravanbakhsh, Siamak and P{\'o}czos, Barnab{\'a}s and Salakhutdinov, Ruslan and Smola, Alexander},
  booktitle={Advances in Neural Information Processing Systems (NeurIPS)},
  volume={30},
  year={2017}
}

