@inproceedings{kour2014real,
  title={Real-time segmentation of on-line handwritten arabic script},
  author={Kour, George and Saabne, Raid},
  booktitle={Frontiers in Handwriting Recognition (ICFHR), 2014 14th International Conference on},
  pages={417--422},
  year={2014},
  organization={IEEE}
}

@inproceedings{kour2014fast,
  title={Fast classification of handwritten on-line Arabic characters},
  author={Kour, George and Saabne, Raid},
  booktitle={Soft Computing and Pattern Recognition (SoCPaR), 2014 6th International Conference of},
  pages={312--318},
  year={2014},
  organization={IEEE}
}

@article{hadash2018estimate,
  title={Estimate and Replace: A Novel Approach to Integrating Deep Neural Networks with Existing Applications},
  author={Hadash, Guy and Kermany, Einat and Carmeli, Boaz and Lavi, Ofer and Kour, George and Jacovi, Alon},
  journal={arXiv preprint arXiv:1804.09028},
  year={2018}
}

@article{PC19,
year = {2019},
volume = {11},
journal = {Foundations and Trends in Machine Learning},
title = {Computational Optimal Transport},
number = {5-6},
pages = {355--607},
author = {Gabriel Peyr\'e and Marco Cuturi}
}

@article{otto2001geometry,
author = {Felix Otto},
title = {The Geometry of Dissipative Evolution Equations: The Porus Medium Equation},
journal = {Communications in Partial Differential Equations},
volume = {26},
number = {1-2},
pages = {101--174},
year = {2001},
publisher = {Taylor \& Francis},
doi = {10.1081/PDE-100002243},
}


@Book{barrett2004foundations,
  title     = {Foundations of Image Science},
  publisher = {New York, NY: John Wiley \& Sons},
  year      = {2004},
  author    = {Barrett, HH and Myers, KJ},
  review    = {Review of a thing},
}

@Book{berger2013statistical,
  title     = {Statistical decision theory and Bayesian analysis},
  publisher = {Springer Science \& Business Media},
  year      = {2013},
  author    = {Berger, James O},
}
@article{flamary2021pot,
  author  = {R{\'e}mi Flamary and Nicolas Courty and Alexandre Gramfort and Mokhtar Z. Alaya and Aur{\'e}lie Boisbunon and Stanislas Chambon and Laetitia Chapel and Adrien Corenflos and Kilian Fatras and Nemo Fournier and L{\'e}o Gautheron and Nathalie T.H. Gayraud and Hicham Janati and Alain Rakotomamonjy and Ievgen Redko and Antoine Rolet and Antony Schutz and Vivien Seguy and Danica J. Sutherland and Romain Tavenard and Alexander Tong and Titouan Vayer},
  title   = {POT: Python Optimal Transport},
  journal = {Journal of Machine Learning Research},
  year    = {2021},
  volume  = {22},
  number  = {78},
  pages   = {1-8},
  url     = {http://jmlr.org/papers/v22/20-451.html}
}
@book{steinwart2008support,
  title={Support vector machines},
  author={Steinwart, Ingo and Christmann, Andreas},
  year={2008},
  publisher={Springer Science \& Business Media}
}
@article{negrini2024applications,
  title={Applications of no-collision transportation maps in manifold learning},
  author={Negrini, Elisa and Nurbekyan, Levon},
  journal={SIAM Journal on Mathematics of Data Science},
  volume={6},
  number={1},
  pages={97--126},
  year={2024},
  publisher={SIAM}
}
@article{young1938discussion,
  title={Discussion of a set of points in terms of their mutual distances},
  author={Young, Gale and Householder, Aiston S},
  journal={Psychometrika},
  volume={3},
  number={1},
  pages={19--22},
  year={1938},
  publisher={Springer}
}

@book{goodfellow2016deep,
  title={Deep learning},
  author={Goodfellow, Ian and Bengio, Yoshua and Courville, Aaron and Bengio, Yoshua},
  volume={1},
  number={2},
  year={2016},
  publisher={MIT press Cambridge}
}

@InProceedings{bigot2017geodesic,
  author       = {Bigot, J{\'e}r{\'e}mie and Gouet, Ra{\'u}l and Klein, Thierry and L{\'o}pez, Alfredo and others},
  title        = {Geodesic PCA in the Wasserstein space by Convex PCA},
  booktitle    = {Annales de l'Institut Henri Poincar{\'e}, Probabilit{\'e}s et Statistiques},
  year         = {2017},
  volume       = {53},
  number       = {1},
  pages        = {1--26},
  organization = {Institut Henri Poincar{\'e}},
}

@Book{bogachev1998gaussian,
  title     = {Gaussian measures},
  publisher = {American Mathematical Society Providence},
  year      = {1998},
  author    = {Bogachev, Vladimir Igorevich},
  volume    = {62},
}

@Book{gelfand1964generalized,
  title     = {Generalized functions, vol. 4: applications of harmonic analysis},
  publisher = {Academic Press},
  year      = {1964},
  author    = {Gel'fand, I.M. and Vilenkin, N.Ya},
  address   = {New York},
  note      = {Translated by Amiel Feinstein.},
  journal   = {Academic Press, New York},
}

@book {santambrogio2015optimal,
    AUTHOR = {Santambrogio, Filippo},
     TITLE = {Optimal transport for applied mathematicians},
    SERIES = {Progress in Nonlinear Differential Equations and their
              Applications},
    VOLUME = {87},
      NOTE = {Calculus of variations, PDEs, and modeling},
 PUBLISHER = {Birkh\"{a}user/Springer, Cham},
      YEAR = {2015}
}

@article{gangbo2019unnormalized,
  title={Unnormalized optimal transport},
  author={Gangbo, Wilfrid and Li, Wuchen and Osher, Stanley and Puthawala, Michael},
  journal={Journal of Computational Physics},
  volume={399},
  pages={108940},
  year={2019},
  publisher={Elsevier}
}
@book{burago2001course,
  title={A course in metric geometry},
  author={Burago, Dmitri and Burago, IUrii Dmitrievich and Burago, Yuri and Ivanov, Sergei A and Ivanov, Sergei},
  volume={33},
  year={2001},
  publisher={American Mathematical Soc.}
}

@article{fefferman2016testing,
  title={Testing the manifold hypothesis},
  author={Fefferman, Charles and Mitter, Sanjoy and Narayanan, Hariharan},
  journal={Journal of the American Mathematical Society},
  volume={29},
  number={4},
  pages={983--1049},
  year={2016}
}
@article{mueller2022geometric,
  title={Geometric Sparse Coding in {W}asserstein Space},
  author={Mueller, Marshall and Aeron, Shuchin and Murphy, James M and Tasissa, Abiy},
  journal={arXiv preprint arXiv:2210.12135},
  year={2022}
}
@incollection{joyce2011kullback,
  title={Kullback-leibler divergence},
  author={Joyce, James M},
  booktitle={International encyclopedia of statistical science},
  pages={720--722},
  year={2011},
  publisher={Springer}
}

@article{mishne2016hierarchical,
  title={Hierarchical coupled-geometry analysis for neuronal structure and activity pattern discovery},
  author={Mishne, Gal and Talmon, Ronen and Meir, Ron and Schiller, Jackie and Lavzin, Maria and Dubin, Uri and Coifman, Ronald R},
  journal={IEEE Journal of Selected Topics in Signal Processing},
  volume={10},
  number={7},
  pages={1238--1253},
  year={2016},
  publisher={IEEE}
}

@inproceedings{solomon2014wasserstein,
  title={Wasserstein propagation for semi-supervised learning},
  author={Solomon, Justin and Rustamov, Raif and Guibas, Leonidas and Butscher, Adrian},
  booktitle={International Conference on Machine Learning},
  pages={306--314},
  year={2014}
}

@InProceedings{arjovsky2017wasserstein, 
  title = {{W}asserstein Generative Adversarial Networks}, 
  author = {Martin Arjovsky and Soumith Chintala and L{\'e}on Bottou},  
  pages = {214--223}, 
  year = {2017}, 
  editor = {Doina Precup and Yee Whye Teh}, 
  volume = {70}, 
  booktitle = {Proceedings of Machine Learning Research}, 
  publisher = {PMLR}
}


@inproceedings{WassersteinProximal,
  author    = {Alex Tong Lin and
               Wuchen Li and
               Stanley J. Osher and
               Guido Mont{\'{u}}far},
  editor    = {Frank Nielsen and
               Fr{\'{e}}d{\'{e}}ric Barbaresco},
  title     = {Wasserstein Proximal of {GAN}s},
  booktitle = {Geometric Science of Information - 5th International Conference, {GSI}
               2021, Paris, France, July 21-23, 2021, Proceedings},
  series    = {Lecture Notes in Computer Science},
  volume    = {12829},
  pages     = {524--533},
  publisher = {Springer},
  year      = {2021},
  url       = {https://doi.org/10.1007/978-3-030-80209-7\_57},
  doi       = {10.1007/978-3-030-80209-7\_57},
  timestamp = {Tue, 27 Jul 2021 08:30:21 +0200},
  biburl    = {https://dblp.org/rec/conf/gsi/LinLOM21.bib},
  bibsource = {dblp computer science bibliography, https://dblp.org}
}
@InProceedings{WassersteinGAN,
  title = 	 {{W}asserstein Generative Adversarial Networks},
  author =       {Martin Arjovsky and Soumith Chintala and L{\'e}on Bottou},
  booktitle = 	 {Proceedings of the 34th International Conference on Machine Learning},
  pages = 	 {214--223},
  year = 	 {2017},
  editor = 	 {Precup, Doina and Teh, Yee Whye},
  volume = 	 {70},
  series = 	 {Proceedings of Machine Learning Research},
  month = 	 {06--11 Aug},
  publisher =    {PMLR},
  pdf = 	 {http://proceedings.mlr.press/v70/arjovsky17a/arjovsky17a.pdf},
  url = 	 {https://proceedings.mlr.press/v70/arjovsky17a.html},
}
@article{sturm2006geometry,
  title={On the geometry of metric measure spaces},
  author={Sturm, Karl-Theodor},
  journal={Acta mathematica},
  volume={196},
  number={1},
  pages={65--131},
  year={2006},
  publisher={Institut Mittag-Leffler}
}
@article{aldroubi2021partitioning,
  title={Partitioning signal classes using transport transforms for data analysis and machine learning},
  author={Aldroubi, Akram and Li, Shiying and Rohde, Gustavo K},
  journal={Sampling Theory, Signal Processing, and Data Analysis},
  volume={19},
  number={1},
  pages={1--25},
  year={2021},
  publisher={Springer}
}
@article{moosmuller2020linear,
  title={Linear Optimal Transport Embedding: Provable {W}asserstein classification for certain rigid transformations and perturbations},
  author={Moosm{\"u}ller, Caroline and Cloninger, Alexander},
  journal={Information and Inference: A Journal of the IMA},
  volume={12},
  number={1},
  pages={363--389},
  year={2023}
}
@article{khurana2022supervised,
  title={Supervised learning of sheared distributions using linearized optimal transport},
  author={Khurana, Varun and Kannan, Harish and Cloninger, Alexander and Moosm{\"u}ller, Caroline},
  journal = {Sampling Theory, Signal Processing, and Data Analysis},
  volume = {21},
  number = {1},
  year={2023}
}
@article{kileel2021manifold,
  title={Manifold learning with arbitrary norms},
  author={Kileel, Joe and Moscovich, Amit and Zelesko, Nathan and Singer, Amit},
  journal={Journal of Fourier Analysis and Applications},
  volume={27},
  number={5},
  pages={1--56},
  year={2021},
  publisher={Springer}
}
@article{mcinnes2018umap,
  title={{UMAP}: Uniform Manifold Approximation and Projection},
  author={McInnes, Leland and Healy, John and Saul, Nathaniel and Gro{\ss}berger, Lukas},
  journal={Journal of Open Source Software},
  volume={3},
  number={29},
  year={2018}
}
@article{donoho2003hessian,
  title={Hessian eigenmaps: Locally linear embedding techniques for high-dimensional data},
  author={Donoho, David L and Grimes, Carrie},
  journal={Proceedings of the National Academy of Sciences},
  volume={100},
  number={10},
  pages={5591--5596},
  year={2003},
  publisher={National Acad Sciences}
}

@Article{kolouri2016radon,
  author    = {Kolouri, Soheil and Park, Se Rim and Rohde, Gustavo K},
  title     = {The {R}adon cumulative distribution transform and its application to image classification},
  journal   = {IEEE transactions on image processing},
  year      = {2016},
  volume    = {25},
  number    = {2},
  pages     = {920--934},
  publisher = {IEEE},
}

@Book{lord2014introduction,
  title     = {Introduction to Computational Stochastic {PDE}s},
  publisher = {Cambridge},
  year      = {2014},
  author    = {Gabriel J. Lord and Catherine E. Powell and Tony Shardlow},
  owner     = {nick},
  timestamp = {2017.02.01},
}

@Article{rasmussen2006gaussian,
  author    = {Rasmussen, Carl Edward},
  title     = {Gaussian processes for machine learning},
  year      = {2006},
  publisher = {Citeseer},
}

@Book{sullivan2015introduction,
  title     = {Introduction to Uncertainty Quantification},
  publisher = {Springer},
  year      = {2015},
  author    = {T.J. Sullivan},
}




@article{donoho2005image,
  title={Image manifolds which are isometric to {E}uclidean space},
  author={Donoho, David L and Grimes, Carrie},
  journal={Journal of Mathematical Imaging and Vision},
  volume={23},
  number={1},
  pages={5--24},
  year={2005},
  publisher={Springer}
}

@article{peyre2019computational,
  title={Computational optimal transport: with applications to data science},
  author={Peyr{\'e}, Gabriel and Cuturi, Marco},
  journal={Foundations and Trends in Machine Learning},
  volume={11},
  number={5-6},
  pages={355--607},
  year={2019},
  publisher={Now Publishers, Inc.}
}
@article{peyre2009manifold,
  title={Manifold models for signals and images},
  author={Peyr{\'e}, Gabriel},
  journal={Computer Vision and Image Understanding},
  volume={113},
  number={2},
  pages={249--260},
  year={2009},
  publisher={Elsevier}
}

@article{chen2012nonlinear,
  title={Nonlinear manifold representations for functional data},
  author={Chen, Dong and M{\"u}ller, Hans-Georg and others},
  journal={The Annals of Statistics},
  volume={40},
  number={1},
  pages={1--29},
  year={2012},
  publisher={Institute of Mathematical Statistics}
}



@Book{fukunaga2013introduction,
  Title                    = {Introduction to Statistical Pattern Recognition},
  Author                   = {Fukunaga, Keinosuke},
  Publisher                = {Academic press},
  Year                     = {2013}
}


@book{ambrosio2008gradient,
  title={Gradient Flows: in Metric Spaces and in the Space of Probability Measures},
  author={Ambrosio, Luigi and Gigli, Nicola and Savar{\'e}, Giuseppe},
  year={2008},
  publisher={Springer Science \& Business Media}
}

@article{pooladian2021,
  doi = {10.48550/ARXIV.2109.12004},
  url = {https://arxiv.org/abs/2109.12004},
  author = {Pooladian, Aram-Alexandre and Niles-Weed, Jonathan},
  keywords = {Statistics Theory (math.ST), Machine Learning (stat.ML), FOS: Mathematics, FOS: Mathematics, FOS: Computer and information sciences, FOS: Computer and information sciences, 62G05},
  title = {Entropic estimation of optimal transport maps},
  journal = {arXiv:2109.12004},
  year = {2021},
  copyright = {arXiv.org perpetual, non-exclusive license}
}




@techreport{bernstein2000graph,
  title={Graph approximations to geodesics on embedded manifolds},
  author={Bernstein, Mira and De Silva, Vin and Langford, John C and Tenenbaum, Joshua B},
  year={2000},
  institution={Citeseer}
}


@article{torgerson1952multidimensional,
  title={Multidimensional scaling: I. Theory and method},
  author={Torgerson, Warren S},
  journal={Psychometrika},
  volume={17},
  number={4},
  pages={401--419},
  year={1952},
  publisher={Springer}
}

@inproceedings{zha2003isometric,
  title={Isometric embedding and continuum {ISOMAP}},
  author={Zha, Hongyuan and Zhang, Zhenyue},
  booktitle={Proceedings of the 20th International Conference on Machine Learning (ICML-03)},
  pages={864--871},
  year={2003}
}
@inproceedings{bonneel2011displacement,
  title={Displacement interpolation using Lagrangian mass transport},
  author={Bonneel, Nicolas and Van De Panne, Michiel and Paris, Sylvain and Heidrich, Wolfgang},
  booktitle={Proceedings of the 2011 SIGGRAPH Asia conference},
  pages={1--12},
  year={2011}
}
@techreport{mardia1979multivariate,
  title={Multivariate analysis},
  author={Mardia, Kantilal Varichand},
  year={1979}
}


@article{budninskiy2018parallel,
  title={Parallel Transport Unfolding: A Connection-Based Manifold Learning Approach},
  author={Budninskiy, Max and Yin, Gloria and Feng, Leman and Tong, Yiying and Desbrun, Mathieu},
  journal={SIAM Journal on Applied Algebra and Geometry},
  volume={3},
  number={2},
  year={2019}
}

@article{roweis2000nonlinear,
  title={Nonlinear dimensionality reduction by locally linear embedding},
  author={Roweis, Sam T and Saul, Lawrence K},
  journal={Science},
  volume={290},
  number={5500},
  pages={2323--2326},
  year={2000},
  publisher={American Association for the Advancement of Science}
}
@article{silva2002global,
  title={Global versus local methods in nonlinear dimensionality reduction},
  author={Silva, Vin and Tenenbaum, Joshua},
  journal={Advances in Neural Information Processing Systems},
  volume={15},
  pages={721--728},
  year={2002}
}


@article{tenenbaum2000global,
  title={A global geometric framework for nonlinear dimensionality reduction},
  author={Tenenbaum, Joshua B and De Silva, Vin and Langford, John C},
  journal={Science},
  volume={290},
  number={5500},
  pages={2319--2323},
  year={2000},
  publisher={American Association for the Advancement of Science}
}

@article{hinton2006reducing,
  title={Reducing the dimensionality of data with neural networks},
  author={Hinton, Geoffrey E and Salakhutdinov, Ruslan R},
  journal={Science},
  volume={313},
  number={5786},
  pages={504--507},
  year={2006},
  publisher={American Association for the Advancement of Science}
}
08v
@article{maaten2008visualizing,
  title={Visualizing data using t-{SNE}},
  author={Maaten, Laurens van der and Hinton, Geoffrey},
  journal={Journal of Machine Learning Research},
  volume={9},
  number={11},
  pages={2579--2605},
  year={2008}
}

@article{belkin2003laplacian,
  title={Laplacian eigenmaps for dimensionality reduction and data representation},
  author={Belkin, Mikhail and Niyogi, Partha},
  journal={Neural Computation},
  volume={15},
  number={6},
  pages={1373--1396},
  year={2003},
  publisher={MIT Press}
}
@article {kellerer1984duality,
  title = {Duality theorems for marginal problems},
  author = {Kellerer, Hans G},
  journal = {magazine for {\ "u} r probability theory and related areas},
  volume = {67},
  number = {4},
  pages = {399-432},
  year = {1984},
  publisher = {springer}
}

@article{dijkstra1959note,
  title={A note on two problems in connexion with graphs},
  author={Dijkstra, Edsger W and others},
  journal={Numerische Mathematik},
  volume={1},
  number={1},
  pages={269--271},
  year={1959}
}


@book{villani2003topics,
  title={Topics in Optimal Transportation},
  author={Villani, C{\'e}dric},
  number={58},
  year={2003},
  publisher={American Mathematical Soc.}
}

@book{villani2008optimal,
  title={Optimal Transport: Old and New},
  author={Villani, C{\'e}dric},
  volume={338},
  year={2008},
  publisher={Springer Science \& Business Media}
}


@article{rolland1992effect,
  title={Effect of random background inhomogeneity on observer detection performance},
  author={Rolland, J P and Barrett, Harrison H},
  journal={Journal of the Optical Society of America A},
  volume={9},
  number={5},
  pages={649--658},
  year={1992}
}


@article{barrett2015task,
  title={Task-based measures of image quality and their relation to radiation dose and patient risk},
  author={Barrett, Harrison H and Myers, Kyle J and Hoeschen, Christoph and Kupinski, Matthew A and Little, Mark P},
  journal={Physics in Medicine \& Biology},
  volume={60},
  number={2},
  pages={R1},
  year={2015},
  publisher={IOP Publishing}
}


@article{jha2015singular,
  title={Singular value decomposition for photon-processing nuclear imaging systems and applications for reconstruction and computing null functions},
  author={Jha, Abhinav K and Barrett, Harrison H and Frey, Eric C and Clarkson, Eric and Caucci, Luca and Kupinski, Matthew A},
  journal={Physics in Medicine \& Biology},
  volume={60},
  number={18},
  pages={7359},
  year={2015},
  publisher={IOP Publishing}
}

@article{barrett1990objective,
  title={Objective assessment of image quality: effects of quantum noise and object variability.},
  author={Barrett, Harrison H},
  journal={Journal of the Optical Society of America. A, Optics and Image Science},
  volume={7},
  number={7},
  pages={1266--1278},
  year={1990}
}


@article{jones2008manifold,
  title={Manifold parametrizations by eigenfunctions of the {L}aplacian and heat kernels},
  author={Jones, Peter W and Maggioni, Mauro and Schul, Raanan},
  journal={Proceedings of the National Academy of Sciences},
  volume={105},
  number={6},
  pages={1803--1808},
  year={2008},
  publisher={National Acad Sciences}
}


@article{lecun1998mnist,
  title={The {MNIST} database of handwritten digits},
  author={LeCun, Yann},
  journal={http://yann. lecun. com/exdb/mnist/},
  year={1998}
}

@article{schmitzer2016sparse,
  title={A sparse multiscale algorithm for dense optimal transport},
  author={Schmitzer, Bernhard},
  journal={Journal of Mathematical Imaging and Vision},
  volume={56},
  number={2},
  pages={238--259},
  year={2016},
  publisher={Springer}
}

@book{mallat1999wavelet,
  title={A wavelet tour of signal processing},
  author={Mallat, St{\'e}phane},
  year={1999},
  publisher={Elsevier}
}

@article{huang2017nonlinear,
  title={Nonlinear manifold learning for early warnings in financial markets},
  author={Huang, Yan and Kou, Gang and Peng, Yi},
  journal={European Journal of Operational Research},
  volume={258},
  number={2},
  pages={692--702},
  year={2017},
  publisher={Elsevier}
}

@book{lee2007nonlinear,
  title={Nonlinear Dimensionality Reduction},
  author={Lee, John A and Verleysen, Michel},
  year={2007},
  publisher={Springer Science \& Business Media}
}

@article{wang2016functional,
  title={Functional data analysis},
  author={Wang, Jane-Ling and Chiou, Jeng-Min and M{\"u}ller, Hans-Georg},
  journal={Annual Review of Statistics and Its Application},
  volume={3},
  pages={257--295},
  year={2016},
  publisher={Annual Reviews}
}

@article{benamou2000computational,
  title={A computational fluid mechanics solution to the Monge-Kantorovich mass transfer problem},
  author={Benamou, Jean-David and Brenier, Yann},
  journal={Numerische Mathematik},
  volume={84},
  number={3},
  pages={375--393},
  year={2000},
  publisher={Springer}
}
@article{brenier1991polar,
  title={Polar factorization and monotone rearrangement of vector-valued functions},
  author={Brenier, Yann},
  journal={Communications on pure and applied mathematics},
  volume={44},
  number={4},
  pages={375--417},
  year={1991},
  publisher={Wiley Online Library}
}
@article{kolouri2017optimal,
  title={Optimal mass transport: signal processing and machine-learning applications},
  author={Kolouri, Soheil and Park, Se Rim and Thorpe, Matthew and Slepcev, Dejan and Rohde, Gustavo K},
  journal={IEEE signal processing magazine},
  volume={34},
  number={4},
  pages={43--59},
  year={2017},
  publisher={IEEE}
}

@article{wei13,
title = {A Linear Optimal Transportation Framework for Quantifying and Visualizing Variations in Sets of Images},
author = {Wei Wang and Dejan Slep\v{c}ev and Saurav Basu and John A. Ozolek and Gustavo K. Rohde},
journal = { Int J Comput Vis},
volume = {101},
pages = {254--269},
year = {2013},
doi = {10.1007/s11263-012-0566-z}
}

@article{park18,
    title = "The cumulative distribution transform and linear pattern classification",
    journal = "Applied and Computational Harmonic Analysis",
    volume = "45",
    number = "3",
    pages = "616 - 641",
    year = "2018",
    issn = "1063-5203",
    doi = "https://doi.org/10.1016/j.acha.2017.02.002",
    author = "Se Rim Park and Soheil Kolouri and Shinjini Kundu and Gustavo K. Rohde"
}

@article{gigli-2011,
title = {On {H}{\"o}lder continuity-in-time of the optimal transport map towards measures along a curve},
volume = {54},
DOI = {10.1017/S001309150800117X},
number = {2},
journal = {Proceedings of the Edinburgh Mathematical Society},
publisher = {Cambridge University Press},
author = {Gigli, Nicola},
year = {2011},
pages = {401–409}
}


@inproceedings{aubry2015understanding,
  title={Understanding deep features with computer-generated imagery},
  author={Aubry, Mathieu and Russell, Bryan C},
  booktitle={Proceedings of the IEEE International Conference on Computer Vision},
  pages={2875--2883},
  year={2015}
}


@inproceedings{brosch2013manifold,
  title={Manifold learning of brain MRIs by deep learning},
  author={Brosch, Tom and Tam, Roger and Alzheimer’s Disease Neuroimaging Initiative and others},
  booktitle={International Conference on Medical Image Computing and Computer-Assisted Intervention},
  pages={633--640},
  year={2013},
  organization={Springer}
}
@incollection{cox2008multidimensional,
  title={Multidimensional scaling},
  author={Cox, Michael AA and Cox, Trevor F},
  booktitle={Handbook of data visualization},
  pages={315--347},
  year={2008},
  publisher={Springer}
}
@inproceedings{khoury2012drawing,
  title={Drawing large graphs by low-rank stress majorization},
  author={Khoury, Marc and Hu, Yifan and Krishnan, Shankar and Scheidegger, Carlos},
  booktitle={Computer Graphics Forum},
  volume={31},
  number={3pt1},
  pages={975--984},
  year={2012},
  organization={Wiley Online Library}
}
@article{miller2022spherical,
  title={Spherical Graph Drawing by Multi-dimensional Scaling},
  author={Miller, Jacob and Huroyan, Vahan and Kobourov, Stephen},
  journal={arXiv preprint arXiv:2209.00191},
  year={2022}
}

@article{wolz2012nonlinear,
  title={Nonlinear dimensionality reduction combining {MR} imaging with non-imaging information},
  author={Wolz, Robin and Aljabar, Paul and Hajnal, Joseph V and L{\"o}tj{\"o}nen, Jyrki and Rueckert, Daniel and Alzheimer’s Disease Neuroimaging Initiative and others},
  journal={Medical image analysis},
  volume={16},
  number={4},
  pages={819--830},
  year={2012},
  publisher={Elsevier}
}


@article{becht2019dimensionality,
  title={Dimensionality reduction for visualizing single-cell data using {UMAP}},
  author={Becht, Etienne and McInnes, Leland and Healy, John and Dutertre, Charles-Antoine and Kwok, Immanuel WH and Ng, Lai Guan and Ginhoux, Florent and Newell, Evan W},
  journal={Nature biotechnology},
  volume={37},
  number={1},
  pages={38--44},
  year={2019},
  publisher={Nature Publishing Group}
}

@inproceedings{cuturi2013sinkhorn,
  title={Sinkhorn distances: lightspeed computation of optimal transport.},
  author={Cuturi, Marco},
  booktitle={NIPS},
  volume={2},
  number={3},
  pages={4},
  year={2013}
}

@article{gerber2017multiscale,
  title={Multiscale Strategies for Computing Optimal Transport},
  author={Gerber, Samuel and Maggioni, Mauro},
  journal={Journal of Machine Learning Research},
  volume={18},
  pages={1--32},
  year={2017}
}

@article{wang2010optimal,
  title={An optimal transportation approach for nuclear structure-based pathology},
  author={Wang, Wei and Ozolek, John A and Slep{\v{c}}ev, Dejan and Lee, Ann B and Chen, Cheng and Rohde, Gustavo K},
  journal={IEEE transactions on medical imaging},
  volume={30},
  number={3},
  pages={621--631},
  year={2010},
  publisher={IEEE}
}

@article{hamm2022wassmap,
  title={Wassmap: Wasserstein Isometric Mapping for Image Manifold Learning},
  author={Hamm, Keaton and Henscheid, Nick and Kang, Shujie},
  journal={arXiv preprint arXiv:2204.06645},
  year={2022}
}

@article{glimm2013iterative,
  title={Iterative scheme for solving optimal transportation problems arising in reflector design},
  author={Glimm, Tilmann and Henscheid, Nick},
  journal={International Scholarly Research Notices},
  volume={2013},
  year={2013},
  publisher={Hindawi}
}


@article{caucci2012objective,
  title={Objective assessment of image quality. V. Photon-counting detectors and list-mode data.},
  author={Caucci, Luca and Barrett, Harrison H},
  journal={Journal of the Optical Society of America. A, Optics, Image Science, and Vision},
  volume={29},
  number={6},
  pages={1003--1016},
  year={2012}
}

@article{arias2020perturbation,
  title={Perturbation bounds for procrustes, classical scaling, and trilateration, with applications to manifold learning},
  author={Arias-Castro, Ery and Javanmard, Adel and Pelletier, Bruno},
  journal={Journal of machine learning research},
  volume={21},
  year={2020}
}




@inproceedings{caucci2013image,
  title={Image science with photon-processing detectors},
  author={Caucci, Luca and Jha, Abhinav K and Furenlid, Lars R and Clarkson, Eric W and Kupinski, Matthew A and Barrett, Harrison H},
  booktitle={2013 IEEE Nuclear Science Symposium and Medical Imaging Conference (2013 NSS/MIC)},
  pages={1--7},
  year={2013},
  organization={IEEE}
}
@article{coifman2006diffusion,
  title={Diffusion maps},
  author={Coifman, Ronald R and Lafon, St{\'e}phane},
  journal={Applied and Computational Harmonic Analysis},
  volume={21},
  number={1},
  pages={5--30},
  year={2006},
  publisher={Elsevier}
}
@inproceedings{kolouri2019generalized,
  title={Generalized Sliced {W}asserstein Distances},
  author={Kolouri, Soheil and Nadjahi, Kimia and Simsekli, Umut and Badeau, Roland and Gustavo, K},
  booktitle={NeurIPS 2019},
  year={2019}
}


@misc{mycrust,
  author = {Luigi Giaccari},
  title = {Surface Reconstruction from scattered points cloud (open surfaces)},
  year  = {2017},
  url   = {https://www.mathworks.com/matlabcentral/fileexchange/63731-surface-reconstruction-from-scattered-points-cloud-open-surfaces},
  note = { Retrieved Jan 28, 2021. }
}


@article{deb2021rates,
  title={Rates of estimation of optimal transport maps using plug-in estimators via barycentric projections},
  author={Deb, Nabarun and Ghosal, Promit and Sen, Bodhisattva},
  journal={Advances in Neural Information Processing Systems},
  volume={34},
  pages={29736--29753},
  year={2021}
}


@incollection{ambrosio2013user,
  title={A user’s guide to optimal transport},
  author={Ambrosio, Luigi and Gigli, Nicola},
  booktitle={Modelling and optimisation of flows on networks},
  pages={1--155},
  year={2013},
  publisher={Springer}
} 

@article{merigot2021,
  url = {https://arxiv.org/abs/2103.05934},
  author = {Delalande, Alex and M{\'e}rigot, Quentin},
  keywords = {Functional Analysis (math.FA), Metric Geometry (math.MG), FOS: Mathematics, FOS: Mathematics},
  title = {Quantitative Stability of Optimal Transport Maps under Variations of the Target Measure},
  journal = {arXiv preprint arXiv:2103.05934},
  year = {2021}
}


 @InProceedings{merigot20,
 title = {Quantitative stability of optimal transport maps and linearization of the 2-{W}asserstein space},
 author = {M\'erigot, Quentin and Delalande, Alex and Chazal, Fr\'ed\'eric},
 booktitle = {Proceedings of the Twenty Third International Conference on Artificial Intelligence and Statistics},
 pages = {3186--3196},
 year = {2020},
 editor = {Silvia Chiappa and Roberto Calandra},
 volume = {108},
 series = {Proceedings of Machine Learning Research},
 month = {26--28 Aug},
 publisher = {PMLR},
 } 
 
 
 @article{caffarelli92,
author = {Caffarelli, Luis A.},
title = {Boundary regularity of maps with convex potentials},
journal = {Communications on Pure and Applied Mathematics},
volume = {45},
number = {9},
pages = {1141--1151},
doi = {10.1002/cpa.3160450905},
year = {1992}
}

@article{caffarelli96,
 author = {Caffarelli, Luis A.},
 journal = {Annals of Mathematics},
 number = {3},
 pages = {453--496},
 publisher = {Annals of Mathematics},
 title = {Boundary Regularity of Maps with Convex Potentials--{II}},
 volume = {144},
 year = {1996}
}

@article{caffarelli92b,
 author = {Caffarelli, Luis A.},
 journal = {Journal of the American Mathematical Society},
 number = {1},
 pages = {99--104},
 publisher = {American Mathematical Society},
 title = {The Regularity of Mappings with a Convex Potential},
 volume = {5},
 year = {1992}
}


@book{hiriart1996,
place={Berlin etc.},
title={Convex analysis and minimization algorithms II: Advanced theory and bundle methods},
publisher={Springer Verlag},
author={Hiriart-Urruty, Jean-Baptiste and Lemar{\'e}chal, Claude},
year={1996}
} 


@article{altschuler2017nearlinear,
title = "Near-linear time approximation algorithms for optimal transport via {S}inkhorn iteration",
author = "Jason Altschuler and Jonathan Weed and Philippe Rigollet",
year = "2017",
language = "English (US)",
volume = "2017-December",
pages = "1965--1975",
journal = "Advances in Neural Information Processing Systems",
issn = "1049-5258",

}

@article {basu14,
	author = {Basu, Saurav and Kolouri, Soheil and Rohde, Gustavo K.},
	title = {Detecting and visualizing cell phenotype differences from microscopy images using transport-based morphometry},
	volume = {111},
	number = {9},
	pages = {3448--3453},
	year = {2014},
	doi = {10.1073/pnas.1319779111},
	publisher = {National Academy of Sciences},
	journal = {Proceedings of the National Academy of Sciences}
}

@article{berman20,
title = {Convergence Rates for Discretized {M}onge–{A}mpère Equations and Quantitative Stability of Optimal Transport},
author = {Berman, R.J.},
journal = {Found Comput Math},
volume = {21},
pages = {1099--1140},
year = {2021},
doi = {10.1007/s10208-020-09480-x}
}

@article{zhang2010understanding,
  title={Understanding bag-of-words model: a statistical framework},
  author={Zhang, Yin and Jin, Rong and Zhou, Zhi-Hua},
  journal={International Journal of Machine Learning and Cybernetics},
  volume={1},
  number={1-4},
  pages={43--52},
  year={2010},
  publisher={Springer}
}

@article{Chen:2017aa,
	Abstract = {In this note, we combined pediatric sarcoma data from Columbia University with adult sarcoma data collected from TCGA, in order to see if one can automatically discern a unique pediatric cluster in the combined data set. Using a novel clustering pipeline based on optimal transport theory, this turned out to be the case. The overall methodology may find uses for the classification of data from other biological networking problems.},
	Author = {Chen, Yongxin and Cruz, Filemon Dela and Sandhu, Romeil and Kung, Andrew L. and Mundi, Prabhjot and Deasy, Joseph O. and Tannenbaum, Allen},
	Da = {2017/08/01},
	Date-Added = {2019-01-14 14:18:10 -0500},
	Date-Modified = {2019-05-03 20:39:09 -0400},
	Id = {Chen2017},
	Isbn = {2045-2322},
	Journal = {Scientific Reports},
	Number = {1},
	Pages = {7035},
	Title = {Pediatric Sarcoma Data Forms a Unique Cluster Measured via the Earth Mover's Distance},
	Ty = {JOUR},
	DOI = {10.1038/s41598-017-07551-8},
	Volume = {7},
	Year = {2017},
	Bdsk-Url-1 = {https://doi.org/10.1038/s41598-017-07551-8}
}

@article{mathews18,
	author = {Mathews, James and Pouryahya, Maryam and Caroline Moosm\"uller and Kevrekidis, Ioannis G. and Deasy, Joseph O. and Tannenbaum, Allen},
	title = {Molecular phenotyping using networks, diffusion, and topology: soft-tissue sarcoma},
	journal = {Scientific Reports}, 
    doi = {10.1038/s41598-019-50300-2},
    volume = {9},
	note = {Article number: 13982},
	year = {2019}
}

@article{rubner2000earth,
  title={The earth mover's distance as a metric for image retrieval},
  author={Rubner, Yossi and Tomasi, Carlo and Guibas, Leonidas J},
  journal={International journal of computer vision},
  volume={40},
  number={2},
  pages={99--121},
  year={2000},
  publisher={Springer}
}

@INPROCEEDINGS{zelesko2020earthmoverDiffusion,
  author={Zelesko, Nathan and Moscovich, Amit and Kileel, Joe and Singer, Amit},
  booktitle={2020 IEEE 17th International Symposium on Biomedical Imaging (ISBI)}, 
  title={Earthmover-Based Manifold Learning for Analyzing Molecular Conformation Spaces}, 
  year={2020},
  volume={},
  number={},
  pages={1715-1719},
  doi={10.1109/ISBI45749.2020.9098723}
 }


@inproceedings{werenski2022measure,
    author = {Werenski, M.~E. and Jiang, R. and Tasissa, A. and Aeron, S. and Murphy, J.~M.},
    title = {Measure estimation in the barycentric coding model},
    year = {2022},
    booktitle = {Proceedings of the 39 th International Conference on Machine
    Learning},
     publisher = {PMLR},
    pages = {23781--23803}
}

@article{aldroubi20,
  title = {Partitioning signal classes using transport transforms for data analysis and machine learning},
  journal = {Sampl. Theory Signal Process. Data Anal.},
  volume = {19},
  number = {6},
  author = {Akram Aldroubi and Shiying Li and Gustavo K. Rohde},
  year = {2021},
  doi = {10.1007/s43670-021-00009-z}
}

@Inbook{ambrosio-2013,
author = "Ambrosio, Luigi and Gigli, Nicola",
title = "A User's Guide to Optimal Transport",
bookTitle = "Modelling and Optimisation of Flows on Networks: Cetraro, Italy 2009, Editors: Benedetto Piccoli, Michel Rascle",
year = "2013",
publisher = "Springer Berlin Heidelberg",
address = "Berlin, Heidelberg",
pages = "1--155",
doi = "10.1007/978-3-642-32160-3\_1",
}

@misc{moosmueller20,
author = {Caroline Moosm{\"u}ller and Alexander Cloninger},
title = {Linear {O}ptimal {T}ransport {E}mbedding: {P}rovable {W}asserstein
classification for certain rigid transformations and perturbations},
year = {2022},
howpublished = {To appear in: {I}nformation and {I}nference: A {J}ournal of the {IMA}}
}

@Article{mccann-2001,
    author="McCann, R. J.",
    title="Polar factorization of maps on {R}iemannian manifolds",
    journal="Geometric {\&} Functional Analysis GAFA",
    year="2001",
    volume="11",
    number="3",
    pages="589--608",
    doi="10.1007/PL00001679",
}

@article{brenier-1991,
    author = {Brenier, Y.},
    title = {Polar factorization and monotone rearrangement of vector-valued functions},
    journal = {Comm. Pure Appl. Math.},
    volume = {44},
    number = {4},
    pages = {375--417},
    doi = {10.1002/cpa.3160440402},
    year = {1991}
}

@misc{cao2022,
      title={Approximating Persistent Homology for Large Datasets}, 
      author={Yueqi Cao and Anthea Monod},
      year={2022},
      eprint={2204.09155},
      archivePrefix={arXiv},
      primaryClass={stat.ML},
      url={https://arxiv.org/abs/2204.09155}, 
}

@misc{robertson2024,
      title={On a Generalization of Wasserstein Distance and the Beckmann Problem to Connection Graphs}, 
      author={Sawyer Robertson and Dhruv Kohli and Gal Mishne and Alexander Cloninger},
      year={2024},
      eprint={2312.10295},
      archivePrefix={arXiv},
      primaryClass={math.OC},
      url={https://arxiv.org/abs/2312.10295}, 
}

@misc{wang2019,
      title={Dynamic Graph CNN for Learning on Point Clouds}, 
      author={Yue Wang and Yongbin Sun and Ziwei Liu and Sanjay E. Sarma and Michael M. Bronstein and Justin M. Solomon},
      year={2019},
      eprint={1801.07829},
      archivePrefix={arXiv},
      primaryClass={cs.CV},
      url={https://arxiv.org/abs/1801.07829}, 
}

@misc{qi2017,
      title={PointNet: Deep Learning on Point Sets for 3D Classification and Segmentation}, 
      author={Charles R. Qi and Hao Su and Kaichun Mo and Leonidas J. Guibas},
      year={2017},
      eprint={1612.00593},
      archivePrefix={arXiv},
      primaryClass={cs.CV},
      url={https://arxiv.org/abs/1612.00593}, 
}

@misc{qi2017pointnetplus,
      title={PointNet++: Deep Hierarchical Feature Learning on Point Sets in a Metric Space}, 
      author={Charles R. Qi and Li Yi and Hao Su and Leonidas J. Guibas},
      year={2017},
      eprint={1706.02413},
      archivePrefix={arXiv},
      primaryClass={cs.CV},
      url={https://arxiv.org/abs/1706.02413}, 
}

@INPROCEEDINGS{maturana2015,
  author={Maturana, Daniel and Scherer, Sebastian},
  booktitle={2015 IEEE/RSJ International Conference on Intelligent Robots and Systems (IROS)}, 
  title={VoxNet: A 3D Convolutional Neural Network for real-time object recognition}, 
  year={2015},
  volume={},
  number={},
  pages={922-928},
  keywords={Three-dimensional displays;Object recognition;Laser radar;Sensors;Neural networks;Feature extraction;Robots},
  doi={10.1109/IROS.2015.7353481}}

@misc{achlioptas2018learning,
      title={Learning Representations and Generative Models for 3D Point Clouds}, 
      author={Panos Achlioptas and Olga Diamanti and Ioannis Mitliagkas and Leonidas Guibas},
      year={2018},
      eprint={1707.02392},
      archivePrefix={arXiv},
      primaryClass={cs.CV},
      url={https://arxiv.org/abs/1707.02392}, 
}

@article{Boyer2011,
  title={Algorithms to automatically quantify the geometric similarity of anatomical surfaces},
  author={Boyer, Doug M. and Lipman, Yonatan and St Clair, Elizabeth M. and Puente, Jorge and Patel, Biren A. and Funkhouser, Thomas A. and Jernvall, Jukka},
  journal={Proceedings of the National Academy of Sciences},
  volume={108},
  number={45},
  pages={18221--18226},
  year={2011},
  publisher={National Academy of Sciences},
  doi={10.1073/pnas.1112822108}
}

@article{Gao2021,
  title={The diffusion geometry of fibre bundles: Horizontal diffusion maps},
  author={Gao, Michael},
  journal={Applied and Computational Harmonic Analysis},
  volume={50},
  pages={147--215},
  year={2021},
  publisher={Elsevier},
  doi={10.1016/j.acha.2019.11.005}
}

@article{StClair2016,
  title={Lower molar shape and size in prosimian and platyrrhine primates},
  author={St Clair, Elizabeth M. and Boyer, Doug M.},
  journal={American Journal of Physical Anthropology},
  volume={161},
  number={2},
  pages={237--258},
  year={2016},
  publisher={Wiley Online Library},
  doi={10.1002/ajpa.23020}
}


@misc{cloninger2023lotwassmap,
      title={Linearized Wasserstein dimensionality reduction with approximation guarantees}, 
      author={Alexander Cloninger and Keaton Hamm and Varun Khurana and Caroline Moosmüller},
      year={2023},
      eprint={2302.07373},
      archivePrefix={arXiv},
      primaryClass={cs.LG},
      url={https://arxiv.org/abs/2302.07373}, 
}

@misc{werenski2024,
      title={Linearized Wasserstein Barycenters: Synthesis, Analysis, Representational Capacity, and Applications}, 
      author={Matthew Werenski and Brendan Mallery and Shuchin Aeron and James M. Murphy},
      year={2024},
      eprint={2410.23602},
      archivePrefix={arXiv},
      primaryClass={stat.ML},
      url={https://arxiv.org/abs/2410.23602}, 
}

@inproceedings{zaheer2017deepsets,
  title={Deep Sets},
  author={Zaheer, Manzil and Kottur, Satwik and Ravanbakhsh, Siamak and P{\'o}czos, Barnab{\'a}s and Salakhutdinov, Ruslan and Smola, Alexander},
  booktitle={Advances in Neural Information Processing Systems (NeurIPS)},
  volume={30},
  year={2017}
}


@article{kuang2019,
author = {Kuang, Max and Tabak, Esteban G.},
title = {Sample-Based Optimal Transport and Barycenter Problems},
journal = {Communications on Pure and Applied Mathematics},
volume = {72},
number = {8},
pages = {1581-1630},
doi = {https://doi.org/10.1002/cpa.21848},
url = {https://onlinelibrary.wiley.com/doi/abs/10.1002/cpa.21848},
eprint = {https://onlinelibrary.wiley.com/doi/pdf/10.1002/cpa.21848},
abstract = {Abstract A methodology is developed for the numerical solution to the sample-based optimal transport and Wasserstein barycenter problems. The procedure is based on a characterization of the barycenter and of the McCann interpolants that permits the decomposition of the global problem under consideration into various local problems where the distance among successive distributions is small. These local problems can be formulated in terms of feature functions and shown to have a unique minimizer that solves a nonlinear system of equations. Both the theoretical underpinnings of the methodology and its practical implementation are developed, and illustrated with synthetic and real data sets. © 2019 Wiley Periodicals, Inc.},
year = {2019}
}


@mastersthesis{stromme2020barycenter,
  author       = {Stromme, Austin J.},
  title        = {Wasserstein barycenters: statistics and optimiztion},
  school       = {Massachusetts Institute of Technology},
  year         = {2020},
  type         = {S.M. Thesis},
  department   = {Department of Electrical Engineering and Computer Science},
  month        = {May},
  advisor      = {Philippe Rigollet},
  url          = {https://hdl.handle.net/1721.1/127364},
  note         = {Cataloged from the official PDF of thesis. Includes bibliographical references (pages 67-71).},
  keywords     = {Wasserstein space, empirical barycenter, geometric convergence, variance inequality, Polyak-Łojasiewicz inequality}
}
