% Use this file for citations not found in the ACL Anthology (contained in "anthology.bib").

@book{Aho:72,
    author  = {Alfred V. Aho and Jeffrey D. Ullman},
    title   = {The Theory of Parsing, Translation and Compiling},
    year    = "1972",
    volume  = "1",
    publisher = {Prentice-Hall},
    address = {Englewood Cliffs, NJ}
}

@book{APA:83,
    author  = {{American Psychological Association}},
    title   = {Publications Manual},
    year    = "1983",
    publisher = {American Psychological Association},
    address = {Washington, DC}
}

@article{Chandra:81,
	author = {Ashok K. Chandra and Dexter C. Kozen and Larry J. Stockmeyer},
	year = "1981",
	title = {Alternation},
	journal = {Journal of the Association for Computing Machinery},
	volume = "28",
	number = "1",
	pages = "114--133",
	doi = "10.1145/322234.322243",
}

@inproceedings{andrew2007scalable,
  title={Scalable training of {L1}-regularized log-linear models},
  author={Andrew, Galen and Gao, Jianfeng},
  booktitle={Proceedings of the 24th International Conference on Machine Learning},
  pages={33--40},
  year={2007},
}

@book{Gusfield:97,
    author  = {Dan Gusfield},
    title   = {Algorithms on Strings, Trees and Sequences},
    year    = "1997",
    publisher = {Cambridge University Press},
    address = {Cambridge, UK}
}

@article{rasooli-tetrault-2015,
    author    = {Mohammad Sadegh Rasooli and Joel R. Tetreault},
    title     = {Yara Parser: {A} Fast and Accurate Dependency Parser},
    journal   = {Computing Research Repository},
    volume    = {arXiv:1503.06733},
    year      = {2015},
    url       = {http://arxiv.org/abs/1503.06733},
    note    = {version 2}
}

@article{Ando2005,
	Acmid = {1194905},
	Author = {Ando, Rie Kubota and Zhang, Tong},
	Issn = {1532-4435},
	Issue_Date = {12/1/2005},
	Journal = {Journal of Machine Learning Research},
	Month = dec,
	Numpages = {37},
	Pages = {1817--1853},
	Publisher = {JMLR.org},
	Title = {A Framework for Learning Predictive Structures from Multiple Tasks and Unlabeled Data},
	Volume = {6},
	Year = {2005}
}

@misc{openai2024gpt4technicalreport,
      title={GPT-4 Technical Report}, 
      author={OpenAI and Josh Achiam and Steven Adler and Sandhini Agarwal and Lama Ahmad and others},
      year={2024},
      eprint={2303.08774},
      archivePrefix={arXiv},
      primaryClass={cs.CL},
      url={https://arxiv.org/abs/2303.08774}, 
}

@article{bubeck2023sparks,
  title={Sparks of artificial general intelligence: Early experiments with gpt-4},
  author={Bubeck, S{\'e}bastien and Chandrasekaran, Varun and Eldan, Ronen and Gehrke, Johannes and Horvitz, Eric and others},
  journal={arXiv preprint arXiv:2303.12712},
  year={2023}
}

@article{touvron2023llama,
  title={Llama: Open and efficient foundation language models},
  author={Touvron, Hugo and Lavril, Thibaut and Izacard, Gautier and Martinet, Xavier and Lachaux, Marie-Anne and others},
  journal={arXiv preprint arXiv:2302.13971},
  year={2023}
}

@inproceedings{brown2022does,
  title={What does it mean for a language model to preserve privacy?},
  author={Brown, Hannah and Lee, Katherine and Mireshghallah, Fatemehsadat and Shokri, Reza and Tram{\`e}r, Florian},
  booktitle={Proceedings of the 2022 ACM conference on fairness, accountability, and transparency},
  pages={2280--2292},
  year={2022}
}

@inproceedings{carlini2019secret,
  title={The secret sharer: Evaluating and testing unintended memorization in neural networks},
  author={Carlini, Nicholas and Liu, Chang and Erlingsson, {\'U}lfar and Kos, Jernej and Song, Dawn},
  booktitle={28th USENIX security symposium (USENIX security 19)},
  pages={267--284},
  year={2019}
}

@inproceedings{pan2020privacy,
  title={Privacy risks of general-purpose language models},
  author={Pan, Xudong and Zhang, Mi and Ji, Shouling and Yang, Min},
  booktitle={2020 IEEE Symposium on Security and Privacy (SP)},
  pages={1314--1331},
  year={2020},
  organization={IEEE}
}

@article{chi2018privacy,
  title={Privacy partitioning: Protecting user data during the deep learning inference phase},
  author={Chi, Jianfeng and Owusu, Emmanuel and Yin, Xuwang and Yu, Tong and Chan, William and others},
  journal={arXiv preprint arXiv:1812.02863},
  year={2018}
}

@article{jegorova2022survey,
  title={Survey: Leakage and privacy at inference time},
  author={Jegorova, Marija and Kaul, Chaitanya and Mayor, Charlie and O'Neil, Alison Q and Weir, Alexander and others},
  journal={IEEE Transactions on Pattern Analysis and Machine Intelligence},
  volume={45},
  number={7},
  pages={9090--9108},
  year={2022},
  publisher={IEEE}
}

@inproceedings{dinh2015m2r,
  title={$\{$M2R$\}$: Enabling stronger privacy in $\{$MapReduce$\}$ computation},
  author={Dinh, Tien Tuan Anh and Saxena, Prateek and Chang, Ee-Chien and Ooi, Beng Chin and Zhang, Chunwang},
  booktitle={24th USENIX Security Symposium (USENIX Security 15)},
  pages={447--462},
  year={2015}
}

@inproceedings{mcsherry2009privacy,
  title={Privacy integrated queries: an extensible platform for privacy-preserving data analysis},
  author={McSherry, Frank D},
  booktitle={Proceedings of the 2009 ACM SIGMOD International Conference on Management of data},
  pages={19--30},
  year={2009}
}

@inproceedings{ohrimenko2015observing,
  title={Observing and preventing leakage in MapReduce},
  author={Ohrimenko, Olga and Costa, Manuel and Fournet, C{\'e}dric and Gkantsidis, Christos and Kohlweiss, Markulf and Sharma, Divya},
  booktitle={Proceedings of the 22nd ACM SIGSAC Conference on Computer and Communications Security},
  pages={1570--1581},
  year={2015}
}

@book{yi2014homomorphic,
  title={Homomorphic encryption},
  author={Yi, Xun and Paulet, Russell and Bertino, Elisa and Yi, Xun and Paulet, Russell and Bertino, Elisa},
  year={2014},
  publisher={Springer}
}

@article{acar2018survey,
  title={A survey on homomorphic encryption schemes: Theory and implementation},
  author={Acar, Abbas and Aksu, Hidayet and Uluagac, A Selcuk and Conti, Mauro},
  journal={ACM Computing Surveys (Csur)},
  volume={51},
  number={4},
  pages={1--35},
  year={2018},
  publisher={ACM New York, NY, USA}
}

@inproceedings{dwork2006differential,
  title={Differential privacy},
  author={Dwork, Cynthia},
  booktitle={International colloquium on automata, languages, and programming},
  pages={1--12},
  year={2006},
  organization={Springer}
}

@inproceedings{dwork2008differential,
  title={Differential privacy: A survey of results},
  author={Dwork, Cynthia},
  booktitle={International conference on theory and applications of models of computation},
  pages={1--19},
  year={2008},
  organization={Springer}
}

@article{vepakomma2018split,
  title={Split learning for health: Distributed deep learning without sharing raw patient data},
  author={Vepakomma, Praneeth and Gupta, Otkrist and Swedish, Tristan and Raskar, Ramesh},
  journal={arXiv preprint arXiv:1812.00564},
  year={2018}
}

@article{singh2019detailed,
  title={Detailed comparison of communication efficiency of split learning and federated learning},
  author={Singh, Abhishek and Vepakomma, Praneeth and Gupta, Otkrist and Raskar, Ramesh},
  journal={arXiv preprint arXiv:1909.09145},
  year={2019}
}

@inproceedings{gilad2016cryptonets,
  title={Cryptonets: Applying neural networks to encrypted data with high throughput and accuracy},
  author={Gilad-Bachrach, Ran and Dowlin, Nathan and Laine, Kim and Lauter, Kristin and Naehrig, Michael and others},
  booktitle={International conference on machine learning},
  pages={201--210},
  year={2016},
  organization={PMLR}
}

@inproceedings{juvekar2018gazelle,
  title={$\{$GAZELLE$\}$: A low latency framework for secure neural network inference},
  author={Juvekar, Chiraag and Vaikuntanathan, Vinod and Chandrakasan, Anantha},
  booktitle={27th USENIX security symposium (USENIX security 18)},
  pages={1651--1669},
  year={2018}
}

@inproceedings{mishra2020delphi,
  title={Delphi: A cryptographic inference system for neural networks},
  author={Mishra, Pratyush and Lehmkuhl, Ryan and Srinivasan, Akshayaram and Zheng, Wenting and Popa, Raluca Ada},
  booktitle={Proceedings of the 2020 Workshop on Privacy-Preserving Machine Learning in Practice},
  pages={27--30},
  year={2020}
}

@inproceedings{rathee2020cryptflow2,
  title={Cryptflow2: Practical 2-party secure inference},
  author={Rathee, Deevashwer and Rathee, Mayank and Kumar, Nishant and Chandran, Nishanth and Gupta, Divya and Rastogi, Aseem and Sharma, Rahul},
  booktitle={Proceedings of the 2020 ACM SIGSAC Conference on Computer and Communications Security},
  pages={325--342},
  year={2020}
}

@article{liu2023llms,
  title={Llms can understand encrypted prompt: Towards privacy-computing friendly transformers},
  author={Liu, Xuanqi and Liu, Zhuotao},
  journal={arXiv preprint arXiv:2305.18396},
  year={2023}
}

@inproceedings{huang2022cheetah,
  title={Cheetah: Lean and fast secure $\{$Two-Party$\}$ deep neural network inference},
  author={Huang, Zhicong and Lu, Wen-jie and Hong, Cheng and Ding, Jiansheng},
  booktitle={31st USENIX Security Symposium (USENIX Security 22)},
  pages={809--826},
  year={2022}
}

@article{hao2022iron,
  title={Iron: Private inference on transformers},
  author={Hao, Meng and Li, Hongwei and Chen, Hanxiao and Xing, Pengzhi and Xu, Guowen and Zhang, Tianwei},
  journal={Advances in neural information processing systems},
  volume={35},
  pages={15718--15731},
  year={2022}
}

@inproceedings{du2023dp,
  title={Dp-forward: Fine-tuning and inference on language models with differential privacy in forward pass},
  author={Du, Minxin and Yue, Xiang and Chow, Sherman SM and Wang, Tianhao and Huang, Chenyu and Sun, Huan},
  booktitle={Proceedings of the 2023 ACM SIGSAC Conference on Computer and Communications Security},
  pages={2665--2679},
  year={2023}
}

@article{tong2023privinfer,
  title={Privinfer: Privacy-preserving inference for black-box large language model},
  author={Tong, Meng and Chen, Kejiang and Qi, Yuang and Zhang, Jie and Zhang, Weiming and Yu, Nenghai},
  journal={arXiv preprint arXiv:2310.12214},
  year={2023}
}

@article{kan2023protecting,
  title={Protecting user privacy in remote conversational systems: A privacy-preserving framework based on text sanitization},
  author={Kan, Zhigang and Qiao, Linbo and Yu, Hao and Peng, Liwen and Gao, Yifu and Li, Dongsheng},
  journal={arXiv preprint arXiv:2306.08223},
  year={2023}
}

@article{chen2023hide,
  title={Hide and seek (has): A lightweight framework for prompt privacy protection},
  author={Chen, Yu and Li, Tingxin and Liu, Huiming and Yu, Yang},
  journal={arXiv preprint arXiv:2309.03057},
  year={2023}
}

@article{gupta2018distributed,
  title={Distributed learning of deep neural network over multiple agents},
  author={Gupta, Otkrist and Raskar, Ramesh},
  journal={Journal of Network and Computer Applications},
  volume={116},
  pages={1--8},
  year={2018},
  publisher={Elsevier}
}

@article{mai2023split,
  title={Split-and-Denoise: Protect large language model inference with local differential privacy},
  author={Mai, Peihua and Yan, Ran and Huang, Zhe and Yang, Youjia and Pang, Yan},
  journal={arXiv preprint arXiv:2310.09130},
  year={2023}
}

@article{chen2023challenges,
  title={Challenges and remedies to privacy and security in aigc: Exploring the potential of privacy computing, blockchain, and beyond},
  author={Chen, Chuan and Wu, Zhenpeng and Lai, Yanyi and Ou, Wenlin and Liao, Tianchi and Zheng, Zibin},
  journal={arXiv preprint arXiv:2306.00419},
  year={2023}
}

@article{dwork2014algorithmic,
  title={The algorithmic foundations of differential privacy},
  author={Dwork, Cynthia and Roth, Aaron and others},
  journal={Foundations and Trends{\textregistered} in Theoretical Computer Science},
  volume={9},
  number={3--4},
  pages={211--407},
  year={2014},
  publisher={Now Publishers, Inc.}
}

@article{papernot2018scalable,
  title={Scalable private learning with pate},
  author={Papernot, Nicolas and Song, Shuang and Mironov, Ilya and Raghunathan, Ananth and Talwar, Kunal and Erlingsson, {\'U}lfar},
  journal={arXiv preprint arXiv:1802.08908},
  year={2018}
}

@article{mcmahan2017learning,
  title={Learning differentially private recurrent language models},
  author={McMahan, H Brendan and Ramage, Daniel and Talwar, Kunal and Zhang, Li},
  journal={arXiv preprint arXiv:1710.06963},
  year={2017}
}

@inproceedings{abadi2016deep,
  title={Deep learning with differential privacy},
  author={Abadi, Martin and Chu, Andy and Goodfellow, Ian and McMahan, H Brendan and Mironov, Ilya and Talwar, Kunal and Zhang, Li},
  booktitle={Proceedings of the 2016 ACM SIGSAC conference on computer and communications security},
  pages={308--318},
  year={2016}
}

@article{ebadi2015differential,
  title={Differential privacy: Now it's getting personal},
  author={Ebadi, Hamid and Sands, David and Schneider, Gerardo},
  journal={Acm Sigplan Notices},
  volume={50},
  number={1},
  pages={69--81},
  year={2015},
  publisher={ACM New York, NY, USA}
}

@inproceedings{kotsogiannis2020one,
  title={One-sided differential privacy},
  author={Kotsogiannis, Ios and Doudalis, Stelios and Haney, Sam and Machanavajjhala, Ashwin and Mehrotra, Sharad},
  booktitle={2020 IEEE 36th International Conference on Data Engineering (ICDE)},
  pages={493--504},
  year={2020},
  organization={IEEE}
}

@inproceedings{shi2022selective,
  title={Selective Differential Privacy for Language Modeling},
  author={Shi, Weiyan and Cui, Aiqi and Li, Evan and Jia, Ruoxi and Yu, Zhou},
  booktitle={Proceedings of the 2022 Conference of the North American Chapter of the Association for Computational Linguistics: Human Language Technologies},
  pages={2848--2859},
  year={2022}
}

@article{andrew2021differentially,
  title={Differentially private learning with adaptive clipping},
  author={Andrew, Galen and Thakkar, Om and McMahan, Brendan and Ramaswamy, Swaroop},
  journal={Advances in Neural Information Processing Systems},
  volume={34},
  pages={17455--17466},
  year={2021}
}

@inproceedings{wang2020dp,
  title={DP-LSSGD: A stochastic optimization method to lift the utility in privacy-preserving ERM},
  author={Wang, Bao and Gu, Quanquan and Boedihardjo, March and Wang, Lingxiao and Barekat, Farzin and Osher, Stanley J},
  booktitle={Mathematical and Scientific Machine Learning},
  pages={328--351},
  year={2020},
  organization={PMLR}
}

@article{wang2021dplis,
  title={Dplis: Boosting utility of differentially private deep learning via randomized smoothing},
  author={Wang, Wenxiao and Wang, Tianhao and Wang, Lun and Luo, Nanqing and Zhou, Pan and Song, Dawn and Jia, Ruoxi},
  journal={arXiv preprint arXiv:2103.01496},
  year={2021}
}

@inproceedings{papernot2021tempered,
  title={Tempered sigmoid activations for deep learning with differential privacy},
  author={Papernot, Nicolas and Thakurta, Abhradeep and Song, Shuang and Chien, Steve and Erlingsson, {\'U}lfar},
  booktitle={Proceedings of the AAAI Conference on Artificial Intelligence},
  volume={35},
  number={10},
  pages={9312--9321},
  year={2021}
}

@article{yu2021differentially,
  title={Differentially private fine-tuning of language models},
  author={Yu, Da and Naik, Saurabh and Backurs, Arturs and Gopi, Sivakanth and Inan, Huseyin A and Kamath, Gautam and Kulkarni, Janardhan and Lee, Yin Tat and Manoel, Andre and Wutschitz, Lukas and others},
  journal={arXiv preprint arXiv:2110.06500},
  year={2021}
}

@inproceedings{panda2023differentially,
  title={Differentially private in-context learning},
  author={Panda, Ashwinee and Wu, Tong and Wang, Jiachen and Mittal, Prateek},
  booktitle={The 61st Annual Meeting Of The Association For Computational Linguistics},
  year={2023}
}

@inproceedings{douglass2005identification,
  title={De-identification algorithm for free-text nursing notes},
  author={Douglass, MM and Cliffford, GD and Reisner, Andrew and Long, WJ and Moody, GB and Mark, RG},
  booktitle={Computers in Cardiology, 2005},
  pages={331--334},
  year={2005},
  organization={IEEE}
}

@inproceedings{ruch2000medical,
  title={Medical document anonymization with a semantic lexicon.},
  author={Ruch, Patrick and Baud, Robert H and Rassinoux, Anne-Marie and Bouillon, Pierrette and Robert, Gilbert},
  booktitle={Proceedings of the AMIA Symposium},
  pages={729},
  year={2000},
  organization={American Medical Informatics Association}
}

@article{deleger2013large,
  title={Large-scale evaluation of automated clinical note de-identification and its impact on information extraction},
  author={Deleger, Louise and Molnar, Katalin and Savova, Guergana and Xia, Fei and Lingren, Todd and Li, Qi and Marsolo, Keith and Jegga, Anil and Kaiser, Megan and Stoutenborough, Laura and others},
  journal={Journal of the American Medical Informatics Association},
  volume={20},
  number={1},
  pages={84--94},
  year={2013},
  publisher={BMJ Group}
}

@article{dernoncourt2017identification,
  title={De-identification of patient notes with recurrent neural networks},
  author={Dernoncourt, Franck and Lee, Ji Young and Uzuner, Ozlem and Szolovits, Peter},
  journal={Journal of the American Medical Informatics Association},
  volume={24},
  number={3},
  pages={596--606},
  year={2017},
  publisher={Oxford University Press}
}

@inproceedings{johnson2020deidentification,
  title={Deidentification of free-text medical records using pre-trained bidirectional transformers},
  author={Johnson, Alistair EW and Bulgarelli, Lucas and Pollard, Tom J},
  booktitle={Proceedings of the ACM Conference on Health, Inference, and Learning},
  pages={214--221},
  year={2020}
}

@article{anandan2012t,
  title={t-Plausibility: Generalizing words to desensitize text.},
  author={Anandan, Balamurugan and Clifton, Chris and Jiang, Wei and Murugesan, Mummoorthy and Pastrana-Camacho, Pedro and Si, Luo},
  journal={Trans. Data Priv.},
  volume={5},
  number={3},
  pages={505--534},
  year={2012}
}

@inproceedings{chakaravarthy2008efficient,
  title={Efficient techniques for document sanitization},
  author={Chakaravarthy, Venkatesan T and Gupta, Himanshu and Roy, Prasan and Mohania, Mukesh K},
  booktitle={Proceedings of the 17th ACM conference on Information and knowledge management},
  pages={843--852},
  year={2008}
}

@article{sanchez2016c,
  title={C-sanitized: A privacy model for document redaction and sanitization},
  author={S{\'a}nchez, David and Batet, Montserrat},
  journal={Journal of the Association for Information Science and Technology},
  volume={67},
  number={1},
  pages={148--163},
  year={2016},
  publisher={Wiley Online Library}
}

@article{yan2024protecting,
  title={On protecting the data privacy of large language models (llms): A survey},
  author={Yan, Biwei and Li, Kun and Xu, Minghui and Dong, Yueyan and Zhang, Yue and Ren, Zhaochun and Cheng, Xiuzhen},
  journal={arXiv preprint arXiv:2403.05156},
  year={2024}
}

@inproceedings{hoory2021learning,
  title={Learning and evaluating a differentially private pre-trained language model},
  author={Hoory, Shlomo and Feder, Amir and Tendler, Avichai and Erell, Sofia and Peled-Cohen, Alon and others},
  booktitle={Findings of the Association for Computational Linguistics: EMNLP 2021},
  pages={1178--1189},
  year={2021}
}

@article{li2021large,
  title={Large language models can be strong differentially private learners},
  author={Li, Xuechen and Tramer, Florian and Liang, Percy and Hashimoto, Tatsunori},
  journal={arXiv preprint arXiv:2110.05679},
  year={2021}
}

@article{xu2024fwdllm,
  title={Fwdllm: Efficient fedllm using forward gradient},
  author={Xu, Mengwei and Cai, Dongqi and Wu, Yaozong and Li, Xiang and Wang, Shangguang},
  journal={arXiv. Available at: hjp://arxiv. org/abs/2308.13894 (Accessed: 11 March 2024)},
  year={2024}
}

@article{brown2020language,
  title={Language models are few-shot learners},
  author={Brown, Tom and Mann, Benjamin and Ryder, Nick and Subbiah, Melanie and Kaplan, Jared D and others},
  journal={Advances in neural information processing systems},
  volume={33},
  pages={1877--1901},
  year={2020}
}

@article{bai2022training,
  title={Training a helpful and harmless assistant with reinforcement learning from human feedback},
  author={Bai, Yuntao and Jones, Andy and Ndousse, Kamal and Askell, Amanda and Chen, Anna and DasSarma, Nova and Drain, Dawn and Fort, Stanislav and Ganguli, Deep and Henighan, Tom and others},
  journal={arXiv preprint arXiv:2204.05862},
  year={2022}
}

@inproceedings{kandpal2022deduplicating,
  title={Deduplicating training data mitigates privacy risks in language models},
  author={Kandpal, Nikhil and Wallace, Eric and Raffel, Colin},
  booktitle={International Conference on Machine Learning},
  pages={10697--10707},
  year={2022},
  organization={PMLR}
}

@article{chen2023federated,
  title={Federated large language model: A position paper},
  author={Chen, Chaochao and Feng, Xiaohua and Zhou, Jun and Yin, Jianwei and Zheng, Xiaolin},
  journal={arXiv e-prints},
  pages={arXiv--2307},
  year={2023}
}

@article{yu2023federated,
  title={Federated foundation models: Privacy-preserving and collaborative learning for large models},
  author={Yu, Sixing and Mu{\~n}oz, J Pablo and Jannesari, Ali},
  journal={arXiv preprint arXiv:2305.11414},
  year={2023}
}

\@inproceedings{zhang2024towards,
  title={Towards building the federatedGPT: Federated instruction tuning},
  author={Zhang, Jianyi and Vahidian, Saeed and Kuo, Martin and Li, Chunyuan and Zhang, Ruiyi and Yu, Tong and Wang, Guoyin and Chen, Yiran},
  booktitle={ICASSP 2024-2024 IEEE International Conference on Acoustics, Speech and Signal Processing (ICASSP)},
  pages={6915--6919},
  year={2024},
  organization={IEEE}
}

@inproceedings{wu2022adaptive,
  title={Adaptive differential privacy for language model training},
  author={Wu, Xinwei and Gong, Li and Xiong, Deyi},
  booktitle={Proceedings of the First Workshop on Federated Learning for Natural Language Processing (FL4NLP 2022)},
  pages={21--26},
  year={2022}
}

@article{goldreich1998secure,
  title={Secure multi-party computation},
  author={Goldreich, Oded},
  journal={Manuscript. Preliminary version},
  volume={78},
  number={110},
  pages={1--108},
  year={1998},
  publisher={Citeseer}
}

@article{dong2022fusion,
  title={Fusion: Efficient and secure inference resilient to malicious servers},
  author={Dong, Caiqin and Weng, Jian and Liu, Jia-Nan and Zhang, Yue and Tong, Yao and Yang, Anjia and Cheng, Yudan and Hu, Shun},
  journal={arXiv preprint arXiv:2205.03040},
  year={2022}
}

@article{majmudar2022differentially,
  title={Differentially private decoding in large language models},
  author={Majmudar, Jimit and Dupuy, Christophe and Peris, Charith and Smaili, Sami and Gupta, Rahul and Zemel, Richard},
  journal={arXiv preprint arXiv:2205.13621},
  year={2022}
}

@article{yermilov2023privacy,
  title={Privacy-and utility-preserving nlp with anonymized data: A case study of pseudonymization},
  author={Yermilov, Oleksandr and Raheja, Vipul and Chernodub, Artem},
  journal={arXiv preprint arXiv:2306.05561},
  year={2023}
}

@article{lu2023bumblebee,
  title={Bumblebee: Secure two-party inference framework for large transformers},
  author={Lu, Wen-jie and Huang, Zhicong and Gu, Zhen and Li, Jingyu and Liu, Jian and Hong, Cheng and Ren, Kui and Wei, Tao and Chen, WenGuang},
  journal={Cryptology ePrint Archive},
  year={2023}
}

@article{zhang2024cogenesis,
  title={Cogenesis: A framework collaborating large and small language models for secure context-aware instruction following},
  author={Zhang, Kaiyan and Wang, Jianyu and Hua, Ermo and Qi, Biqing and Ding, Ning and Zhou, Bowen},
  journal={arXiv preprint arXiv:2403.03129},
  year={2024}
}

@inproceedings{liu2021robustly,
  title={A robustly optimized BERT pre-training approach with post-training},
  author={Liu, Zhuang and Lin, Wayne and Shi, Ya and Zhao, Jun},
  booktitle={China National Conference on Chinese Computational Linguistics},
  pages={471--484},
  year={2021},
  organization={Springer}
}

@article{Narayan2018DontGM,
  title={Don't Give Me the Details, Just the Summary! Topic-Aware Convolutional Neural Networks for Extreme Summarization},
  author={Shashi Narayan and Shay B. Cohen and Mirella Lapata},
  journal={ArXiv},
  year={2018},
  volume={abs/1808.08745}
}

@inproceedings{rajpurkar2018know,
  title={Know What You Don’t Know: Unanswerable Questions for SQuAD},
  author={Rajpurkar, Pranav and Jia, Robin and Liang, Percy},
  booktitle={Proceedings of the 56th Annual Meeting of the Association for Computational Linguistics (Volume 2: Short Papers)},
  pages={784--789},
  year={2018}
}

@inproceedings{rajpurkar-etal-2016-squad,
    title = "{SQ}u{AD}: 100,000+ Questions for Machine Comprehension of Text",
    author = "Rajpurkar, Pranav  and
      Zhang, Jian  and
      Lopyrev, Konstantin  and
      Liang, Percy",
    _editor = "Su, Jian  and
      Duh, Kevin  and
      Carreras, Xavier",
    booktitle = "Proceedings of the 2016 Conference on Empirical Methods in Natural Language Processing",
    _month = nov,
    year = "2016",
    _address = "Austin, Texas",
    _publisher = "Association for Computational Linguistics",
    _url = "https://aclanthology.org/D16-1264/",
    _doi = "10.18653/v1/D16-1264",
    pages = "2383--2392"
}

@inproceedings{see-etal-2017-get,
    title = "Get To The Point: Summarization with Pointer-Generator Networks",
    author = "See, Abigail  and
      Liu, Peter J.  and
      Manning, Christopher D.",
    booktitle = "Proceedings of the 55th Annual Meeting of the Association for Computational Linguistics (Volume 1: Long Papers)",
    _month = jul,
    year = "2017",
    _address = "Vancouver, Canada",
    _publisher = "Association for Computational Linguistics",
    _url = "https://www.aclweb.org/anthology/P17-1099",
    _doi = "10.18653/v1/P17-1099",
    pages = "1073--1083",
}

@inproceedings{gliwa-etal-2019-samsum,
    title = "{SAMS}um Corpus: A Human-annotated Dialogue Dataset for Abstractive Summarization",
    author = "Gliwa, Bogdan  and
      Mochol, Iwona  and
      Biesek, Maciej  and
      Wawer, Aleksander",
    booktitle = "Proceedings of the 2nd Workshop on New Frontiers in Summarization",
    _month = nov,
    year = "2019",
    _address = "Hong Kong, China",
    _publisher = "Association for Computational Linguistics",
    _url = "https://www.aclweb.org/anthology/D19-5409",
    _doi = "10.18653/v1/D19-5409",
    pages = "70--79"
}

@inproceedings{wang2019glue,
  title={{GLUE}: A Multi-Task Benchmark and Analysis Platform for Natural Language Understanding},
    booktitle = "Proceedings of the 2018 {EMNLP} Workshop {B}lackbox{NLP}: Analyzing and Interpreting Neural Networks for {NLP}",
  author={Wang, Alex and Singh, Amanpreet and Michael, Julian and Hill, Felix and Levy, Omer and others},
  note={In the Proceedings of ICLR.},
  year={2019}
}

@misc{merity2016pointer,
      title={Pointer Sentinel Mixture Models},
      author={Stephen Merity and Caiming Xiong and James Bradbury and Richard Socher},
      year={2016},
      eprint={1609.07843},
      archivePrefix={arXiv},
      primaryClass={cs.CL}
}

@article{lin2024emojicrypt,
  title={EmojiCrypt: Prompt Encryption for Secure Communication with Large Language Models},
  author={Lin, Guo and Hua, Wenyue and Zhang, Yongfeng},
  journal={arXiv preprint arXiv:2402.05868},
  year={2024}
}

@InProceedings{bojar-EtAl:2014:W14-33,
  author    = {Bojar, Ondrej  and  Buck, Christian  and  Federmann, Christian  and  Haddow, Barry  and  Koehn, Philipp  and  Leveling, Johannes  and  Monz, Christof  and  Pecina, Pavel  and  Post, Matt  and  Saint-Amand, Herve  and  Soricut, Radu  and  Specia, Lucia  and  Tamchyna, Ale
{s}},
  title     = {Findings of the 2014 Workshop on Statistical Machine Translation},
  booktitle = {Proceedings of the Ninth Workshop on Statistical Machine Translation},
  _month     = {June},
  year      = {2014},
  _address   = {Baltimore, Maryland, USA},
  _publisher = {Association for Computational Linguistics},
  pages     = {12--58},
  _url       = {http://www.aclweb.org/anthology/W/W14/W14-3302}
}

@inproceedings{lin2004rouge,
  title={Rouge: A package for automatic evaluation of summaries},
  author={Lin, Chin-Yew},
  booktitle={Text summarization branches out},
  pages={74--81},
  year={2004}
}

@inproceedings{Rajpurkar2018SQuAD2,
title={Know What You Don't Know: Unanswerable Questions for SQuAD},
author={Pranav Rajpurkar and Jian Zhang and Percy Liang},
booktitle={ACL 2018},
year={2018}
}

@inproceedings{papineni2002bleu,
  title={Bleu: a method for automatic evaluation of machine translation},
  author={Papineni, Kishore and Roukos, Salim and Ward, Todd and Zhu, Wei-Jing},
  booktitle={Proceedings of the 40th annual meeting of the Association for Computational Linguistics},
  pages={311--318},
  year={2002}
}

@article{williams2017broad,
  title={A broad-coverage challenge corpus for sentence understanding through inference},
  author={Williams, Adina and Nangia, Nikita and Bowman, Samuel R},
  journal={arXiv preprint arXiv:1704.05426},
  year={2017}
}

@inproceedings{sang2003introduction,
  title={Introduction to the CoNLL-2003 Shared Task: Language-Independent Named Entity Recognition},
  author={Sang, Erik Tjong Kim and De Meulder, Fien},
  booktitle={Proceedings of the Seventh Conference on Natural Language Learning at HLT-NAACL 2003},
  pages={142--147},
  year={2003}
}