@article{acar2018survey,
  title={A survey on homomorphic encryption schemes: Theory and implementation},
  author={Acar, Abbas and Aksu, Hidayet and Uluagac, A Selcuk and Conti, Mauro},
  journal={ACM Computing Surveys (Csur)},
  volume={51},
  number={4},
  pages={1--35},
  year={2018},
  publisher={ACM New York, NY, USA}
}

@article{bai2022training,
  title={Training a helpful and harmless assistant with reinforcement learning from human feedback},
  author={Bai, Yuntao and Jones, Andy and Ndousse, Kamal and Askell, Amanda and Chen, Anna and DasSarma, Nova and Drain, Dawn and Fort, Stanislav and Ganguli, Deep and Henighan, Tom and others},
  journal={arXiv preprint arXiv:2204.05862},
  year={2022}
}

@article{brown2020language,
  title={Language models are few-shot learners},
  author={Brown, Tom and Mann, Benjamin and Ryder, Nick and Subbiah, Melanie and Kaplan, Jared D and others},
  journal={Advances in neural information processing systems},
  volume={33},
  pages={1877--1901},
  year={2020}
}

@article{chen2023hide,
  title={Hide and seek (has): A lightweight framework for prompt privacy protection},
  author={Chen, Yu and Li, Tingxin and Liu, Huiming and Yu, Yang},
  journal={arXiv preprint arXiv:2309.03057},
  year={2023}
}

@article{dong2022fusion,
  title={Fusion: Efficient and secure inference resilient to malicious servers},
  author={Dong, Caiqin and Weng, Jian and Liu, Jia-Nan and Zhang, Yue and Tong, Yao and Yang, Anjia and Cheng, Yudan and Hu, Shun},
  journal={arXiv preprint arXiv:2205.03040},
  year={2022}
}

@inproceedings{du2023dp,
  title={Dp-forward: Fine-tuning and inference on language models with differential privacy in forward pass},
  author={Du, Minxin and Yue, Xiang and Chow, Sherman SM and Wang, Tianhao and Huang, Chenyu and Sun, Huan},
  booktitle={Proceedings of the 2023 ACM SIGSAC Conference on Computer and Communications Security},
  pages={2665--2679},
  year={2023}
}

@inproceedings{dwork2006differential,
  title={Differential privacy},
  author={Dwork, Cynthia},
  booktitle={International colloquium on automata, languages, and programming},
  pages={1--12},
  year={2006},
  organization={Springer}
}

@inproceedings{dwork2008differential,
  title={Differential privacy: A survey of results},
  author={Dwork, Cynthia},
  booktitle={International conference on theory and applications of models of computation},
  pages={1--19},
  year={2008},
  organization={Springer}
}

@article{goldreich1998secure,
  title={Secure multi-party computation},
  author={Goldreich, Oded},
  journal={Manuscript. Preliminary version},
  volume={78},
  number={110},
  pages={1--108},
  year={1998},
  publisher={Citeseer}
}

@article{hao2022iron,
  title={Iron: Private inference on transformers},
  author={Hao, Meng and Li, Hongwei and Chen, Hanxiao and Xing, Pengzhi and Xu, Guowen and Zhang, Tianwei},
  journal={Advances in neural information processing systems},
  volume={35},
  pages={15718--15731},
  year={2022}
}

@inproceedings{huang2022cheetah,
  title={Cheetah: Lean and fast secure $\{$Two-Party$\}$ deep neural network inference},
  author={Huang, Zhicong and Lu, Wen-jie and Hong, Cheng and Ding, Jiansheng},
  booktitle={31st USENIX Security Symposium (USENIX Security 22)},
  pages={809--826},
  year={2022}
}

@article{kan2023protecting,
  title={Protecting user privacy in remote conversational systems: A privacy-preserving framework based on text sanitization},
  author={Kan, Zhigang and Qiao, Linbo and Yu, Hao and Peng, Liwen and Gao, Yifu and Li, Dongsheng},
  journal={arXiv preprint arXiv:2306.08223},
  year={2023}
}

@inproceedings{kandpal2022deduplicating,
  title={Deduplicating training data mitigates privacy risks in language models},
  author={Kandpal, Nikhil and Wallace, Eric and Raffel, Colin},
  booktitle={International Conference on Machine Learning},
  pages={10697--10707},
  year={2022},
  organization={PMLR}
}

@article{li2021large,
  title={Large language models can be strong differentially private learners},
  author={Li, Xuechen and Tramer, Florian and Liang, Percy and Hashimoto, Tatsunori},
  journal={arXiv preprint arXiv:2110.05679},
  year={2021}
}

@article{lin2024emojicrypt,
  title={EmojiCrypt: Prompt Encryption for Secure Communication with Large Language Models},
  author={Lin, Guo and Hua, Wenyue and Zhang, Yongfeng},
  journal={arXiv preprint arXiv:2402.05868},
  year={2024}
}

@article{liu2023llms,
  title={Llms can understand encrypted prompt: Towards privacy-computing friendly transformers},
  author={Liu, Xuanqi and Liu, Zhuotao},
  journal={arXiv preprint arXiv:2305.18396},
  year={2023}
}

@article{lu2023bumblebee,
  title={Bumblebee: Secure two-party inference framework for large transformers},
  author={Lu, Wen-jie and Huang, Zhicong and Gu, Zhen and Li, Jingyu and Liu, Jian and Hong, Cheng and Ren, Kui and Wei, Tao and Chen, WenGuang},
  journal={Cryptology ePrint Archive},
  year={2023}
}

@article{majmudar2022differentially,
  title={Differentially private decoding in large language models},
  author={Majmudar, Jimit and Dupuy, Christophe and Peris, Charith and Smaili, Sami and Gupta, Rahul and Zemel, Richard},
  journal={arXiv preprint arXiv:2205.13621},
  year={2022}
}

@article{tong2023privinfer,
  title={Privinfer: Privacy-preserving inference for black-box large language model},
  author={Tong, Meng and Chen, Kejiang and Qi, Yuang and Zhang, Jie and Zhang, Weiming and Yu, Nenghai},
  journal={arXiv preprint arXiv:2310.12214},
  year={2023}
}

@inproceedings{wu2022adaptive,
  title={Adaptive differential privacy for language model training},
  author={Wu, Xinwei and Gong, Li and Xiong, Deyi},
  booktitle={Proceedings of the First Workshop on Federated Learning for Natural Language Processing (FL4NLP 2022)},
  pages={21--26},
  year={2022}
}

@article{xu2024fwdllm,
  title={Fwdllm: Efficient fedllm using forward gradient},
  author={Xu, Mengwei and Cai, Dongqi and Wu, Yaozong and Li, Xiang and Wang, Shangguang},
  journal={arXiv. Available at: hjp://arxiv. org/abs/2308.13894 (Accessed: 11 March 2024)},
  year={2024}
}

@article{yan2024protecting,
  title={On protecting the data privacy of large language models (llms): A survey},
  author={Yan, Biwei and Li, Kun and Xu, Minghui and Dong, Yueyan and Zhang, Yue and Ren, Zhaochun and Cheng, Xiuzhen},
  journal={arXiv preprint arXiv:2403.05156},
  year={2024}
}

@article{yermilov2023privacy,
  title={Privacy-and utility-preserving nlp with anonymized data: A case study of pseudonymization},
  author={Yermilov, Oleksandr and Raheja, Vipul and Chernodub, Artem},
  journal={arXiv preprint arXiv:2306.05561},
  year={2023}
}

@article{yu2023federated,
  title={Federated foundation models: Privacy-preserving and collaborative learning for large models},
  author={Yu, Sixing and Mu{\~n}oz, J Pablo and Jannesari, Ali},
  journal={arXiv preprint arXiv:2305.11414},
  year={2023}
}

@article{zhang2024cogenesis,
  title={Cogenesis: A framework collaborating large and small language models for secure context-aware instruction following},
  author={Zhang, Kaiyan and Wang, Jianyu and Hua, Ermo and Qi, Biqing and Ding, Ning and Zhou, Bowen},
  journal={arXiv preprint arXiv:2403.03129},
  year={2024}
}

@inproceedings{zhang2024towards,
  title={Towards building the federatedGPT: Federated instruction tuning},
  author={Zhang, Jianyi and Vahidian, Saeed and Kuo, Martin and Li, Chunyuan and Zhang, Ruiyi and Yu, Tong and Wang, Guoyin and Chen, Yiran},
  booktitle={ICASSP 2024-2024 IEEE International Conference on Acoustics, Speech and Signal Processing (ICASSP)},
  pages={6915--6919},
  year={2024},
  organization={IEEE}
}

