@inproceedings{10.1145/3180155.3180195,
author = {Lin, Bin and Zampetti, Fiorella and Bavota, Gabriele and Di Penta, Massimiliano and Lanza, Michele and Oliveto, Rocco},
title = {Sentiment Analysis for Software Engineering: How Far Can We Go?},
year = {2018},
isbn = {9781450356381},
publisher = {Association for Computing Machinery},
address = {New York, NY, USA},
doi = {10.1145/3180155.3180195},
booktitle = {Proceedings of the 40th International Conference on Software Engineering},
pages = {94–104},
numpages = {11},
keywords = {software engineering, NLP, sentiment analysis},
location = {Gothenburg, Sweden},
series = {ICSE '18}
}

@ARTICLE{8643972,
  author={Uddin, Gias and Khomh, Foutse},
  journal={IEEE Transactions on Software Engineering}, 
  title={Automatic Mining of Opinions Expressed About APIs in Stack Overflow}, 
  year={2021},
  volume={47},
  number={3},
  pages={522-559},
  doi={10.1109/TSE.2019.2900245}
}

@INPROCEEDINGS{9240704,
  author={Zhang, Ting and Xu, Bowen and Thung, Ferdian and Haryono, Stefanus Agus and Lo, David and Jiang, Lingxiao},
  booktitle={2020 IEEE International Conference on Software Maintenance and Evolution (ICSME)}, 
  title={Sentiment Analysis for Software Engineering: How Far Can Pre-trained Transformer Models Go?}, 
  year={2020},
  volume={},
  number={},
  pages={70-80},
  doi={10.1109/ICSME46990.2020.00017}
}

@INPROCEEDINGS{9582407,
  author={Herrmann, Marc and Klünder, Jil},
  booktitle={2021 IEEE 29th International Requirements Engineering Conference Workshops (REW)}, 
  title={From Textual to Verbal Communication: Towards Applying Sentiment Analysis to a Software Project Meeting}, 
  year={2021},
  volume={},
  number={},
  pages={371-376},
  doi={10.1109/REW53955.2021.00065}
}

@article{Calefato.2018,
 author = {Calefato, Fabio and Lanubile, Filippo and Maiorano, Federico and Novielli, Nicole},
 year = {2018},
 title = {Sentiment Polarity Detection for Software Development},
 pages = {1352--1382},
 volume = {23},
 number = {3},
 issn = {1382-3256},
 journal = {Empirical Software Engineering},
 doi = {10.1007/s10664-017-9546-9},
}

@inproceedings{Novielli.2018b,
author = {Novielli, Nicole and Calefato, Fabio and Lanubile, Filippo},
title = {A Gold Standard for Emotion Annotation in Stack Overflow},
year = {2018},
isbn = {9781450357166},
booktitle={2018 IEEE/ACM 15th International Conference on Mining Software Repositories (MSR)},
publisher = {Association for Computing Machinery},
address = {New York, NY, USA},
doi = {10.1145/3196398.3196453},
pages = {14–17},
numpages = {4},
keywords = {social software engineering, communication channels, sentiment analysis, stack overflow, emotion mining},
location = {Gothenburg, Sweden},
series = {MSR '18}
}

@Article{Novielli.replication2021,
author={Novielli, Nicole and Calefato, Fabio and Lanubile, Filippo and Serebrenik, Alexander},
title={Assessment of off-the-shelf SE-specific sentiment analysis tools: An extended replication study},
journal={Empirical Software Engineering},
year={2021},
month={Jun},
day={05},
volume={26},
number={4},
pages={77},
issn={1573-7616},
doi={10.1007/s10664-021-09960-w},
}

@inproceedings{Ortu.2016,
author = {Ortu, Marco and Murgia, Alessandro and Destefanis, Giuseppe and Tourani, Parastou and Tonelli, Roberto and Marchesi, Michele and Adams, Bram},
title = {The Emotional Side of Software Developers in JIRA},
year = {2016},
isbn = {9781450341868},
publisher = {Association for Computing Machinery},
address = {New York, NY, USA},
doi = {10.1145/2901739.2903505},
booktitle = {Proceedings of the 13th International Conference on Mining Software Repositories},
pages = {480–483},
numpages = {4},
keywords = {affective analysis, mining software repositories, issue reports},
location = {Austin, Texas},
series = {MSR '16}
}

@article{linSentiSLR22,
author = {Lin, Bin and Cassee, Nathan and Serebrenik, Alexander and Bavota, Gabriele and Novielli, Nicole and Lanza, Michele},
title = {Opinion Mining for Software Development: A Systematic Literature Review},
year = {2022},
issue_date = {July 2022},
publisher = {Association for Computing Machinery},
address = {New York, NY, USA},
journal = {ACM Trans. Softw. Eng. Methodol.},
volume = {31},
number = {3},
issn = {1049-331X},
doi = {10.1145/3490388},
month = {mar},
articleno = {38},
numpages = {41},
keywords = {software engineering, sentiment analysis, Opinion mining}
}

@misc{liu2019roberta,
      title={RoBERTa: A Robustly Optimized BERT Pretraining Approach}, 
      author = {Liu, Yinhan and Ott, Myle and Goyal, Naman and Du, Jingfei and Joshi, Mandar and Chen, Danqi and Levy, Omer and Lewis, Mike and Zettlemoyer, Luke and Stoyanov, Veselin},
      year={2019},
      publisher = {arXiv},
      doi = {10.48550/ARXIV.1907.11692},
      keywords = {Computation and Language (cs.CL), FOS: Computer and information sciences, FOS: Computer and information sciences},
      copyright = {arXiv.org perpetual, non-exclusive license}
}

@inproceedings{noviellicross20,
author = {Novielli, Nicole and Calefato, Fabio and Dongiovanni, Davide and Girardi, Daniela and Lanubile, Filippo},
title = {Can We Use SE-Specific Sentiment Analysis Tools in a Cross-Platform Setting?},
year = {2020},
isbn = {9781450375177},
booktitle = {Proceedings of the 17th International Conference on Mining Software Repositories},
publisher = {Association for Computing Machinery},
address = {New York, NY, USA},
doi = {10.1145/3379597.3387446},
pages = {158–168},
numpages = {11},
location = {Seoul, Republic of Korea},
series = {MSR '20}
}

@misc{novielligold.2020,
 title={A gold standard for polarity of emotions of software developers in GitHub},
 year = {2020},
 month = "3", 
 DOI = {10.6084/m9.figshare.11604597.v1},
 author={Novielli, Nicole and Calefato, Fabio and Dongiovanni, Davide and Girardi, Daniela and Lanubile, Filippo},
 publisher={figshare}
}

@article{obaidiSentiSMS22,
title = {Sentiment analysis tools in software engineering: A systematic mapping study},
journal = {Information and Software Technology},
volume = {151},
pages = {107018},
year = {2022},
issn = {0950-5849},
doi = {https://doi.org/10.1016/j.infsof.2022.107018},
author = {Martin Obaidi and Lukas Nagel and Alexander Specht and Jil Klünder},
keywords = {Social software engineering, Sentiment analysis, Machine learning, Systematic mapping study}
}

@book{parrott2001emotions,
  title={Emotions in social psychology: Essential readings},
  author={Parrott, W Gerrod},
  year={2001},
  publisher={psychology press}
}

@article{uddinVoting2021,
author = {Uddin, Gias and Gu\'{e}h\'{e}nuc, Yann-Ga\"{e}l and Khomh, Foutse and Roy, Chanchal K.},
title = {An Empirical Study of the Effectiveness of an Ensemble of Stand-Alone Sentiment Detection Tools for Software Engineering Datasets},
year = {2022},
issue_date = {July 2022},
publisher = {Association for Computing Machinery},
address = {New York, NY, USA},
volume = {31},
number = {3},
issn = {1049-331X},
doi = {10.1145/3491211},
journal = {ACM Trans. Softw. Eng. Methodol.},
month = {apr},
articleno = {48},
numpages = {38},
keywords = {Sentiment analysis, ensemble classifier, machine learning}
}

