@inproceedings{acharyabalancing,
  title={Balancing Feature Similarity and Label Variability for Optimal Size-Aware One-shot Subset Selection},
  author={Acharya, Abhinab and Yu, Dayou and Yu, Qi and Liu, Xumin},
  year={2024},
  booktitle={Forty-first International Conference on Machine Learning}
}

@misc{coleman2020selectionproxyefficientdata,
      title={Selection via Proxy: Efficient Data Selection for Deep Learning}, 
      author={Cody Coleman and Christopher Yeh and Stephen Mussmann and Baharan Mirzasoleiman and Peter Bailis and Percy Liang and Jure Leskovec and Matei Zaharia},
      year={2020},
      eprint={1906.11829},
      archivePrefix={arXiv},
      primaryClass={cs.LG},
      url={https://arxiv.org/abs/1906.11829}, 
}

@inproceedings{he2024large,
  title={Large-scale dataset pruning with dynamic uncertainty},
  author={He, Muyang and Yang, Shuo and Huang, Tiejun and Zhao, Bo},
  booktitle={Proceedings of the IEEE/CVF Conference on Computer Vision and Pattern Recognition},
  pages={7713--7722},
  year={2024}
}

@article{maharana2023d2,
  title={D2 pruning: Message passing for balancing diversity and difficulty in data pruning},
  author={Maharana, Adyasha and Yadav, Prateek and Bansal, Mohit},
  journal={arXiv preprint arXiv:2310.07931},
  year={2023}
}

@misc{pleiss2020identifyingmislabeleddatausing,
      title={Identifying Mislabeled Data using the Area Under the Margin Ranking}, 
      author={Geoff Pleiss and Tianyi Zhang and Ethan R. Elenberg and Kilian Q. Weinberger},
      year={2020},
      eprint={2001.10528},
      archivePrefix={arXiv},
      primaryClass={cs.LG},
      url={https://arxiv.org/abs/2001.10528}, 
}

@article{toneva2018empirical,
  title={An empirical study of example forgetting during deep neural network learning},
  author={Toneva, Mariya and Sordoni, Alessandro and Combes, Remi Tachet des and Trischler, Adam and Bengio, Yoshua and Gordon, Geoffrey J},
  journal={arXiv preprint arXiv:1812.05159},
  year={2018}
}

@inproceedings{xia2022moderate,
  title={Moderate coreset: A universal method of data selection for real-world data-efficient deep learning},
  author={Xia, Xiaobo and Liu, Jiale and Yu, Jun and Shen, Xu and Han, Bo and Liu, Tongliang},
  booktitle={The Eleventh International Conference on Learning Representations},
  year={2022}
}

@inproceedings{zhang2024spanning,
  title={Spanning training progress: Temporal dual-depth scoring (tdds) for enhanced dataset pruning},
  author={Zhang, Xin and Du, Jiawei and Li, Yunsong and Xie, Weiying and Zhou, Joey Tianyi},
  booktitle={Proceedings of the IEEE/CVF Conference on Computer Vision and Pattern Recognition},
  pages={26223--26232},
  year={2024}
}

@article{zheng2022coverage,
  title={Coverage-centric coreset selection for high pruning rates},
  author={Zheng, Haizhong and Liu, Rui and Lai, Fan and Prakash, Atul},
  journal={arXiv preprint arXiv:2210.15809},
  year={2022}
}

