@article{hestness2017deep,
  title={Deep learning scaling is predictable, empirically},
  author={Hestness, Joel and Narang, Sharan and Ardalani, Newsha and Diamos, Gregory and Jun, Heewoo and Kianinejad, Hassan and Patwary, Md Mos-tofa Ali and Yang, Yang and Zhou, Yanqi},
  journal={arXiv preprint arXiv:1712.00409},
  year={2017}
}
@article{rosenfeld2019constructive,
  title={A constructive prediction of the generalization error across scales},
  author={Rosenfeld, Jonathan S and Rosenfeld, Amir and Belinkov, Yonatan and Shavit, Nir},
  journal={arXiv preprint arXiv:1909.12673},
  year={2019}
}
@inproceedings{
gordon2021data,
title={Data and Parameter Scaling Laws for Neural Machine Translation},
author={Mitchell A Gordon and Kevin Duh and Jared Kaplan},
booktitle={ACL Rolling Review - May 2021},
year={2021},
url={https://openreview.net/forum?id=IKA7MLxsLSu}
}
@inproceedings{
sorscher2022beyond,
title={Beyond neural scaling laws: beating power law scaling via data pruning},
author={Ben Sorscher and Robert Geirhos and Shashank Shekhar and Surya Ganguli and Ari S. Morcos},
booktitle={Advances in Neural Information Processing Systems},
editor={Alice H. Oh and Alekh Agarwal and Danielle Belgrave and Kyunghyun Cho},
year={2022},
url={https://openreview.net/forum?id=UmvSlP-PyV}
}
@article{toneva2018empirical,
  title={An empirical study of example forgetting during deep neural network learning},
  author={Toneva, Mariya and Sordoni, Alessandro and Combes, Remi Tachet des and Trischler, Adam and Bengio, Yoshua and Gordon, Geoffrey J},
  journal={arXiv preprint arXiv:1812.05159},
  year={2018}
}
@misc{coleman2020selectionproxyefficientdata,
      title={Selection via Proxy: Efficient Data Selection for Deep Learning}, 
      author={Cody Coleman and Christopher Yeh and Stephen Mussmann and Baharan Mirzasoleiman and Peter Bailis and Percy Liang and Jure Leskovec and Matei Zaharia},
      year={2020},
      eprint={1906.11829},
      archivePrefix={arXiv},
      primaryClass={cs.LG},
      url={https://arxiv.org/abs/1906.11829}, 
}
@misc{pleiss2020identifyingmislabeleddatausing,
      title={Identifying Mislabeled Data using the Area Under the Margin Ranking}, 
      author={Geoff Pleiss and Tianyi Zhang and Ethan R. Elenberg and Kilian Q. Weinberger},
      year={2020},
      eprint={2001.10528},
      archivePrefix={arXiv},
      primaryClass={cs.LG},
      url={https://arxiv.org/abs/2001.10528}, 
}
@inproceedings{he2024large,
  title={Large-scale dataset pruning with dynamic uncertainty},
  author={He, Muyang and Yang, Shuo and Huang, Tiejun and Zhao, Bo},
  booktitle={Proceedings of the IEEE/CVF Conference on Computer Vision and Pattern Recognition},
  pages={7713--7722},
  year={2024}
}
@inproceedings{zhang2024spanning,
  title={Spanning training progress: Temporal dual-depth scoring (tdds) for enhanced dataset pruning},
  author={Zhang, Xin and Du, Jiawei and Li, Yunsong and Xie, Weiying and Zhou, Joey Tianyi},
  booktitle={Proceedings of the IEEE/CVF Conference on Computer Vision and Pattern Recognition},
  pages={26223--26232},
  year={2024}
}
@article{paul2021deep,
  title={Deep learning on a data diet: Finding important examples early in training},
  author={Paul, Mansheej and Ganguli, Surya and Dziugaite, Gintare Karolina},
  journal={Advances in neural information processing systems},
  volume={34},
  pages={20596--20607},
  year={2021}
}
@article{zheng2022coverage,
  title={Coverage-centric coreset selection for high pruning rates},
  author={Zheng, Haizhong and Liu, Rui and Lai, Fan and Prakash, Atul},
  journal={arXiv preprint arXiv:2210.15809},
  year={2022}
}
@article{maharana2023d2,
  title={D2 pruning: Message passing for balancing diversity and difficulty in data pruning},
  author={Maharana, Adyasha and Yadav, Prateek and Bansal, Mohit},
  journal={arXiv preprint arXiv:2310.07931},
  year={2023}
}
@inproceedings{xia2022moderate,
  title={Moderate coreset: A universal method of data selection for real-world data-efficient deep learning},
  author={Xia, Xiaobo and Liu, Jiale and Yu, Jun and Shen, Xu and Han, Bo and Liu, Tongliang},
  booktitle={The Eleventh International Conference on Learning Representations},
  year={2022}
}

@inproceedings{yang2024mind,
  title={Mind the Boundary: Coreset Selection via Reconstructing the Decision Boundary},
  author={Yang, Shuo and Cao, Zhe and Guo, Sheng and Zhang, Ruiheng and Luo, Ping and Zhang, Shengping and Nie, Liqiang},
  booktitle={Forty-first International Conference on Machine Learning},
  year={2024}
}
@article{borsos2020coresets,
  title={Coresets via bilevel optimization for continual learning and streaming},
  author={Borsos, Zal{\'a}n and Mutny, Mojmir and Krause, Andreas},
  journal={Advances in neural information processing systems},
  volume={33},
  pages={14879--14890},
  year={2020}
}
@inproceedings{zhou2022probabilistic,
  title={Probabilistic bilevel coreset selection},
  author={Zhou, Xiao and Pi, Renjie and Zhang, Weizhong and Lin, Yong and Chen, Zonghao and Zhang, Tong},
  booktitle={International Conference on Machine Learning},
  pages={27287--27302},
  year={2022},
  organization={PMLR}
}
@inproceedings{xia2024refined,
  title={Refined Coreset Selection: Towards Minimal Coreset Size under Model Performance Constraints},
  author={Xia, Xiaobo and Liu, Jiale and Zhang, Shaokun and Wu, Qingyun and Wei, Hongxin and Liu, Tongliang},
  booktitle={Forty-first International Conference on Machine Learning},
  year={2024}
}

@inproceedings{acharyabalancing,
  title={Balancing Feature Similarity and Label Variability for Optimal Size-Aware One-shot Subset Selection},
  author={Acharya, Abhinab and Yu, Dayou and Yu, Qi and Liu, Xumin},
  year={2024},
  booktitle={Forty-first International Conference on Machine Learning}
}

@article{jiang2020characterizing,
  title={Characterizing structural regularities of labeled data in overparameterized models},
  author={Jiang, Ziheng and Zhang, Chiyuan and Talwar, Kunal and Mozer, Michael C},
  journal={arXiv preprint arXiv:2002.03206},
  year={2020}
}

@misc{zhou2023probabilisticbilevelcoresetselection,
      title={Probabilistic Bilevel Coreset Selection}, 
      author={Xiao Zhou and Renjie Pi and Weizhong Zhang and Yong Lin and Tong Zhang},
      year={2023},
      eprint={2301.09880},
      archivePrefix={arXiv},
      primaryClass={cs.LG},
      url={https://arxiv.org/abs/2301.09880}, 
}

@inproceedings{shen2022data,
  title={Data augmentation as feature manipulation},
  author={Shen, Ruoqi and Bubeck, S{\'e}bastien and Gunasekar, Suriya},
  booktitle={International conference on machine learning},
  pages={19773--19808},
  year={2022},
  organization={PMLR}
}

@inproceedings{bengio2009curriculum,
  title={Curriculum learning},
  author={Bengio, Yoshua and Louradour, J{\'e}r{\^o}me and Collobert, Ronan and Weston, Jason},
  booktitle={Proceedings of the 26th annual international conference on machine learning},
  pages={41--48},
  year={2009}
}

@inproceedings{arpit2017closer,
  title={A closer look at memorization in deep networks},
  author={Arpit, Devansh and Jastrz{\k{e}}bski, Stanis{\l}aw and Ballas, Nicolas and Krueger, David and Bengio, Emmanuel and Kanwal, Maxinder S and Maharaj, Tegan and Fischer, Asja and Courville, Aaron and Bengio, Yoshua and others},
  booktitle={International conference on machine learning},
  pages={233--242},
  year={2017},
  organization={PMLR}
}

@misc{borsos2020coresetsbileveloptimizationcontinual,
      title={Coresets via Bilevel Optimization for Continual Learning and Streaming}, 
      author={Zalán Borsos and Mojmír Mutný and Andreas Krause},
      year={2020},
      eprint={2006.03875},
      archivePrefix={arXiv},
      primaryClass={cs.LG},
      url={https://arxiv.org/abs/2006.03875}, 
}
@misc{he2015deepresiduallearningimage,
      title={Deep Residual Learning for Image Recognition}, 
      author={Kaiming He and Xiangyu Zhang and Shaoqing Ren and Jian Sun},
      year={2015},
      eprint={1512.03385},
      archivePrefix={arXiv},
      primaryClass={cs.CV},
      url={https://arxiv.org/abs/1512.03385}, 
}
@misc{simonyan2015deepconvolutionalnetworkslargescale,
      title={Very Deep Convolutional Networks for Large-Scale Image Recognition}, 
      author={Karen Simonyan and Andrew Zisserman},
      year={2015},
      eprint={1409.1556},
      archivePrefix={arXiv},
      primaryClass={cs.CV},
      url={https://arxiv.org/abs/1409.1556}, 
}
@misc{beyer2022betterplainvitbaselines,
      title={Better plain ViT baselines for ImageNet-1k}, 
      author={Lucas Beyer and Xiaohua Zhai and Alexander Kolesnikov},
      year={2022},
      eprint={2205.01580},
      archivePrefix={arXiv},
      primaryClass={cs.CV},
      url={https://arxiv.org/abs/2205.01580}, 
}

@inproceedings{
tan2025data,
title={Data Pruning by Information Maximization},
author={Haoru Tan and Sitong Wu and Wei Huang and Shizhen Zhao and XIAOJUAN QI},
booktitle={The Thirteenth International Conference on Learning Representations},
year={2025},
url={https://openreview.net/forum?id=93XT0lKOct}
}

@inproceedings{swayamdipta2020dataset,
  title={Dataset Cartography: Mapping and Diagnosing Datasets with Training Dynamics},
  author={Swayamdipta, Swabha and Schwartz, Roy and Lourie, Nicholas and Wang, Yizhong and Hajishirzi, Hannaneh and Smith, Noah A and Choi, Yejin},
  booktitle={Proceedings of the 2020 Conference on Empirical Methods in Natural Language Processing (EMNLP)},
  pages={9275--9293},
  year={2020}
}

@inproceedings{liu2021swin,
  title={Swin transformer: Hierarchical vision transformer using shifted windows},
  author={Liu, Ze and Lin, Yutong and Cao, Yue and Hu, Han and Wei, Yixuan and Zhang, Zheng and Lin, Stephen and Guo, Baining},
  booktitle={Proceedings of the IEEE/CVF international conference on computer vision},
  pages={10012--10022},
  year={2021}
}

@misc{agarwal2022estimatingexampledifficultyusing,
      title={Estimating Example Difficulty Using Variance of Gradients}, 
      author={Chirag Agarwal and Daniel D'souza and Sara Hooker},
      year={2022},
      eprint={2008.11600},
      archivePrefix={arXiv},
      primaryClass={cs.CV},
      url={https://arxiv.org/abs/2008.11600}, 
}

@article{soudry2018implicit,
  title={The implicit bias of gradient descent on separable data},
  author={Soudry, Daniel and Hoffer, Elad and Nacson, Mor Shpigel and Gunasekar, Suriya and Srebro, Nathan},
  journal={Journal of Machine Learning Research},
  volume={19},
  number={70},
  pages={1--57},
  year={2018}
}


@inproceedings{li2022selective,
  title={Selective-supervised contrastive learning with noisy labels},
  author={Li, Shikun and Xia, Xiaobo and Ge, Shiming and Liu, Tongliang},
  booktitle={Proceedings of the IEEE/CVF conference on computer vision and pattern recognition},
  pages={316--325},
  year={2022}
}

@inproceedings{patrini2017making,
  title={Making deep neural networks robust to label noise: A loss correction approach},
  author={Patrini, Giorgio and Rozza, Alessandro and Krishna Menon, Aditya and Nock, Richard and Qu, Lizhen},
  booktitle={Proceedings of the IEEE conference on computer vision and pattern recognition},
  pages={1944--1952},
  year={2017}
}
@inproceedings{xia2020robust,
  title={Robust early-learning: Hindering the memorization of noisy labels},
  author={Xia, Xiaobo and Liu, Tongliang and Han, Bo and Gong, Chen and Wang, Nannan and Ge, Zongyuan and Chang, Yi},
  booktitle={International conference on learning representations},
  year={2020}
}
@article{xia2021instance,
  title={Instance correction for learning with open-set noisy labels},
  author={Xia, Xiaobo and Liu, Tongliang and Han, Bo and Gong, Mingming and Yu, Jun and Niu, Gang and Sugiyama, Masashi},
  journal={arXiv preprint arXiv:2106.00455},
  year={2021}
}
@article{choi2024bws,
  title={BWS: Best Window Selection Based on Sample Scores for Data Pruning across Broad Ranges},
  author={Choi, Hoyong and Ki, Nohyun and Chung, Hye Won},
  journal={arXiv preprint arXiv:2406.03057},
  year={2024}
}
@inproceedings{wang2018iterative,
  title={Iterative learning with open-set noisy labels},
  author={Wang, Yisen and Liu, Weiyang and Ma, Xingjun and Bailey, James and Zha, Hongyuan and Song, Le and Xia, Shu-Tao},
  booktitle={Proceedings of the IEEE conference on computer vision and pattern recognition},
  pages={8688--8696},
  year={2018}
}
@article{hendrycks2019benchmarking,
  title={Benchmarking neural network robustness to common corruptions and perturbations},
  author={Hendrycks, Dan and Dietterich, Thomas},
  journal={arXiv preprint arXiv:1903.12261},
  year={2019}
}

@article{gunasekar2018implicit,
  title={Implicit bias of gradient descent on linear convolutional networks},
  author={Gunasekar, Suriya and Lee, Jason D and Soudry, Daniel and Srebro, Nati},
  journal={Advances in neural information processing systems},
  volume={31},
  year={2018}
}