@inproceedings{koh2020concept,
  title={Concept bottleneck models},
  author={Koh, Pang Wei and Nguyen, Thao and Tang, Yew Siang and Mussmann, Stephen and Pierson, Emma and Kim, Been and Liang, Percy},
  booktitle={International conference on machine learning},
  pages={5338--5348},
  year={2020},
  organization={PMLR}
}

@article{yuksekgonul2022post,
  title={Post-hoc concept bottleneck models},
  author={Yuksekgonul, Mert and Wang, Maggie and Zou, James},
  journal={arXiv preprint arXiv:2205.15480},
  year={2022}
}

@article{kim2023probabilistic,
  title={Probabilistic concept bottleneck models},
  author={Kim, Eunji and Jung, Dahuin and Park, Sangha and Kim, Siwon and Yoon, Sungroh},
  journal={arXiv preprint arXiv:2306.01574},
  year={2023}
}

@article{havasi2022addressing,
  title={Addressing leakage in concept bottleneck models},
  author={Havasi, Marton and Parbhoo, Sonali and Doshi-Velez, Finale},
  journal={Advances in Neural Information Processing Systems},
  volume={35},
  pages={23386--23397},
  year={2022}
}
@article{furby2023towards,
  title={Towards a Deeper Understanding of Concept Bottleneck Models Through End-to-End Explanation},
  author={Furby, Jack and Cunnington, Daniel and Braines, Dave and Preece, Alun},
  journal={arXiv preprint arXiv:2302.03578},
  year={2023}
}
@article{welinder2010caltech,
  title={Caltech-UCSD birds 200},
  author={Welinder, Peter and Branson, Steve and Mita, Takeshi and Wah, Catherine and Schroff, Florian and Belongie, Serge and Perona, Pietro},
  year={2010},
  publisher={Technical Report CNS-TR-2010-001, California Institute of Technology}
}

@inproceedings{zarlenga2022concept,
  title={Concept embedding models},
  author={Zarlenga, Mateo Espinosa and Barbiero, Pietro and Ciravegna, Gabriele and Marra, Giuseppe and Giannini, Francesco and Diligenti, Michelangelo and Precioso, Frederic and Melacci, Stefano and Weller, Adrian and Lio, Pietro and others},
  booktitle={NeurIPS 2022-36th Conference on Neural Information Processing Systems},
  year={2022}
}

@inproceedings{liu2015deep,
  title={Deep learning face attributes in the wild},
  author={Liu, Ziwei and Luo, Ping and Wang, Xiaogang and Tang, Xiaoou},
  booktitle={Proceedings of the IEEE international conference on computer vision},
  pages={3730--3738},
  year={2015}
}

@article{xian2018zero,
  title={Zero-shot learningâ€”a comprehensive evaluation of the good, the bad and the ugly},
  author={Xian, Yongqin and Lampert, Christoph H and Schiele, Bernt and Akata, Zeynep},
  journal={IEEE transactions on pattern analysis and machine intelligence},
  volume={41},
  number={9},
  pages={2251--2265},
  year={2018},
  publisher={IEEE}
}

@article{zhou2017places,
  title={Places: A 10 million image database for scene recognition},
  author={Zhou, Bolei and Lapedriza, Agata and Khosla, Aditya and Oliva, Aude and Torralba, Antonio},
  journal={IEEE transactions on pattern analysis and machine intelligence},
  volume={40},
  number={6},
  pages={1452--1464},
  year={2017},
  publisher={IEEE}
}

@article{sheth2024auxiliary,
  title={Auxiliary losses for learning generalizable concept-based models},
  author={Sheth, Ivaxi and Ebrahimi Kahou, Samira},
  journal={Advances in Neural Information Processing Systems},
  volume={36},
  year={2024}
}

@inproceedings{ganin2015unsupervised,
  title={Unsupervised domain adaptation by backpropagation},
  author={Ganin, Yaroslav and Lempitsky, Victor},
  booktitle={International conference on machine learning},
  pages={1180--1189},
  year={2015},
  organization={PMLR}
}
@inproceedings{gretton2005measuring,
  title={Measuring statistical dependence with Hilbert-Schmidt norms},
  author={Gretton, Arthur and Bousquet, Olivier and Smola, Alex and Sch{\"o}lkopf, Bernhard},
  booktitle={International conference on algorithmic learning theory},
  pages={63--77},
  year={2005},
  organization={Springer}
}
@inproceedings{he2016deep,
  title={Deep residual learning for image recognition},
  author={He, Kaiming and Zhang, Xiangyu and Ren, Shaoqing and Sun, Jian},
  booktitle={Proceedings of the IEEE conference on computer vision and pattern recognition},
  pages={770--778},
  year={2016}
}
@article{margeloiu2021concept,
  title={Do concept bottleneck models learn as intended?},
  author={Margeloiu, Andrei and Ashman, Matthew and Bhatt, Umang and Chen, Yanzhi and Jamnik, Mateja and Weller, Adrian},
  journal={arXiv preprint arXiv:2105.04289},
  year={2021}
}
@inproceedings{wang2024disentangling,
  title={Disentangling Instructive Information from Ranked Multiple Candidates for Multi-Document Scientific Summarization},
  author={Wang, Pancheng and Li, Shasha and Li, Dong and Long, Kehan and Tang, Jintao and Wang, Ting},
  booktitle={Proceedings of the 47th International ACM SIGIR Conference on Research and Development in Information Retrieval},
  pages={2028--2037},
  year={2024}
}
@article{cheng2023disentangled,
  title={Disentangled feature representation for few-shot image classification},
  author={Cheng, Hao and Wang, Yufei and Li, Haoliang and Kot, Alex C and Wen, Bihan},
  journal={IEEE transactions on neural networks and learning systems},
  year={2023},
  publisher={IEEE}
}
@article{wu2020improving,
  title={Improving robustness and generality of NLP models using disentangled representations},
  author={Wu, Jiawei and Li, Xiaoya and Ao, Xiang and Meng, Yuxian and Wu, Fei and Li, Jiwei},
  journal={arXiv preprint arXiv:2009.09587},
  year={2020}
}

@inproceedings{xu2021multi,
  title={Multi-VAE: Learning disentangled view-common and view-peculiar visual representations for multi-view clustering},
  author={Xu, Jie and Ren, Yazhou and Tang, Huayi and Pu, Xiaorong and Zhu, Xiaofeng and Zeng, Ming and He, Lifang},
  booktitle={Proceedings of the IEEE/CVF international conference on computer vision},
  pages={9234--9243},
  year={2021}
}
@inproceedings{liu2020oogan,
  title={Oogan: Disentangling gan with one-hot sampling and orthogonal regularization},
  author={Liu, Bingchen and Zhu, Yizhe and Fu, Zuohui and De Melo, Gerard and Elgammal, Ahmed},
  booktitle={Proceedings of the AAAI Conference on Artificial Intelligence},
  volume={34},
  number={04},
  pages={4836--4843},
  year={2020}
}
@inproceedings{tran2017disentangled,
  title={Disentangled representation learning gan for pose-invariant face recognition},
  author={Tran, Luan and Yin, Xi and Liu, Xiaoming},
  booktitle={Proceedings of the IEEE conference on computer vision and pattern recognition},
  pages={1415--1424},
  year={2017}
}
@article{bengio2013representation,
  title={Representation learning: A review and new perspectives},
  author={Bengio, Yoshua and Courville, Aaron and Vincent, Pascal},
  journal={IEEE transactions on pattern analysis and machine intelligence},
  volume={35},
  number={8},
  pages={1798--1828},
  year={2013},
  publisher={IEEE}
}
@article{higgins2018towards,
  title={Towards a definition of disentangled representations},
  author={Higgins, Irina and Amos, David and Pfau, David and Racaniere, Sebastien and Matthey, Loic and Rezende, Danilo and Lerchner, Alexander},
  journal={arXiv preprint arXiv:1812.02230},
  year={2018}
}
@article{chen2016infogan,
  title={Infogan: Interpretable representation learning by information maximizing generative adversarial nets},
  author={Chen, Xi and Duan, Yan and Houthooft, Rein and Schulman, John and Sutskever, Ilya and Abbeel, Pieter},
  journal={Advances in neural information processing systems},
  volume={29},
  year={2016}
}
@inproceedings{jeon2021ib,
  title={Ib-gan: Disentangled representation learning with information bottleneck generative adversarial networks},
  author={Jeon, Insu and Lee, Wonkwang and Pyeon, Myeongjang and Kim, Gunhee},
  booktitle={Proceedings of the AAAI conference on artificial intelligence},
  volume={35},
  number={9},
  pages={7926--7934},
  year={2021}
}
@inproceedings{liu2021activity,
  title={Activity image-to-video retrieval by disentangling appearance and motion},
  author={Liu, Liu and Li, Jiangtong and Niu, Li and Xu, Ruicong and Zhang, Liqing},
  booktitle={Proceedings of the AAAI Conference on Artificial Intelligence},
  volume={35},
  number={3},
  pages={2145--2153},
  year={2021}
}
@inproceedings{suter2019robustly,
  title={Robustly disentangled causal mechanisms: Validating deep representations for interventional robustness},
  author={Suter, Raphael and Miladinovic, Djordje and Sch{\"o}lkopf, Bernhard and Bauer, Stefan},
  booktitle={International Conference on Machine Learning},
  pages={6056--6065},
  year={2019},
  organization={PMLR}
}

@article{mahinpei2021promises,
  title={Promises and pitfalls of black-box concept learning models},
  author={Mahinpei, Anita and Clark, Justin and Lage, Isaac and Doshi-Velez, Finale and Pan, Weiwei},
  journal={arXiv preprint arXiv:2106.13314},
  year={2021}
}
@ARTICLE{7968387,
  author={Zhou, Bolei and Lapedriza, Agata and Khosla, Aditya and Oliva, Aude and Torralba, Antonio},
  journal={IEEE Transactions on Pattern Analysis and Machine Intelligence}, 
  title={Places: A 10 Million Image Database for Scene Recognition}, 
  year={2018},
  volume={40},
  number={6},
  pages={1452-1464},
  keywords={Object recognition;Deep learning;Image recognition;Leearning (artificial intelligence);Image classification;Image analysis;Scene classification;visual recognition;deep learning;deep feature;image dataset},
  doi={10.1109/TPAMI.2017.2723009}}

@article{espinosa2024learning,
  title={Learning to receive help: Intervention-aware concept embedding models},
  author={Espinosa Zarlenga, Mateo and Collins, Katie and Dvijotham, Krishnamurthy and Weller, Adrian and Shams, Zohreh and Jamnik, Mateja},
  journal={Advances in Neural Information Processing Systems},
  volume={36},
  year={2024}
}

