@article{anderson1995cognitive,
  title={Cognitive tutors: Lessons learned},
  author={Anderson, John R and Corbett, Albert T and Koedinger, Kenneth R and Pelletier, Ray},
  journal={The journal of the learning sciences},
  volume={4},
  number={2},
  pages={167--207},
  year={1995},
  publisher={Taylor \& Francis}
}
@article{hubard2010three,
  title={Three modes of dialogue about works of art},
  author={Hubard, Olga M},
  journal={Art Education},
  volume={63},
  number={3},
  pages={40--45},
  year={2010},
  publisher={Taylor \& Francis}
}

@article{kelaher2014evaluating,
  title={Evaluating community outcomes of participation in community arts: A case for civic dialogue},
  author={Kelaher, Margaret and Berman, Naomi and Dunt, David and Johnson, Victoria and Curry, Steve and Joubert, Lindy},
  journal={Journal of Sociology},
  volume={50},
  number={2},
  pages={132--149},
  year={2014},
  publisher={Sage Publications Sage UK: London, England}
}
@article{ericsson2017protocol,
  title={Protocol analysis},
  author={Ericsson, K Anders},
  journal={A companion to cognitive science},
  pages={425--432},
  year={2017},
  publisher={Wiley Online Library}
}
@article{eccles2017think,
  title={The think aloud method: what is it and how do I use it?},
  author={Eccles, David W and Arsal, G{\"u}ler},
  journal={Qualitative Research in Sport, Exercise and Health},
  volume={9},
  number={4},
  pages={514--531},
  year={2017},
  publisher={Taylor \& Francis}
}
@article{achiam2023gpt,
  title={Gpt-4 technical report},
  author={Achiam, Josh and Adler, Steven and Agarwal, Sandhini and Ahmad, Lama and Akkaya, Ilge and Aleman, Florencia Leoni and Almeida, Diogo and Altenschmidt, Janko and Altman, Sam and Anadkat, Shyamal and others},
  journal={arXiv preprint arXiv:2303.08774},
  year={2023}
}

@article{team2023gemini,
  title={Gemini: a family of highly capable multimodal models},
  author={Team, Gemini and Anil, Rohan and Borgeaud, Sebastian and Wu, Yonghui and Alayrac, Jean-Baptiste and Yu, Jiahui and Soricut, Radu and Schalkwyk, Johan and Dai, Andrew M and Hauth, Anja and others},
  journal={arXiv preprint arXiv:2312.11805},
  year={2023}
}

@article{reid2024gemini,
  title={Gemini 1.5: Unlocking multimodal understanding across millions of tokens of context},
  author={Reid, Machel and Savinov, Nikolay and Teplyashin, Denis and Lepikhin, Dmitry and Lillicrap, Timothy and Alayrac, Jean-baptiste and Soricut, Radu and Lazaridou, Angeliki and Firat, Orhan and Schrittwieser, Julian and others},
  journal={arXiv preprint arXiv:2403.05530},
  year={2024}
}

@article{biswas2024robustness,
  title={Robustness of Structured Data Extraction from In-Plane Rotated Documents Using Multi-Modal Large Language Models (LLM)},
  author={Biswas, Anjanava and Talukdar, Wrick},
  journal={Journal of Artificial Intelligence Research},
  year={2024}
}

@article{zhang2024mm,
  title={Mm-llms: Recent advances in multimodal large language models},
  author={Zhang, Duzhen and Yu, Yahan and Li, Chenxing and Dong, Jiahua and Su, Dan and Chu, Chenhui and Yu, Dong},
  journal={arXiv preprint arXiv:2401.13601},
  year={2024}
}


@article{yin2023survey,
  title={A survey on multimodal large language models},
  author={Yin, Shukang and Fu, Chaoyou and Zhao, Sirui and Li, Ke and Sun, Xing and Xu, Tong and Chen, Enhong},
  journal={arXiv preprint arXiv:2306.13549},
  year={2023}
}

@inproceedings{seo2022toward,
  title={Toward an AI-assisted Assessment Tool to Support Online Art Therapy Practices: A Pilot Study.},
  author={Seo, Woosuk and Jun, Joonyoung and Chun, Minki and Jeong, Hyeonhak and Na, Sungmin and Cho, Woohyun and Kim, Saeri and Jung, Hyunggu},
  booktitle={ECSCW},
  year={2022}
}

@article{chen2022children,
  title={Children’s digital art ability training system based on ai-assisted learning: a case study of drawing color perception},
  author={Chen, Shih-Yeh and Lin, Pei-Hsuan and Chien, Wei-Che},
  journal={Frontiers in psychology},
  volume={13},
  pages={823078},
  year={2022},
  publisher={Frontiers Media SA}
}

@article{zhao2024revolutionizing,
  title={Revolutionizing art education: Integrating AI and multimedia for enhanced appreciation teaching},
  author={Zhao, Liang and Hussam, Eslam and Seong, Jin-Taek and Elshenawy, Assem and Kamal, Mustafa and Alshawarbeh, Etaf},
  journal={Alexandria Engineering Journal},
  volume={93},
  pages={33--43},
  year={2024},
  publisher={Elsevier}}
@inproceedings{qiao2022initial,
  title={Initial images: using image prompts to improve subject representation in multimodal ai generated art},
  author={Qiao, Han and Liu, Vivian and Chilton, Lydia},
  booktitle={Proceedings of the 14th Conference on Creativity and Cognition},
  pages={15--28},
  year={2022}
}
[1]
@inproceedings{li2024seed,
  title={SEED-Bench: Benchmarking Multimodal Large Language Models},
  author={Li, Bohao and Ge, Yuying and Ge, Yixiao and Wang, Guangzhi and Wang, Rui and Zhang, Ruimao and Shan, Ying},
  booktitle={Proceedings of the IEEE/CVF Conference on Computer Vision and Pattern Recognition},
  pages={13299--13308},
  year={2024}
}
[2]
@article{zhang2023m3exam,
  title={M3exam: A multilingual, multimodal, multilevel benchmark for examining large language models},
  author={Zhang, Wenxuan and Aljunied, Mahani and Gao, Chang and Chia, Yew Ken and Bing, Lidong},
  journal={Advances in Neural Information Processing Systems},
  volume={36},
  pages={5484--5505},
  year={2023}
}


@inproceedings{kadish2021improving,
  title={Improving object detection in art images using only style transfer},
  author={Kadish, David and Risi, Sebastian and L{\o}vlie, Anders Sundnes},
  booktitle={2021 international joint conference on neural networks (IJCNN)},
  pages={1--8},
  year={2021},
  organization={IEEE}
}
@article{bengamra2024comprehensive,
  title={A comprehensive survey on object detection in Visual Art: taxonomy and challenge},
  author={Bengamra, Siwar and Mzoughi, Olfa and Bigand, Andr{\'e} and Zagrouba, Ezzeddine},
  journal={Multimedia Tools and Applications},
  volume={83},
  number={5},
  pages={14637--14670},
  year={2024},
  publisher={Springer}
}

@inproceedings{martinez2021developing,
  title={Developing and operating artificial intelligence models in trustworthy autonomous systems},
  author={Mart{\'\i}nez-Fern{\'a}ndez, Silverio and Franch, Xavier and Jedlitschka, Andreas and Oriol, Marc and Trendowicz, Adam},
  booktitle={International Conference on Research Challenges in Information Science},
  pages={221--229},
  year={2021},
  organization={Springer}
}

@article{cetinic2022understanding,
  title={Understanding and creating art with AI: Review and outlook},
  author={Cetinic, Eva and She, James},
  journal={ACM Transactions on Multimedia Computing, Communications, and Applications (TOMM)},
  volume={18},
  number={2},
  pages={1--22},
  year={2022},
  publisher={ACM New York, NY}
}
@article{grba2022deep,
  title={Deep else: A critical framework for ai art},
  author={Grba, Dejan},
  journal={Digital},
  volume={2},
  number={1},
  pages={1--32},
  year={2022},
  publisher={MDPI}
}
@inproceedings{hamalainen2023evaluating,
  title={Evaluating large language models in generating synthetic hci research data: a case study},
  author={H{\"a}m{\"a}l{\"a}inen, Perttu and Tavast, Mikke and Kunnari, Anton},
  booktitle={Proceedings of the 2023 CHI Conference on Human Factors in Computing Systems},
  pages={1--19},
  year={2023}
}
@inproceedings{li2020artificial,
  title={Artificial intelligence for HCI: a modern approach},
  author={Li, Yang and Kumar, Ranjitha and Lasecki, Walter S and Hilliges, Otmar},
  booktitle={Extended Abstracts of the 2020 CHI conference on human factors in computing systems},
  pages={1--8},
  year={2020}
}
[1]
@article{zhao2023survey,
  title={A survey of large language models},
  author={Zhao, Wayne Xin and Zhou, Kun and Li, Junyi and Tang, Tianyi and Wang, Xiaolei and Hou, Yupeng and Min, Yingqian and Zhang, Beichen and Zhang, Junjie and Dong, Zican and others},
  journal={arXiv preprint arXiv:2303.18223},
  year={2023}
}

[4]
@article{chiang2023vicuna,
  title={Vicuna: An open-source chatbot impressing gpt-4 with 90\%* chatgpt quality},
  author={Chiang, Wei-Lin and Li, Zhuohan and Lin, Zi and Sheng, Ying and Wu, Zhanghao and Zhang, Hao and Zheng, Lianmin and Zhuang, Siyuan and Zhuang, Yonghao and Gonzalez, Joseph E and others},
  journal={See https://vicuna. lmsys. org (accessed 14 April 2023)},
  volume={2},
  number={3},
  pages={6},
  year={2023}
}
[5] 
@article{touvron2023llama,
  title={Llama: Open and efficient foundation language models},
  author={Touvron, Hugo and Lavril, Thibaut and Izacard, Gautier and Martinet, Xavier and Lachaux, Marie-Anne and Lacroix, Timoth{\'e}e and Rozi{\`e}re, Baptiste and Goyal, Naman and Hambro, Eric and Azhar, Faisal and others},
  journal={arXiv preprint arXiv:2302.13971},
  year={2023}
}
[6]
@article{peng2023instruction,
  title={Instruction tuning with gpt-4},
  author={Peng, Baolin and Li, Chunyuan and He, Pengcheng and Galley, Michel and Gao, Jianfeng},
  journal={arXiv preprint arXiv:2304.03277},
  year={2023}
}
[7]
@article{brown2020language,
  title={Language models are few-shot learners},
  author={Brown, Tom and Mann, Benjamin and Ryder, Nick and Subbiah, Melanie and Kaplan, Jared D and Dhariwal, Prafulla and Neelakantan, Arvind and Shyam, Pranav and Sastry, Girish and Askell, Amanda and others},
  journal={Advances in neural information processing systems},
  volume={33},
  pages={1877--1901},
  year={2020}
}
[8]
@article{wei2022chain,
  title={Chain-of-thought prompting elicits reasoning in large language models},
  author={Wei, Jason and Wang, Xuezhi and Schuurmans, Dale and Bosma, Maarten and Xia, Fei and Chi, Ed and Le, Quoc V and Zhou, Denny and others},
  journal={Advances in neural information processing systems},
  volume={35},
  pages={24824--24837},
  year={2022}
}
[9]
@inproceedings{kirillov2023segment,
  title={Segment anything},
  author={Kirillov, Alexander and Mintun, Eric and Ravi, Nikhila and Mao, Hanzi and Rolland, Chloe and Gustafson, Laura and Xiao, Tete and Whitehead, Spencer and Berg, Alexander C and Lo, Wan-Yen and others},
  booktitle={Proceedings of the IEEE/CVF International Conference on Computer Vision},
  pages={4015--4026},
  year={2023}
}
[10]
@inproceedings{shen2024aligning,
  title={Aligning and prompting everything all at once for universal visual perception},
  author={Shen, Yunhang and Fu, Chaoyou and Chen, Peixian and Zhang, Mengdan and Li, Ke and Sun, Xing and Wu, Yunsheng and Lin, Shaohui and Ji, Rongrong},
  booktitle={Proceedings of the IEEE/CVF Conference on Computer Vision and Pattern Recognition},
  pages={13193--13203},
  year={2024}
}
[11]
@article{zhang2022dino,
  title={Dino: Detr with improved denoising anchor boxes for end-to-end object detection},
  author={Zhang, Hao and Li, Feng and Liu, Shilong and Zhang, Lei and Su, Hang and Zhu, Jun and Ni, Lionel M and Shum, Heung-Yeung},
  journal={arXiv preprint arXiv:2203.03605},
  year={2022}
}
[12]
@article{oquab2023dinov2,
  title={Dinov2: Learning robust visual features without supervision},
  author={Oquab, Maxime and Darcet, Timoth{\'e}e and Moutakanni, Th{\'e}o and Vo, Huy and Szafraniec, Marc and Khalidov, Vasil and Fernandez, Pierre and Haziza, Daniel and Massa, Francisco and El-Nouby, Alaaeldin and others},
  journal={arXiv preprint arXiv:2304.07193},
  year={2023}
}
[13]
@inproceedings{radford2021learning,
  title={Learning transferable visual models from natural language supervision},
  author={Radford, Alec and Kim, Jong Wook and Hallacy, Chris and Ramesh, Aditya and Goh, Gabriel and Agarwal, Sandhini and Sastry, Girish and Askell, Amanda and Mishkin, Pamela and Clark, Jack and others},
  booktitle={International conference on machine learning},
  pages={8748--8763},
  year={2021},
  organization={PMLR}
}

[14]
@article{li2021align,
  title={Align before fuse: Vision and language representation learning with momentum distillation},
  author={Li, Junnan and Selvaraju, Ramprasaath and Gotmare, Akhilesh and Joty, Shafiq and Xiong, Caiming and Hoi, Steven Chu Hong},
  journal={Advances in neural information processing systems},
  volume={34},
  pages={9694--9705},
  year={2021}
}

[15]
@inproceedings{chen2020uniter,
  title={Uniter: Universal image-text representation learning},
  author={Chen, Yen-Chun and Li, Linjie and Yu, Licheng and El Kholy, Ahmed and Ahmed, Faisal and Gan, Zhe and Cheng, Yu and Liu, Jingjing},
  booktitle={European conference on computer vision},
  pages={104--120},
  year={2020},
  organization={Springer}
}

[16]
@inproceedings{wang2022ofa,
  title={Ofa: Unifying architectures, tasks, and modalities through a simple sequence-to-sequence learning framework},
  author={Wang, Peng and Yang, An and Men, Rui and Lin, Junyang and Bai, Shuai and Li, Zhikang and Ma, Jianxin and Zhou, Chang and Zhou, Jingren and Yang, Hongxia},
  booktitle={International conference on machine learning},
  pages={23318--23340},
  year={2022},
  organization={PMLR}
}

[17]
@inproceedings{cho2021unifying,
  title={Unifying vision-and-language tasks via text generation},
  author={Cho, Jaemin and Lei, Jie and Tan, Hao and Bansal, Mohit},
  booktitle={International Conference on Machine Learning},
  pages={1931--1942},
  year={2021},
  organization={PMLR}
}

[18]
@article{wang2021simvlm,
  title={Simvlm: Simple visual language model pretraining with weak supervision},
  author={Wang, Zirui and Yu, Jiahui and Yu, Adams Wei and Dai, Zihang and Tsvetkov, Yulia and Cao, Yuan},
  journal={arXiv preprint arXiv:2108.10904},
  year={2021}
}

[19]
@article{wei2021finetuned,
  title={Finetuned language models are zero-shot learners},
  author={Wei, Jason and Bosma, Maarten and Zhao, Vincent Y and Guu, Kelvin and Yu, Adams Wei and Lester, Brian and Du, Nan and Dai, Andrew M and Le, Quoc V},
  journal={arXiv preprint arXiv:2109.01652},
  year={2021}
}

[20]
@article{liu2024visual,
  title={Visual instruction tuning},
  author={Liu, Haotian and Li, Chunyuan and Wu, Qingyang and Lee, Yong Jae},
  journal={Advances in neural information processing systems},
  volume={36},
  year={2024}
}

[21]
@article{zhu2023minigpt,
  title={Minigpt-4: Enhancing vision-language understanding with advanced large language models},
  author={Zhu, Deyao and Chen, Jun and Shen, Xiaoqian and Li, Xiang and Elhoseiny, Mohamed},
  journal={arXiv preprint arXiv:2304.10592},
  year={2023}
}

[22]
@article{yang2023mm,
  title={Mm-react: Prompting chatgpt for multimodal reasoning and action},
  author={Yang, Zhengyuan and Li, Linjie and Wang, Jianfeng and Lin, Kevin and Azarnasab, Ehsan and Ahmed, Faisal and Liu, Zicheng and Liu, Ce and Zeng, Michael and Wang, Lijuan},
  journal={arXiv preprint arXiv:2303.11381},
  year={2023}
}

[23]
@inproceedings{cao2022multi,
  title={Multi-modal experience inspired AI creation},
  author={Cao, Qian and Chen, Xu and Song, Ruihua and Jiang, Hao and Yang, Guang and Cao, Zhao},
  booktitle={Proceedings of the 30th ACM International Conference on Multimedia},
  pages={1445--1454},
  year={2022}
}

[24]
@article{cropley2000defining,
  title={Defining and measuring creativity: Are creativity tests worth using?},
  author={Cropley, Arthur J},
  journal={Roeper review},
  volume={23},
  number={2},
  pages={72--79},
  year={2000},
  publisher={Taylor \& Francis}
}

[25]
@article{kim2006can,
  title={Can we trust creativity tests? A review of the Torrance Tests of Creative Thinking (TTCT)},
  author={Kim, Kyung Hee},
  journal={Creativity research journal},
  volume={18},
  number={1},
  pages={3--14},
  year={2006},
  publisher={Taylor \& Francis}
}

[26]
@article{soh2017fostering,
  title={Fostering student creativity through teacher behaviors},
  author={Soh, Kaycheng},
  journal={Thinking Skills and creativity},
  volume={23},
  pages={58--66},
  year={2017},
  publisher={Elsevier}
}

[27]
@article{kim2011apa,
  title={The APA 2009 Division 10 debate: Are the Torrance Tests of Creative Thinking still relevant in the 21st century?},
  author={Kim, Kyung Hee},
  journal={Psychology of Aesthetics, Creativity, and the Arts},
  volume={5},
  number={4},
  pages={302},
  year={2011},
  publisher={Educational Publishing Foundation}
}

[28]
@article{mumford1988creativity,
  title={Creativity syndrome: Integration, application, and innovation.},
  author={Mumford, Michael D and Gustafson, Sigrid B},
  journal={Psychological bulletin},
  volume={103},
  number={1},
  pages={27},
  year={1988},
  publisher={American Psychological Association}
}

[29]
@article{crockenberg1972creativity,
  title={Creativity tests: A boon or boondoggle for education?},
  author={Crockenberg, Susan B},
  journal={Review of Educational Research},
  volume={42},
  number={1},
  pages={27--45},
  year={1972},
  publisher={Sage Publications Sage CA: Thousand Oaks, CA}
}

[30]
@article{runco1984teachers,
  title={Teachers' judgments of creativity and social validation of divergent thinking tests},
  author={Runco, Mark A},
  journal={Perceptual and Motor Skills},
  volume={59},
  number={3},
  pages={711--717},
  year={1984},
  publisher={SAGE Publications Sage CA: Los Angeles, CA}
}

[31]
@article{baer2012domain,
  title={Domain specificity and the limits of creativity theory},
  author={Baer, John},
  journal={The Journal of Creative Behavior},
  volume={46},
  number={1},
  pages={16--29},
  year={2012},
  publisher={Wiley Online Library}
}

[32]
@article{plucker1998death,
  title={The death of creativity measurement has been greatly exaggerated: Current issues, recent advances, and future directions in creativity assessment},
  author={Plucker, Jonathan A and Runco, Mark A},
  journal={Roeper Review},
  volume={21},
  number={1},
  pages={36--39},
  year={1998},
  publisher={Taylor \& Francis}
}

[33]
@article{batey2012measurement,
  title={The measurement of creativity: From definitional consensus to the introduction of a new heuristic framework},
  author={Batey, Mark},
  journal={Creativity Research Journal},
  volume={24},
  number={1},
  pages={55--65},
  year={2012},
  publisher={Taylor \& Francis}
}

[33]
@article{jing2023design,
  title={Design of art teaching multimedia system based on genetic algorithms and computer network},
  author={Jing, Chen},
  journal={Soft Computing},
  volume={27},
  number={10},
  pages={6823--6833},
  year={2023},
  publisher={Springer}
}

[34]
@article{sullivan1993art,
  title={Art-based art education: Learning that is meaningful, authentic, critical and pluralist},
  author={Sullivan, Graeme},
  journal={Studies in Art Education},
  volume={35},
  number={1},
  pages={5--21},
  year={1993},
  publisher={Taylor \& Francis}
}

[35]
@book{edmonds2018art,
  title={The art of interaction: What HCI can learn from interactive art},
  author={Edmonds, Ernest},
  year={2018},
  publisher={Morgan \& Claypool Publishers}
}

[36]
@article{liao2023art,
  title={Art design and production based on artificial intelligence and improved neural network},
  author={Liao, Zeming},
  journal={Soft Computing},
  pages={1--13},
  year={2023},
  publisher={Springer}
}

[37]
@incollection{lazkani2024revolutionizing,
  title={Revolutionizing Education of Art and Design Through ChatGPT},
  author={Lazkani, Ousama},
  booktitle={Artificial Intelligence in Education: The Power and Dangers of ChatGPT in the Classroom},
  pages={49--60},
  year={2024},
  publisher={Springer}
}

[38]
@article{bilan2024revolutionizing,
  title={Revolutionizing art education: technologies and virtual platforms for the digital age},
  author={Bilan, Vasyl and Hromadskyi, Rostyslav and Zavadska, Hanna and Suslenska, Olena and Yalokha, Tetiana},
  journal={Revista Eduweb},
  volume={18},
  number={2},
  pages={117--128},
  year={2024}
}

[39]
@article{abdubannobovna2024emergence,
  title={THE EMERGENCE OF ART TEACHING TECHNOLOGY: REVOLUTIONIZING ART EDUCATION},
  author={Abdubannobovna, Mashhurakhan Rozmamatova and Orifakhon, Ergasheva},
  journal={Galaxy International Interdisciplinary Research Journal},
  volume={12},
  number={1},
  pages={287--290},
  year={2024}
}



[41]
@article{holmes2022state,
  title={State of the art and practice in AI in education},
  author={Holmes, Wayne and Tuomi, Ilkka},
  journal={European Journal of Education},
  volume={57},
  number={4},
  pages={542--570},
  year={2022},
  publisher={Wiley Online Library}
}

[42]
@article{barale2021inspires,
  title={“Who inspires who?” Aesthetics in front of AI art},
  author={Barale, Alice},
  journal={Philosophical Inquiries},
  volume={9},
  number={2},
  pages={195--220},
  year={2021}
}

[43]
@inproceedings{mazzone2019art,
  title={Art, creativity, and the potential of artificial intelligence},
  author={Mazzone, Marian and Elgammal, Ahmed},
  booktitle={Arts},
  volume={8},
  number={1},
  pages={26},
  year={2019},
  organization={MDPI}
}

[44]
@article{wingstrom2024redefining,
  title={Redefining creativity in the era of AI? Perspectives of computer scientists and new media artists},
  author={Wingstr{\"o}m, Roosa and Hautala, Johanna and Lundman, Riina},
  journal={Creativity Research Journal},
  volume={36},
  number={2},
  pages={177--193},
  year={2024},
  publisher={Taylor \& Francis}
}


【2】
@inproceedings{lee2022coauthor,
  title={Coauthor: Designing a human-ai collaborative writing dataset for exploring language model capabilities},
  author={Lee, Mina and Liang, Percy and Yang, Qian},
  booktitle={Proceedings of the 2022 CHI conference on human factors in computing systems},
  pages={1--19},
  year={2022}
}
【3】
@article{scherer2012generic,
  title={A generic framework for the inference of user states in human computer interaction: How patterns of low level behavioral cues support complex user states in HCI},
  author={Scherer, Stefan and Glodek, Michael and Layher, Georg and Schels, Martin and Schmidt, Miriam and Brosch, Tobias and Tschechne, Stephan and Schwenker, Friedhelm and Neumann, Heiko and Palm, G{\"u}nther},
  journal={Journal on Multimodal User Interfaces},
  volume={6},
  pages={117--141},
  year={2012},
  publisher={Springer}
}
【4】
@article{dillon1996user,
  title={User analysis in HCI—the historical lessons from individual differences research},
  author={Dillon, Andrew and Watson, Charles},
  journal={International journal of human-computer studies},
  volume={45},
  number={6},
  pages={619--637},
  year={1996},
  publisher={Elsevier}
}
【5】
@inproceedings{klasnja2011evaluate,
  title={How to evaluate technologies for health behavior change in HCI research},
  author={Klasnja, Predrag and Consolvo, Sunny and Pratt, Wanda},
  booktitle={Proceedings of the SIGCHI conference on human factors in computing systems},
  pages={3063--3072},
  year={2011}
}
【6】
@article{carvalho2017quality,
  title={Quality characteristics and measures for human--computer interaction evaluation in ubiquitous systems},
  author={Carvalho, Rainara Maia and de Castro Andrade, Rossana Maria and de Oliveira, K{\'a}thia Mar{\c{c}}al and de Sousa Santos, Ismayle and Bezerra, Carla Ilane Moreira},
  journal={Software Quality Journal},
  volume={25},
  pages={743--795},
  year={2017},
  publisher={Springer}
}
【7】
@inproceedings{santos2013quality,
  title={A quality model for human-computer interaction evaluation in ubiquitous systems},
  author={Santos, Rainara M and De Oliveira, K{\'a}thia M and Andrade, Rossana MC and Santos, Ismayle S and Lima, Edmilson R},
  booktitle={Latin American conference on human computer interaction},
  pages={63--70},
  year={2013},
  organization={Springer}
}
【8】
@inproceedings{lopes2015evaluating,
  title={Evaluating HCI Design with Interaction Modeling and Mockups-A Case Study},
  author={Lopes, Adriana and Marques, Anna Beatriz and Barbosa, Simone Diniz Junqueira and Conte, Tayana},
  booktitle={International Conference on Enterprise Information Systems},
  volume={2},
  pages={79--87},
  year={2015},
  organization={SCITEPRESS}
}
【9】
@article{liang2024quantifying,
  title={Quantifying \& modeling multimodal interactions: An information decomposition framework},
  author={Liang, Paul Pu and Cheng, Yun and Fan, Xiang and Ling, Chun Kai and Nie, Suzanne and Chen, Richard and Deng, Zihao and Allen, Nicholas and Auerbach, Randy and Mahmood, Faisal and others},
  journal={Advances in Neural Information Processing Systems},
  volume={36},
  year={2024}
}
[1]
@article{biswas2021realism,
  title={Realism},
  author={Biswas, Moinak},
  journal={BioScope: South Asian Screen Studies},
  volume={12},
  number={1-2},
  pages={158--161},
  year={2021},
  publisher={SAGE Publications Sage India: New Delhi, India}
}
[2]
@article{sfarra2014discovering,
  title={Discovering the defects in paintings using non-destructive testing (NDT) techniques and passing through measurements of deformation},
  author={Sfarra, S and Ibarra-Castanedo, C and Ambrosini, D and Paoletti, D and Bendada, A and Maldague, X},
  journal={Journal of Nondestructive Evaluation},
  volume={33},
  pages={358--383},
  year={2014},
  publisher={Springer}
}
[3]
@article{searle2016capturing,
  title={Capturing the imagination: Arts-informed inquiry as a method in program evaluation},
  author={Searle, Michelle J and Shulha, Lyn M},
  journal={Canadian Journal of Program Evaluation},
  volume={31},
  number={1},
  pages={34--60},
  year={2016},
  publisher={University of Toronto Press Toronto, ON}
}
[4]
@inproceedings{lu2015discovering,
  title={Discovering harmony: A hierarchical colour harmony model for aesthetics assessment},
  author={Lu, Peng and Kuang, Zhijie and Peng, Xujun and Li, Ruifan},
  booktitle={Computer Vision--ACCV 2014: 12th Asian Conference on Computer Vision, Singapore, Singapore, November 1-5, 2014, Revised Selected Papers, Part III 12},
  pages={452--467},
  year={2015},
  organization={Springer}
}
[5]
@inproceedings{pylypchuk2021developing,
  title={Developing an Approach to Colour Assessment of Works of Art on Aim to Creating a Comfortable and Harmonious Interior},
  author={Pylypchuk, Oksana and Polubok, Andrii and Krivenko, Olga and Safronova, Olena and Kosenko, Danylo and Avdieieva, Nataliia},
  booktitle={2021 International Conference on Social Sciences and Big Data Application (ICSSBDA 2021)},
  pages={181--187},
  year={2021},
  organization={Atlantis Press}
}
[6]
@article{zhang2021comprehensive,
  title={A comprehensive survey on computational aesthetic evaluation of visual art images: Metrics and challenges},
  author={Zhang, Jiajing and Miao, Yongwei and Yu, Jinhui},
  journal={IEEE Access},
  volume={9},
  pages={77164--77187},
  year={2021},
  publisher={IEEE}
}
【7】
@article{locher1999empirical,
  title={An empirical evaluation of the visual rightness theory of pictorial composition},
  author={Locher, Paul J and Stappers, Pieter Jan and Overbeeke, Kees},
  journal={Acta psychologica},
  volume={103},
  number={3},
  pages={261--280},
  year={1999},
  publisher={Elsevier}
}
【8】
@article{ding2020image,
  title={Image quality assessment: Unifying structure and texture similarity},
  author={Ding, Keyan and Ma, Kede and Wang, Shiqi and Simoncelli, Eero P},
  journal={IEEE transactions on pattern analysis and machine intelligence},
  volume={44},
  number={5},
  pages={2567--2581},
  year={2020},
  publisher={IEEE}
}
【9】

【10】
@article{du2020research,
  title={Research on the transformation and innovation of visual art design form based on digital fusion technology},
  author={Du, Yingbei},
  journal={Applied Mathematics and Nonlinear Sciences},
  year={2020}
}


@inproceedings{yacouby2020probabilistic,
  title={Probabilistic Extension of Precision, Recall, and F1 Score for More Thorough Evaluation of Classification Models},
  author={Yacouby, Reda and Axman, Dustin},
  booktitle={Proceedings of the First Workshop on Evaluation and Comparison of NLP Systems},
  pages={79--91},
  year={2020},
  organization={Association for Computational Linguistics}
}

@article{merlim2023benchmark,
  title={Behind the Magic, MERLIM: Multi-modal Evaluation Benchmark for Large Image-Language Models},
  author={Anonymous},
  journal={arXiv preprint arXiv:2312.02219},
  year={2023}
}

@article{benchlmm2023crossstyle,
  title={BenchLMM: Benchmarking Cross-style Visual Capability of Large Multimodal Models},
  author={Anonymous},
  journal={arXiv preprint arXiv:2312.02896},
  year={2023}
}

@article{yan2024survey,
  title={From Large Language Models to Large Multimodal Models: A Literature Review},
  author={Yan, Chuan and Li, Qing and Peng, Xiaojiang},
  journal={Applied Sciences},
  volume={14},
  number={12},
  pages={5068},
  year={2024},
  publisher={MDPI}
}

@article{yu2020mner,
  title={Improving Multimodal Named Entity Recognition via Entity Span Detection with Unified Multimodal Transformer},
  author={Yu, Jeffrey},
  journal={Proceedings of the ACL},
  year={2020}
}

@article{liu2023multimodal,
  title={Multimodal Large Language Models: A Survey},
  author={Liu, Fei and others},
  journal={arXiv preprint arXiv:2311.13165},
  year={2023}
}

@article{anonymous2023benchlmm,
      title={BenchLMM: Benchmarking Cross-style Visual Capability of Large Multimodal Models}, 
      author={Anonymous},
      year={2023},
      eprint={2312.02896},
      archivePrefix={arXiv},
      primaryClass={cs.CV}
}
@article{li2023seed,
      title={SEED-Bench: Benchmarking Multimodal Large Language Models}, 
      author={Bohao Li and Yuying Ge and Yixiao Ge and Guangzhi Wang and Rui Wang and Ruimao Zhang and Ying Shan},
      year={2023},
      eprint={2307.16125},
      archivePrefix={arXiv},
      primaryClass={cs.CV}
}
@article{john1996using,
  title={Using GOMS for user interface design and evaluation: Which technique?},
  author={John, Bonnie E and Kieras, David E},
  journal={ACM Transactions on Computer-Human Interaction (TOCHI)},
  volume={3},
  number={4},
  pages={287--319},
  year={1996},
  publisher={ACM New York, NY, USA}
}
@article{huang2024survey,
  title={A Survey on Evaluation of Multimodal Large Language Models},
  author={Huang, Jiaxing and Zhang, Jingyi},
  journal={arXiv preprint arXiv:2408.15769},
  year={2024}
}
%MMBench/MMBench-Chinese 
@article{liu2023mmbench,
  title={MMBench: Is Your Multi-modal Model an All-around Player?},
  author={Liu, Yuan and Duan, Haodong and Zhang, Yuanhan and Li, Bo and Zhang, Songyang and Zhao, Wangbo and Yuan, Yike and Wang, Jiaqi and He, Conghui and Liu, Ziwei and others},
  journal={arXiv preprint arXiv:2307.06281},
  year={2023}
}
%MM-Vet
@article{yu2023mm,
  title={Mm-vet: Evaluating large multimodal models for integrated capabilities},
  author={Yu, Weihao and Yang, Zhengyuan and Li, Linjie and Wang, Jianfeng and Lin, Kevin and Liu, Zicheng and Wang, Xinchao and Wang, Lijuan},
  journal={arXiv preprint arXiv:2308.02490},
  year={2023}
}
@article{awadalla2023openflamingo,
  title={OpenFlamingo: An Open-Source Framework for Training Large Autoregressive Vision-Language Models},
  author={Anas Awadalla and Irena Gao and Josh Gardner and Jack Hessel and Yusuf Hanafy and Wanrong Zhu and Kalyani Marathe and Yonatan Bitton and Samir Gadre and Shiori Sagawa and Jenia Jitsev and Simon Kornblith and Pang Wei Koh and Gabriel Ilharco and Mitchell Wortsman and Ludwig Schmidt},
  journal={arXiv preprint arXiv:2308.01390},
  year={2023}
}
@misc{dai2023instructblip,
      title={InstructBLIP: Towards General-purpose Vision-Language Models with Instruction Tuning}, 
      author={Wenliang Dai and Junnan Li and Dongxu Li and Anthony Meng Huat Tiong and Junqi Zhao and Weisheng Wang and Boyang Li and Pascale Fung and Steven Hoi},
      year={2023},
      eprint={2305.06500},
      archivePrefix={arXiv},
      primaryClass={cs.CV}
}
%Medical
@article{chen2024gmai,
  title={GMAI-MMBench: A Comprehensive Multimodal Evaluation Benchmark Towards General Medical AI},
  author={Chen, Pengcheng and Ye, Jin and Wang, Guoan and Li, Yanjun and Deng, Zhongying and Li, Wei and Li, Tianbin and Duan, Haodong and Huang, Ziyan and Su, Yanzhou and others},
  journal={arXiv preprint arXiv:2408.03361},
  year={2024}
}
@article{bai2023qwen,
  title={Qwen-vl: A versatile vision-language model for understanding, localization, text reading, and beyond},
  author={Bai, Jinze and Bai, Shuai and Yang, Shusheng and Wang, Shijie and Tan, Sinan and Wang, Peng and Lin, Junyang and Zhou, Chang and Zhou, Jingren},
  journal={arXiv preprint arXiv:2308.12966},
  volume={3},
  number={1},
  year={2023}
}
@article{chen2024plug,
  title={Plug-and-play grounding of reasoning in multimodal large language models},
  author={Chen, Jiaxing and Liu, Yuxuan and Li, Dehu and An, Xiang and Feng, Ziyong and Zhao, Yongle and Xie, Yin},
  journal={arXiv preprint arXiv:2403.19322},
  year={2024}
}
@misc{zhao2023vlchecklist,
      title={VL-CheckList: Evaluating Pre-trained Vision-Language Models with Objects, Attributes and Relations}, 
      author={Tiancheng Zhao and Tianqi Zhang and Mingwei Zhu and Haozhan Shen and Kyusong Lee and Xiaopeng Lu and Jianwei Yin},
      year={2023},
      eprint={2207.00221},
      archivePrefix={arXiv},
      primaryClass={cs.CV},
      url={https://arxiv.org/abs/2207.00221}, 
}
MDVP-Bench
@article{lin2024draw,
  title={Draw-and-Understand: Leveraging Visual Prompts to Enable MLLMs to Comprehend What You Want},
  author={Lin, Weifeng and Wei, Xinyu and An, Ruichuan and Gao, Peng and Zou, Bocheng and Luo, Yulin and Huang, Siyuan and Zhang, Shanghang and Li, Hongsheng},
  journal={arXiv preprint arXiv:2403.20271},
  year={2024}
}
@misc{yuan2024ospreypixelunderstandingvisual,
      title={Osprey: Pixel Understanding with Visual Instruction Tuning}, 
      author={Yuqian Yuan and Wentong Li and Jian Liu and Dongqi Tang and Xinjie Luo and Chi Qin and Lei Zhang and Jianke Zhu},
      year={2024},
      eprint={2312.10032},
      archivePrefix={arXiv},
      primaryClass={cs.CV},
      url={https://arxiv.org/abs/2312.10032}, 
}
II-Bench
@article{liu2024ii,
  title={II-Bench: An Image Implication Understanding Benchmark for Multimodal Large Language Models},
  author={Liu, Ziqiang and Fang, Feiteng and Feng, Xi and Du, Xinrun and Zhang, Chenhao and Wang, Zekun and Bai, Yuelin and Zhao, Qixuan and Fan, Liyang and Gan, Chengguang and others},
  journal={arXiv preprint arXiv:2406.05862},
  year={2024}
}
%TouchStone
@article{bai2023touchstone,
  title={Touchstone: Evaluating vision-language models by language models},
  author={Bai, Shuai and Yang, Shusheng and Bai, Jinze and Wang, Peng and Zhang, Xingxuan and Lin, Junyang and Wang, Xinggang and Zhou, Chang and Zhou, Jingren},
  journal={arXiv preprint arXiv:2308.16890},
  year={2023}
}
@article{liu2023llava,
  title={Visual instruction tuning},
  author={Liu, Haotian and Li, Chunyuan and Wu, Qingyang and Lee, Yong Jae},
  journal={arXiv preprint arXiv:2304.08485},
  year={2023}
}
@article{li2023llava,
 title={Llava-med: Training a large language-and-vision assistant for biomedicine in one day},
 author={Li, Chunyuan and Wong, Cliff and Zhang, Sheng and Usuyama, Naoto and Liu, Haotian and Yang, Jianwei and Naumann, Tristan and Poon, Hoifung and Gao, Jianfeng},
 journal={arXiv preprint arXiv:2306.00890},
 year={2023}
}
%VQA-RAD 
@article{lau2018dataset,
 title={A dataset of clinically generated visual questions and answers about radiology images},
 author={Lau, Jason J and Gayen, Soumya and Ben Abacha, Asma and Demner-Fushman, Dina},
 journal={Scientific data},
 volume={5},
 number={1},
 pages={1--10},
 year={2018},
 publisher={Nature Publishing Group}
}
@inproceedings{dai2017scannet,
 title={Scannet: Richly-annotated 3d reconstructions of indoor scenes},
 author={Dai, Angela and Chang, Angel X and Savva, Manolis and Halber, Maciej and Funkhouser, Thomas and Nie{\ss}ner, Matthias},
 booktitle={Proceedings of the IEEE conference on computer vision and pattern recognition},
 pages={5828--5839},
 year={2017}
}
%Audiocaps
@inproceedings{kim2019audiocaps,
 title={Audiocaps: Generating captions for audios in the wild},
 author={Kim, Chris Dongjoo and Kim, Byeongchang and Lee, Hyunmin and Kim, Gunhee},
 booktitle={Proceedings of the 2019 Conference of the North American Chapter of the Association for Computational Linguistics: Human Language Technologies, Volume 1 (Long and Short Papers)},
 pages={119--132},
 year={2019}
}
% COCO Caption
@article{chen2015microsoft,
 title={Microsoft coco captions: Data collection and evaluation server},
 author={Chen, Xinlei and Fang, Hao and Lin, Tsung-Yi and Vedantam, Ramakrishna and Gupta, Saurabh and Doll{\'a}r, Piotr and Zitnick, C Lawrence},
 journal={arXiv preprint arXiv:1504.00325},
 year={2015}
}
@inproceedings{lee2024design,
  title={A Design Space for Intelligent and Interactive Writing Assistants},
  author={Lee, Mina and Gero, Katy Ilonka and Chung, John Joon Young and Shum, Simon Buckingham and Raheja, Vipul and Shen, Hua and Venugopalan, Subhashini and Wambsganss, Thiemo and Zhou, David and Alghamdi, Emad A and others},
  booktitle={Proceedings of the CHI Conference on Human Factors in Computing Systems},
  pages={1--35},
  year={2024}
}
@article{talebirad2023multi,
  title={Multi-agent collaboration: Harnessing the power of intelligent llm agents},
  author={Talebirad, Yashar and Nadiri, Amirhossein},
  journal={arXiv preprint arXiv:2306.03314},
  year={2023}
}
@inproceedings{vahdat2015learning,
  title={A learning analytics approach to correlate the academic achievements of students with interaction data from an educational simulator},
  author={Vahdat, Mehrnoosh and Oneto, Luca and Anguita, Davide and Funk, Mathias and Rauterberg, Matthias},
  booktitle={Design for Teaching and Learning in a Networked World: 10th European Conference on Technology Enhanced Learning, EC-TEL 2015, Toledo, Spain, September 15-18, 2015, Proceedings 10},
  pages={352--366},
  year={2015},
  organization={Springer}
}
@inproceedings{trcka2009local,
  title={From local patterns to global models: Towards domain driven educational process mining},
  author={Trcka, Nikola and Pechenizkiy, Mykola},
  booktitle={2009 Ninth international conference on intelligent systems design and applications},
  pages={1114--1119},
  year={2009},
  organization={IEEE}
}
@inproceedings{pechenizkiy2009process,
  title={Process mining online assessment data},
  author={Pechenizkiy, Mykola and Trcka, Nikola and Vasilyeva, Ekaterina and van der Aalst, Wil MP and De Bra, PME},
  booktitle={Educational Data Mining 2009: 2nd International Conference on Educational Data Mining: proceedings [EDM'09], Cordoba, Spain. July 1-3, 2009},
  pages={279--288},
  year={2009},
  organization={International Working Group on Educational Data Mining}
}
@article{patterson2024audra,
  title={AuDrA: An automated drawing assessment platform for evaluating creativity},
  author={Patterson, John D and Barbot, Baptiste and Lloyd-Cox, James and Beaty, Roger E},
  journal={Behavior Research Methods},
  volume={56},
  number={4},
  pages={3619--3636},
  year={2024},
  publisher={Springer}
}
@article{cropley2022automated,
  title={Automated scoring of figural creativity using a convolutional neural network.},
  author={Cropley, David H and Marrone, Rebecca L},
  journal={Psychology of Aesthetics, Creativity, and the Arts},
  year={2022},
  publisher={Educational Publishing Foundation}
}
@book{bergson1911essai,
  title={Essai sur les donn{\'e}es imm{\'e}diates de la conscience},
  author={Bergson, Henri},
  year={1911},
  publisher={F. Alcan}
}
@article{rowe2008rule,
  title={Rule-selection and action-selection have a shared neuroanatomical basis in the human prefrontal and parietal cortex},
  author={Rowe, J and Hughes, L and Eckstein, D and Owen, AM},
  journal={Cerebral cortex},
  volume={18},
  number={10},
  pages={2275--2285},
  year={2008},
  publisher={Oxford University Press}
}
@inproceedings{shi1992impact,
  title={The Impact of Individual and Team Goals on Human Distributed Dynamic Decisionmaking: A Mathematical Model},
  author={Shi, Ping and Luh, Peter B and Kleinman, David L},
  booktitle={1992 American Control Conference},
  pages={1976--1977},
  year={1992},
  organization={IEEE}
}
@article{lamb2017pass,
  title={To pass or not to pass: Modeling the movement and affordance dynamics of a pick and place task},
  author={Lamb, Maurice and Kallen, Rachel W and Harrison, Steven J and Di Bernardo, Mario and Minai, Ali and Richardson, Michael J},
  journal={Frontiers in psychology},
  volume={8},
  pages={1061},
  year={2017},
  publisher={Frontiers Media SA}
}
@article{janssen2015strategic,
  title={Strategic adaptation to task characteristics, incentives, and individual differences in dual-tasking},
  author={Janssen, Christian P and Brumby, Duncan P},
  journal={PloS one},
  volume={10},
  number={7},
  pages={e0130009},
  year={2015},
  publisher={Public Library of Science San Francisco, CA USA}
}
@inproceedings{nemlekar2021two,
  title={Two-stage clustering of human preferences for action prediction in assembly tasks},
  author={Nemlekar, Heramb and Modi, Jignesh and Gupta, Satyandra K and Nikolaidis, Stefanos},
  booktitle={2021 IEEE International Conference on Robotics and Automation (ICRA)},
  pages={3487--3494},
  year={2021},
  organization={IEEE}
}
@article{blandford1995using,
  title={Using Interaction Framework to guide the design of interactive systems},
  author={Blandford, Ann E and Barnard, Philip J and Harrison, Michael D},
  journal={International journal of human-computer studies},
  volume={43},
  number={1},
  pages={101--130},
  year={1995},
  publisher={Elsevier}
}
@article{koposov2023,
  title={Iterative learning control of multi-agent systems using Kalman filtering methods},
  author={Koposov, RA and Pakshin, PI},
  journal={Automation and Remote Control},
  volume={84},
  number={6},
  pages={835--848},
  year={2023},
  publisher={Springer}
}

@article{esfandiari2012,
  title={Combining case-based reasoning and reinforcement learning for multi-agent systems},
  author={Esfandiari, Bita and Rafiq, Qamar and Benlamri, Rachid},
  journal={International Journal of Computer Applications},
  volume={38},
  number={4},
  year={2012},
  publisher={Foundation of Computer Science (FCS)}
}
@book{Zhang2020,
  author    = {Jun Zhang},
  title     = {Two Systems of Chinese Life Aesthetics},
  publisher = {People's Publishing House},
  address   = {Beijing},
  year      = {2020},
  pages     = {010-011}
}
@article{Jin2024,
  author  = {Jing Jin and Runzhou Li},
  title   = {Implications, Concerns, and Transcendence of AI-Based Art Evaluation: Focusing on "Elementary School Art"},
  journal = {Curriculum, Teaching Material, and Method},
  volume  = {44},
  number  = {05},
  pages   = {138-143},
  year    = {2024},
  issn    = {1000-0186},
  doi     = {10.19877/j.cnki.kcjcjf.2024.05.020}
}
@inproceedings{song2007multi,
  title={The multi-agent data collection in HLA-based simulation system},
  author={Song, Heng-Jie and Shen, Zhi-Qi and Miao, Chun-Yan and Tan, Ah-Hwee and Zhao, Guo-Peng},
  booktitle={21st International Workshop on Principles of Advanced and Distributed Simulation (PADS'07)},
  pages={61--69},
  year={2007},
  organization={IEEE}
}