@inproceedings{zhang2022langevin,
  title={A langevin-like sampler for discrete distributions},
  author={Zhang, Ruqi and Liu, Xingchao and Liu, Qiang},
  booktitle={International Conference on Machine Learning},
  pages={26375--26396},
  year={2022},
  organization={PMLR}
}

@misc{robert1999monte,
  title={Monte Carlo Statistical Methods},
  author={Robert, CP},
  year={1999},
  publisher={Springer-Verlag New York}
}

@article{zarfaty2022discrete,
  title={Discrete sampling of extreme events modifies their statistics},
  author={Zarfaty, Lior and Barkai, Eli and Kessler, David A},
  journal={Physical Review Letters},
  volume={129},
  number={9},
  pages={094101},
  year={2022},
  publisher={APS}
}

@article{doucet2000sequential,
  title={On sequential Monte Carlo sampling methods for Bayesian filtering},
  author={Doucet, Arnaud and Godsill, Simon and Andrieu, Christophe},
  journal={Statistics and computing},
  volume={10},
  pages={197--208},
  year={2000},
  publisher={Springer}
}

@article{bollback2006simmap,
  title={SIMMAP: stochastic character mapping of discrete traits on phylogenies},
  author={Bollback, Jonathan P},
  journal={BMC bioinformatics},
  volume={7},
  pages={1--7},
  year={2006},
  publisher={Springer}
}



@article{ait2003effects,
  title={The effects of random and discrete sampling when estimating continuous--time diffusions},
  author={A{\"\i}t--Sahalia, Yacine and Mykland, Per A},
  journal={Econometrica},
  volume={71},
  number={2},
  pages={483--549},
  year={2003},
  publisher={Wiley Online Library}
}

@article{neal2000markov,
  title={Markov chain sampling methods for Dirichlet process mixture models},
  author={Neal, Radford M},
  journal={Journal of computational and graphical statistics},
  volume={9},
  number={2},
  pages={249--265},
  year={2000},
  publisher={Taylor \& Francis}
}
@article{ishwaran2001gibbs,
  title={Gibbs sampling methods for stick-breaking priors},
  author={Ishwaran, Hemant and James, Lancelot F},
  journal={Journal of the American statistical Association},
  volume={96},
  number={453},
  pages={161--173},
  year={2001},
  publisher={Taylor \& Francis}
}

@book{baumgartner2012monte,
  title={The Monte Carlo method in condensed matter physics},
  author={Baumg{\"a}rtner, Artur and Burkitt, AN and Ceperley, DM and De Raedt, H and Ferrenberg, AM and Heermann, DW and Herrmann, HJ and Landau, DP and Levesque, D and von der Linden, W and others},
  volume={71},
  year={2012},
  publisher={Springer Science \& Business Media}
}

@article{negri2015efficient,
  title={Efficient model reduction of parametrized systems by matrix discrete empirical interpolation},
  author={Negri, Federico and Manzoni, Andrea and Amsallem, David},
  journal={Journal of Computational Physics},
  volume={303},
  pages={431--454},
  year={2015},
  publisher={Elsevier}
}

@article{yu2013shrinkage,
  title={Shrinkage estimation of dispersion in Negative Binomial models for RNA-seq experiments with small sample size},
  author={Yu, Danni and Huber, Wolfgang and Vitek, Olga},
  journal={Bioinformatics},
  volume={29},
  number={10},
  pages={1275--1282},
  year={2013},
  publisher={Oxford University Press}
}
@article{jones2004markov,
  title={On the Markov chain central limit theorem},
  author={Jones, Galin L},
  journal={Probability Surveys},
  volume={1},
  pages={299--320},
  year={2004}
}

@article{wang2019bert,
  title={BERT has a mouth, and it must speak: BERT as a Markov random field language model},
  author={Wang, Alex and Cho, Kyunghyun},
  journal={arXiv preprint arXiv:1902.04094},
  year={2019}
}


@article{dawid2024introduction,
  title={Introduction to latent variable energy-based models: a path toward autonomous machine intelligence},
  author={Dawid, Anna and LeCun, Yann},
  journal={Journal of Statistical Mechanics: Theory and Experiment},
  volume={2024},
  number={10},
  pages={104011},
  year={2024},
  publisher={IOP Publishing}
}


@article{wang2010gibbs,
  title={A Gibbs sampling strategy applied to the mapping of ambiguous short-sequence tags},
  author={Wang, Jianrong and Huda, Ahsan and Lunyak, Victoria V and Jordan, I King},
  journal={Bioinformatics},
  volume={26},
  number={20},
  pages={2501--2508},
  year={2010},
  publisher={Oxford University Press}
}

@article{peters2018probabilistic,
  title={Probabilistic binary neural networks},
  author={Peters, Jorn WT and Welling, Max},
  journal={arXiv preprint arXiv:1809.03368},
  year={2018}
}

@inproceedings{ziyin2021sgd,
  title={Sgd can converge to local maxima},
  author={Ziyin, Liu and Li, Botao and Simon, James B and Ueda, Masahito},
  booktitle={International Conference on Learning Representations},
  year={2021}
}

@article{pynadath2024gradient,
  title={Gradient-based Discrete Sampling with Automatic Cyclical Scheduling},
  author={Pynadath, Patrick and Bhattacharya, Riddhiman and Hariharan, Arun and Zhang, Ruqi},
  journal={arXiv preprint arXiv:2402.17699},
  year={2024}
}

@inproceedings{grathwohl2021oops,
  title={Oops i took a gradient: Scalable sampling for discrete distributions},
  author={Grathwohl, Will and Swersky, Kevin and Hashemi, Milad and Duvenaud, David and Maddison, Chris},
  booktitle={International Conference on Machine Learning},
  pages={3831--3841},
  year={2021},
  organization={PMLR}
}


@article{meng2022concrete,
  title={Concrete score matching: Generalized score matching for discrete data},
  author={Meng, Chenlin and Choi, Kristy and Song, Jiaming and Ermon, Stefano},
  journal={Advances in Neural Information Processing Systems},
  volume={35},
  pages={34532--34545},
  year={2022}
}

@article{sun2022optimal,
  title={Optimal scaling for locally balanced proposals in discrete spaces},
  author={Sun, Haoran and Dai, Hanjun and Schuurmans, Dale},
  journal={Advances in Neural Information Processing Systems},
  volume={35},
  pages={23867--23880},
  year={2022}
}

@inproceedings{xiang2023efficient,
  title={Efficient Informed Proposals for Discrete Distributions via Newtonâ€™s Series Approximation},
  author={Xiang, Yue and Zhu, Dongyao and Lei, Bowen and Xu, Dongkuan and Zhang, Ruqi},
  booktitle={International Conference on Artificial Intelligence and Statistics},
  pages={7288--7310},
  year={2023},
  organization={PMLR}
}

@inproceedings{sun2023any,
  title={Any-scale balanced samplers for discrete space},
  author={Sun, Haoran and Dai, Bo and Sutton, Charles and Schuurmans, Dale and Dai, Hanjun},
  booktitle={The Eleventh International Conference on Learning Representations},
  year={2023}
}

@article{swendsen1987nonuniversal,
  title={Nonuniversal critical dynamics in Monte Carlo simulations},
  author={Swendsen, Robert H and Wang, Jian-Sheng},
  journal={Physical review letters},
  volume={58},
  number={2},
  pages={86},
  year={1987},
  publisher={APS}
}

@article{hamze2012fields,
  title={From fields to trees},
  author={Hamze, Firas and de Freitas, Nando},
  journal={arXiv preprint arXiv:1207.4149},
  year={2012}
}


@article{swendsen1986replica,
  title={Replica Monte Carlo simulation of spin-glasses},
  author={Swendsen, Robert H and Wang, Jian-Sheng},
  journal={Physical review letters},
  volume={57},
  number={21},
  pages={2607},
  year={1986},
  publisher={APS}
}


@article{chen2020accelerating,
  title={Accelerating nonconvex learning via replica exchange Langevin diffusion},
  author={Chen, Yi and Chen, Jinglin and Dong, Jing and Peng, Jian and Wang, Zhaoran},
  journal={arXiv preprint arXiv:2007.01990},
  year={2020}
}

@article{zhang2019cyclical,
  title={Cyclical stochastic gradient MCMC for Bayesian deep learning},
  author={Zhang, Ruqi and Li, Chunyuan and Zhang, Jianyi and Chen, Changyou and Wilson, Andrew Gordon},
  journal={arXiv preprint arXiv:1902.03932},
  year={2019}
}

@article{berg1991multicanonical,
  title={Multicanonical algorithms for first order phase transitions},
  author={Berg, Bernd A and Neuhaus, Thomas},
  journal={Physics Letters B},
  volume={267},
  number={2},
  pages={249--253},
  year={1991},
  publisher={Elsevier}
}

@article{deng2020contour,
  title={A contour stochastic gradient langevin dynamics algorithm for simulations of multi-modal distributions},
  author={Deng, Wei and Lin, Guang and Liang, Faming},
  journal={Advances in neural information processing systems},
  volume={33},
  pages={15725--15736},
  year={2020}
}

@article{dupuis2012infinite,
  title={On the infinite swapping limit for parallel tempering},
  author={Dupuis, Paul and Liu, Yufei and Plattner, Nuria and Doll, Jimmie D},
  journal={Multiscale Modeling \& Simulation},
  volume={10},
  number={3},
  pages={986--1022},
  year={2012},
  publisher={SIAM}
}

@article{zanella2020informed,
  title={Informed proposals for local MCMC in discrete spaces},
  author={Zanella, Giacomo},
  journal={Journal of the American Statistical Association},
  volume={115},
  number={530},
  pages={852--865},
  year={2020},
  publisher={Taylor \& Francis}
}

@inproceedings{sun2021path,
  title={Path auxiliary proposal for MCMC in discrete space},
  author={Sun, Haoran and Dai, Hanjun and Xia, Wei and Ramamurthy, Arun},
  booktitle={International Conference on Learning Representations},
  year={2021}
}



@article{wang2001efficient,
  title={Efficient, multiple-range random walk algorithm to calculate the density of states},
  author={Wang, Fugao and Landau, David P},
  journal={Physical review letters},
  volume={86},
  number={10},
  pages={2050},
  year={2001},
  publisher={APS}
}

@article{kirkpatrick1983optimization,
  title={Optimization by simulated annealing},
  author={Kirkpatrick, Scott and Gelatt Jr, C Daniel and Vecchi, Mario P},
  journal={science},
  volume={220},
  number={4598},
  pages={671--680},
  year={1983},
  publisher={American association for the advancement of science}
}

@article{marinari1992simulated,
  title={Simulated tempering: a new Monte Carlo scheme},
  author={Marinari, Enzo and Parisi, Giorgio},
  journal={Europhysics letters},
  volume={19},
  number={6},
  pages={451},
  year={1992},
  publisher={IOP Publishing}
}

@article{wong1997dynamic,
  title={Dynamic weighting in Monte Carlo and optimization},
  author={Wong, Wing Hung and Liang, Faming},
  journal={Proceedings of the National Academy of Sciences},
  volume={94},
  number={26},
  pages={14220--14224},
  year={1997},
  publisher={National Acad Sciences}
}


@article{earl2005parallel,
  title={Parallel tempering: Theory, applications, and new perspectives},
  author={Earl, David J and Deem, Michael W},
  journal={Physical Chemistry Chemical Physics},
  volume={7},
  number={23},
  pages={3910--3916},
  year={2005},
  publisher={Royal Society of Chemistry}
}

@inproceedings{mangoubi2018convex,
  title={Convex optimization with unbounded nonconvex oracles using simulated annealing},
  author={Mangoubi, Oren and Vishnoi, Nisheeth K},
  booktitle={Conference On Learning Theory},
  pages={1086--1124},
  year={2018},
  organization={PMLR}
}

@article{ge2018simulated,
  title={Simulated tempering langevin monte carlo ii: An improved proof using soft markov chain decomposition},
  author={Ge, Rong and Lee, Holden and Risteski, Andrej},
  journal={arXiv preprint arXiv:1812.00793},
  year={2018}
}

@article{dong2022spectral,
  title={Spectral gap of replica exchange langevin diffusion on mixture distributions},
  author={Dong, Jing and Tong, Xin T},
  journal={Stochastic Processes and their Applications},
  volume={151},
  pages={451--489},
  year={2022},
  publisher={Elsevier}
}


@inproceedings{deng2020non,
  title={Non-convex learning via replica exchange stochastic gradient mcmc},
  author={Deng, Wei and Feng, Qi and Gao, Liyao and Liang, Faming and Lin, Guang},
  booktitle={International Conference on Machine Learning},
  pages={2474--2483},
  year={2020},
  organization={PMLR}
}

@article{deng2020accelerating,
  title={Accelerating convergence of replica exchange stochastic gradient MCMC via variance reduction},
  author={Deng, Wei and Feng, Qi and Karagiannis, Georgios and Lin, Guang and Liang, Faming},
  journal={arXiv preprint arXiv:2010.01084},
  year={2020}
}



@article{Anoy2025DREAM,
  title={Exploring Non-Convex Discrete Energy Landscapes: A Langevin-Like Sampler with Replica Exchange},
  author={Anonymous authors},
  journal={OpenReview, https://openreview.net/forum?id=bHY0Uypoh9},
  year={2025},
}



@article{teh2016consistency,
  title={Consistency and fluctuations for stochastic gradient Langevin dynamics},
  author={Teh, Yee Whye and Thi{\'e}ry, Alexandre and Vollmer, Sebastian J},
  journal={Journal of Machine Learning Research},
  volume={17},
  number={7},
  year={2016},
  publisher={Journal of Machine Learning Research}
}

@article{schweitzer1968perturbation,
  title={Perturbation theory and finite Markov chains},
  author={Schweitzer, Paul J},
  journal={Journal of Applied Probability},
  volume={5},
  number={2},
  pages={401--413},
  year={1968},
  publisher={Cambridge University Press}
}

@article{cho2001comparison,
  title={Comparison of perturbation bounds for the stationary distribution of a Markov chain},
  author={Cho, Grace E and Meyer, Carl D},
  journal={Linear Algebra and its Applications},
  volume={335},
  number={1-3},
  pages={137--150},
  year={2001},
  publisher={North-Holland}
}

@book{horn2012matrix,
  title={Matrix analysis},
  author={Horn, Roger A and Johnson, Charles R},
  year={2012},
  publisher={Cambridge university press}
}

@book{levin2017markov,
  title={Markov chains and mixing times},
  author={Levin, David A and Peres, Yuval},
  volume={107},
  year={2017},
  publisher={American Mathematical Soc.}
}



@article{zhengexploring,
  title={Exploring Non-Convex Discrete Energy Landscapes: A Langevin-Like Sampler with Replica Exchange},
  author={Zheng, Haoyang and Zhang, Ruqi and Lin, Guang},
  journal={openreview.net},
  year={2024}
}

@inproceedings{carreira2005contrastive,
  title={On contrastive divergence learning},
  author={Carreira-Perpinan, Miguel A and Hinton, Geoffrey},
  booktitle={International workshop on artificial intelligence and statistics},
  pages={33--40},
  year={2005},
  organization={PMLR}
}


@article{wu2020stochastic,
  title={Stochastic normalizing flows},
  author={Wu, Hao and K{\"o}hler, Jonas and No{\'e}, Frank},
  journal={Advances in Neural Information Processing Systems},
  volume={33},
  pages={5933--5944},
  year={2020}
}


@article{grathwohl2019your,
  title={Your classifier is secretly an energy based model and you should treat it like one},
  author={Grathwohl, Will and Wang, Kuan-Chieh and Jacobsen, J{\"o}rn-Henrik and Duvenaud, David and Norouzi, Mohammad and Swersky, Kevin},
  journal={arXiv preprint arXiv:1912.03263},
  year={2019}
}


@article{ye2017langevin,
  title={Langevin dynamics with continuous tempering for training deep neural networks},
  author={Ye, Nanyang and Zhu, Zhanxing and Mantiuk, Rafal K},
  journal={arXiv preprint arXiv:1703.04379},
  year={2017}
}

@article{lecun2006tutorial,
  title={A tutorial on energy-based learning},
  author={LeCun, Yann and Chopra, Sumit and Hadsell, Raia and Ranzato, M and Huang, Fujie and others},
  journal={Predicting structured data},
  volume={1},
  number={0},
  year={2006}
}


@inproceedings{he2016deep,
  title={Deep residual learning for image recognition},
  author={He, Kaiming and Zhang, Xiangyu and Ren, Shaoqing and Sun, Jian},
  booktitle={Proceedings of the IEEE conference on computer vision and pattern recognition},
  pages={770--778},
  year={2016}
}


@inproceedings{ngiam2011learning,
  title={Learning deep energy models},
  author={Ngiam, Jiquan and Chen, Zhenghao and Koh, Pang W and Ng, Andrew Y},
  booktitle={Proceedings of the 28th international conference on machine learning (ICML-11)},
  pages={1105--1112},
  year={2011}
}


@inproceedings{tieleman2009using,
  title={Using fast weights to improve persistent contrastive divergence},
  author={Tieleman, Tijmen and Hinton, Geoffrey},
  booktitle={Proceedings of the 26th annual international conference on machine learning},
  pages={1033--1040},
  year={2009}
}

@article{du2019implicit,
  title={Implicit generation and modeling with energy based models},
  author={Du, Yilun and Mordatch, Igor},
  journal={Advances in Neural Information Processing Systems},
  volume={32},
  year={2019}
}

@article{neal2001annealed,
  title={Annealed importance sampling},
  author={Neal, Radford M},
  journal={Statistics and computing},
  volume={11},
  pages={125--139},
  year={2001},
  publisher={Springer}
}

@inproceedings{tomczak2018vae,
  title={VAE with a VampPrior},
  author={Tomczak, Jakub and Welling, Max},
  booktitle={International conference on artificial intelligence and statistics},
  pages={1214--1223},
  year={2018},
  organization={PMLR}
}


@article{zhu2019text,
  title={Text infilling},
  author={Zhu, Wanrong and Hu, Zhiting and Xing, Eric},
  journal={arXiv preprint arXiv:1901.00158},
  year={2019}
}

@article{lkacki2016state,
  title={State-dependent swap strategies and automatic reduction of number of temperatures in adaptive parallel tempering algorithm},
  author={{\L}{\k{a}}cki, Mateusz Krzysztof and Miasojedow, B{\l}a{\.z}ej},
  journal={Statistics and Computing},
  volume={26},
  pages={951--964},
  year={2016},
  publisher={Springer}
}


@phdthesis{syed2022non,
  title={Non-reversible parallel tempering on optimized paths},
  author={Syed, Saifuddin},
  year={2022},
  school={University of British Columbia}
}


@article{jiang2024uncovering,
  title={Uncovering meanings of embeddings via partial orthogonality},
  author={Jiang, Yibo and Aragam, Bryon and Veitch, Victor},
  journal={Advances in Neural Information Processing Systems},
  volume={36},
  year={2024}
}

@article{park2023linear,
  title={The linear representation hypothesis and the geometry of large language models},
  author={Park, Kiho and Choe, Yo Joong and Veitch, Victor},
  journal={arXiv preprint arXiv:2311.03658},
  year={2023}
}

@article{kone2005selection,
  title={Selection of temperature intervals for parallel-tempering simulations},
  author={Kone, Aminata and Kofke, David A},
  journal={The Journal of chemical physics},
  volume={122},
  number={20},
  year={2005},
  publisher={AIP Publishing}
}


@article{fritsch1980monotone,
  title={Monotone piecewise cubic interpolation},
  author={Fritsch, Frederick N and Carlson, Ralph E},
  journal={SIAM Journal on Numerical Analysis},
  volume={17},
  number={2},
  pages={238--246},
  year={1980},
  publisher={SIAM}
}


@article{dalalyan2017theoretical,
  title={Theoretical guarantees for approximate sampling from smooth and log-concave densities},
  author={Dalalyan, Arnak S},
  journal={Journal of the Royal Statistical Society Series B: Statistical Methodology},
  volume={79},
  number={3},
  pages={651--676},
  year={2017},
  publisher={Oxford University Press}
}

@article{metropolis1953equation,
  title={Equation of state calculations by fast computing machines},
  author={Metropolis, Nicholas and Rosenbluth, Arianna W and Rosenbluth, Marshall N and Teller, Augusta H and Teller, Edward},
  journal={The journal of chemical physics},
  volume={21},
  number={6},
  pages={1087--1092},
  year={1953},
  publisher={American Institute of Physics}
}

@article{katzgraber2006feedback,
  title={Feedback-optimized parallel tempering Monte Carlo},
  author={Katzgraber, Helmut G and Trebst, Simon and Huse, David A and Troyer, Matthias},
  journal={Journal of Statistical Mechanics: Theory and Experiment},
  volume={2006},
  number={03},
  pages={P03018},
  year={2006},
  publisher={IOP Publishing}
}

@article{lingenheil2009efficiency,
  title={Efficiency of exchange schemes in replica exchange},
  author={Lingenheil, Martin and Denschlag, Robert and Mathias, Gerald and Tavan, Paul},
  journal={Chemical Physics Letters},
  volume={478},
  number={1-3},
  pages={80--84},
  year={2009},
  publisher={Elsevier}
}


@article{atchade2011towards,
  title={Towards optimal scaling of Metropolis-coupled Markov chain Monte Carlo},
  author={Atchad{\'e}, Yves F and Roberts, Gareth O and Rosenthal, Jeffrey S},
  journal={Statistics and Computing},
  volume={21},
  pages={555--568},
  year={2011},
  publisher={Springer}
}

@article{predescu2004incomplete,
  title={The incomplete beta function law for parallel tempering sampling of classical canonical systems},
  author={Predescu, Cristian and Predescu, Mihaela and Ciobanu, Cristian V},
  journal={The Journal of chemical physics},
  volume={120},
  number={9},
  pages={4119--4128},
  year={2004},
  publisher={AIP Publishing}
}

@inproceedings{tieleman2008training,
  title={Training restricted Boltzmann machines using approximations to the likelihood gradient},
  author={Tieleman, Tijmen},
  booktitle={Proceedings of the 25th international conference on Machine learning},
  pages={1064--1071},
  year={2008}
}


@article{ramachandran2017searching,
  title={Searching for activation functions},
  author={Ramachandran, Prajit and Zoph, Barret and Le, Quoc V},
  journal={arXiv preprint arXiv:1710.05941},
  year={2017}
}

@article{kingma2014adam,
  title={Adam: A method for stochastic optimization},
  author={Kingma, Diederik P},
  journal={arXiv preprint arXiv:1412.6980},
  year={2014}
}

@article{gretton2012kernel,
  title={A kernel two-sample test},
  author={Gretton, Arthur and Borgwardt, Karsten M and Rasch, Malte J and Sch{\"o}lkopf, Bernhard and Smola, Alexander},
  journal={The Journal of Machine Learning Research},
  volume={13},
  number={1},
  pages={723--773},
  year={2012},
  publisher={JMLR. org}
}

@article{blessing2024beyond,
  title={Beyond ELBOs: A Large-Scale Evaluation of Variational Methods for Sampling},
  author={Blessing, Denis and Jia, Xiaogang and Esslinger, Johannes and Vargas, Francisco and Neumann, Gerhard},
  journal={arXiv preprint arXiv:2406.07423},
  year={2024}
}

@inproceedings{deng2023non,
  title={Non-reversible parallel tempering for deep posterior approximation},
  author={Deng, Wei and Zhang, Qian and Feng, Qi and Liang, Faming and Lin, Guang},
  booktitle={Proceedings of the AAAI Conference on Artificial Intelligence},
  volume={37},
  pages={7332--7339},
  year={2023}
}


@article{wolf2019huggingface,
  title={Huggingface's transformers: State-of-the-art natural language processing},
  author={Wolf, T},
  journal={arXiv preprint arXiv:1910.03771},
  year={2019}
}

@article{seita2016efficient,
  title={An efficient minibatch acceptance test for metropolis-hastings},
  author={Seita, Daniel and Pan, Xinlei and Chen, Haoyu and Canny, John},
  journal={arXiv preprint arXiv:1610.06848},
  year={2016}
}

@article{kullback1951information,
  title={On information and sufficiency},
  author={Kullback, Solomon and Leibler, Richard A},
  journal={The annals of mathematical statistics},
  volume={22},
  number={1},
  pages={79--86},
  year={1951},
  publisher={JSTOR}
}














