@article{chen2020accelerating,
  title={Accelerating nonconvex learning via replica exchange Langevin diffusion},
  author={Chen, Yi and Chen, Jinglin and Dong, Jing and Peng, Jian and Wang, Zhaoran},
  journal={arXiv preprint arXiv:2007.01990},
  year={2020}
}

@article{deng2020accelerating,
  title={Accelerating convergence of replica exchange stochastic gradient MCMC via variance reduction},
  author={Deng, Wei and Feng, Qi and Karagiannis, Georgios and Lin, Guang and Liang, Faming},
  journal={arXiv preprint arXiv:2010.01084},
  year={2020}
}

@inproceedings{deng2020non,
  title={Non-convex learning via replica exchange stochastic gradient mcmc},
  author={Deng, Wei and Feng, Qi and Gao, Liyao and Liang, Faming and Lin, Guang},
  booktitle={International Conference on Machine Learning},
  pages={2474--2483},
  year={2020},
  organization={PMLR}
}

@article{dong2022spectral,
  title={Spectral gap of replica exchange langevin diffusion on mixture distributions},
  author={Dong, Jing and Tong, Xin T},
  journal={Stochastic Processes and their Applications},
  volume={151},
  pages={451--489},
  year={2022},
  publisher={Elsevier}
}

@article{earl2005parallel,
  title={Parallel tempering: Theory, applications, and new perspectives},
  author={Earl, David J and Deem, Michael W},
  journal={Physical Chemistry Chemical Physics},
  volume={7},
  number={23},
  pages={3910--3916},
  year={2005},
  publisher={Royal Society of Chemistry}
}

@article{ge2018simulated,
  title={Simulated tempering langevin monte carlo ii: An improved proof using soft markov chain decomposition},
  author={Ge, Rong and Lee, Holden and Risteski, Andrej},
  journal={arXiv preprint arXiv:1812.00793},
  year={2018}
}

@inproceedings{grathwohl2021oops,
  title={Oops i took a gradient: Scalable sampling for discrete distributions},
  author={Grathwohl, Will and Swersky, Kevin and Hashemi, Milad and Duvenaud, David and Maddison, Chris},
  booktitle={International Conference on Machine Learning},
  pages={3831--3841},
  year={2021},
  organization={PMLR}
}

@article{kirkpatrick1983optimization,
  title={Optimization by simulated annealing},
  author={Kirkpatrick, Scott and Gelatt Jr, C Daniel and Vecchi, Mario P},
  journal={science},
  volume={220},
  number={4598},
  pages={671--680},
  year={1983},
  publisher={American association for the advancement of science}
}

@inproceedings{mangoubi2018convex,
  title={Convex optimization with unbounded nonconvex oracles using simulated annealing},
  author={Mangoubi, Oren and Vishnoi, Nisheeth K},
  booktitle={Conference On Learning Theory},
  pages={1086--1124},
  year={2018},
  organization={PMLR}
}

@article{marinari1992simulated,
  title={Simulated tempering: a new Monte Carlo scheme},
  author={Marinari, Enzo and Parisi, Giorgio},
  journal={Europhysics letters},
  volume={19},
  number={6},
  pages={451},
  year={1992},
  publisher={IOP Publishing}
}

@article{pynadath2024gradient,
  title={Gradient-based Discrete Sampling with Automatic Cyclical Scheduling},
  author={Pynadath, Patrick and Bhattacharya, Riddhiman and Hariharan, Arun and Zhang, Ruqi},
  journal={arXiv preprint arXiv:2402.17699},
  year={2024}
}

@inproceedings{sun2021path,
  title={Path auxiliary proposal for MCMC in discrete space},
  author={Sun, Haoran and Dai, Hanjun and Xia, Wei and Ramamurthy, Arun},
  booktitle={International Conference on Learning Representations},
  year={2021}
}

@inproceedings{sun2023any,
  title={Any-scale balanced samplers for discrete space},
  author={Sun, Haoran and Dai, Bo and Sutton, Charles and Schuurmans, Dale and Dai, Hanjun},
  booktitle={The Eleventh International Conference on Learning Representations},
  year={2023}
}

@article{swendsen1986replica,
  title={Replica Monte Carlo simulation of spin-glasses},
  author={Swendsen, Robert H and Wang, Jian-Sheng},
  journal={Physical review letters},
  volume={57},
  number={21},
  pages={2607},
  year={1986},
  publisher={APS}
}

@article{wang2001efficient,
  title={Efficient, multiple-range random walk algorithm to calculate the density of states},
  author={Wang, Fugao and Landau, David P},
  journal={Physical review letters},
  volume={86},
  number={10},
  pages={2050},
  year={2001},
  publisher={APS}
}

@article{wong1997dynamic,
  title={Dynamic weighting in Monte Carlo and optimization},
  author={Wong, Wing Hung and Liang, Faming},
  journal={Proceedings of the National Academy of Sciences},
  volume={94},
  number={26},
  pages={14220--14224},
  year={1997},
  publisher={National Acad Sciences}
}

@article{zanella2020informed,
  title={Informed proposals for local MCMC in discrete spaces},
  author={Zanella, Giacomo},
  journal={Journal of the American Statistical Association},
  volume={115},
  number={530},
  pages={852--865},
  year={2020},
  publisher={Taylor \& Francis}
}

@article{zhang2019cyclical,
  title={Cyclical stochastic gradient MCMC for Bayesian deep learning},
  author={Zhang, Ruqi and Li, Chunyuan and Zhang, Jianyi and Chen, Changyou and Wilson, Andrew Gordon},
  journal={arXiv preprint arXiv:1902.03932},
  year={2019}
}

@inproceedings{zhang2022langevin,
  title={A langevin-like sampler for discrete distributions},
  author={Zhang, Ruqi and Liu, Xingchao and Liu, Qiang},
  booktitle={International Conference on Machine Learning},
  pages={26375--26396},
  year={2022},
  organization={PMLR}
}

@article{zhengexploring,
  title={Exploring Non-Convex Discrete Energy Landscapes: A Langevin-Like Sampler with Replica Exchange},
  author={Zheng, Haoyang and Zhang, Ruqi and Lin, Guang},
  journal={openreview.net},
  year={2024}
}

