@article{borde2024smart,
  title={Smart goggles augmented reality CT--US fusion compared to conventional fusion navigation for percutaneous needle insertion},
  author={Borde, Tabea and Saccenti, Laetitia and Li, Ming and Varble, Nicole A and Hazen, Lindsey A and Kassin, Michael T and Ukeh, Ifechi N and Horton, Keith M and Delgado, Jose F and Martin, Charles and others},
  journal={International Journal of Computer Assisted Radiology and Surgery},
  pages={1--9},
  year={2024},
  publisher={Springer}
}

@article{chen2009therapeutic,
  title={The therapeutic depth of abdominal acupuncture points approaches the safe depth in overweight and in older children},
  author={Chen, Hsiao-Neng and Lin, Jaung-Geng and Ying, Li-Chih and Huang, Chen-Chai and Lin, Chuan-Hsiung},
  journal={The Journal of alternative and complementary medicine},
  volume={15},
  number={9},
  pages={1033--1037},
  year={2009},
  publisher={Mary Ann Liebert, Inc. 140 Huguenot Street, 3rd Floor New Rochelle, NY 10801 USA}
}

@inproceedings{chen2017localization,
  title={Localization of acupoints using augmented reality},
  author={Chen, Yi-Zhang and Maigre, Corky and Hu, Min-Chun and Lan, Kun-chan},
  booktitle={Proceedings of the 8th ACM on Multimedia Systems Conference},
  pages={239--241},
  year={2017}
}

@article{chen2019application,
  title={Application of the interaction teaching mode integrated with virtual anatomy platform in teaching Meridian and Acupoints},
  author={Chen, Jing and Xiao, Li and Hu, Li-Ping and Cao, Xia and Li, Shu-Zhen and Xie, Ju-Ying},
  journal={Zhongguo zhen jiu= Chinese acupuncture \& moxibustion},
  volume={39},
  number={11},
  pages={1235--1238},
  year={2019}
}

@article{chou2015retrospective,
  title={Retrospective study using MRI to measure depths of acupuncture points in neck and shoulder region},
  author={Chou, Pei-Chi and Huang, Yu-Chuen and Hsueh, Chun-Jen and Lin, Jaung-Geng and Chu, Heng-Yi},
  journal={BMJ open},
  volume={5},
  number={7},
  pages={e007819},
  year={2015},
  publisher={British Medical Journal Publishing Group}
}

@inproceedings{eom2022ar,
  title={AR-assisted surgical guidance system for ventriculostomy},
  author={Eom, Sangjun and Kim, Seijung and Rahimpour, Shervin and Gorlatova, Maria},
  booktitle={2022 IEEE Conference on Virtual Reality and 3D User Interfaces Abstracts and Workshops (VRW)},
  pages={402--405},
  year={2022},
  organization={IEEE}
}

@inproceedings{heinrich20222d,
  title={2D versus 3D: a comparison of needle navigation concepts between augmented reality display devices},
  author={Heinrich, Florian and Schwenderling, Lovis and Joeres, Fabian and Hansen, Christian},
  booktitle={2022 IEEE Conference on Virtual Reality and 3D User Interfaces (VR)},
  pages={260--269},
  year={2022},
  organization={IEEE}
}

@article{hu2024artificial,
  title={Artificial Intelligence-driven Framework for Augmented Reality Markerless Navigation in Knee Surgery},
  author={Hu, Xue and Cutolo, Fabrizio and Iqbal, Hisham and Henckel, Johann and y Baena, Ferdinando Rodriguez},
  journal={IEEE Transactions on Artificial Intelligence},
  year={2024},
  publisher={IEEE}
}

@article{jiang2023wearable,
  title={Wearable Mechatronic Ultrasound-Integrated AR Navigation System for Lumbar Puncture Guidance},
  author={Jiang, Baichuan and Wang, Liam and Xu, Keshuai and Hossbach, Martin and Demir, Alican and Rajan, Purnima and Taylor, Russell H and Moghekar, Abhay and Foroughi, Pezhman and Kazanzides, Peter and others},
  journal={IEEE Transactions on Medical Robotics and Bionics},
  year={2023},
  publisher={IEEE}
}

@article{kim2017development,
  title={Development of an ultrasound-imaging procedure and acquisition of ultrasound images of acupuncture points for safety and accuracy of needle insertion},
  author={Kim, Sungha and Lee, Sanghun and Ha, Won-Bae and Lee, Jung-Han and Jung, Hyun-Jong and Chu, Hong-Min and Yang, Seung-Bum and Choi, Sunmi and Son, Mi Ju and Kim, Jae Hyo and others},
  journal={Integrative Medicine Research},
  volume={6},
  number={4},
  pages={427--433},
  year={2017},
  publisher={Elsevier}
}

@inproceedings{kuzhagaliyev2018augmented,
  title={Augmented reality needle ablation guidance tool for irreversible electroporation in the pancreas},
  author={Kuzhagaliyev, Timur and Clancy, Neil T and Janatka, Mirek and Tchaka, Kevin and Vasconcelos, Francisco and Clarkson, Matthew J and Gurusamy, Kurinchi and Hawkes, David J and Davidson, Brian and Stoyanov, Danail},
  booktitle={Medical imaging 2018: Image-guided procedures, robotic interventions, and modeling},
  volume={10576},
  pages={260--265},
  year={2018},
  organization={SPIE}
}

@article{leow2017exploring,
  title={Exploring the physiological and physical effects of acupuncture using ultrasound},
  author={Leow, Mabel Qi He and Lee, Sally Hsueh Er and Mohamed Shah, Mohammad Taufik Bin and Cao, Taige and Cui, Shu Li and Tay, Shian Chao and Ooi, Chin Chin},
  journal={Acupuncture in Medicine},
  volume={35},
  number={3},
  pages={231--235},
  year={2017},
  publisher={SAGE Publications Sage UK: London, England}
}

@article{leow2017ultrasonography,
  title={Ultrasonography in acupunctureâ€”uses in Education and Research},
  author={Leow, Mabel Qi He and Cui, Shu Li and Shah, Mohammad Taufik Bin Mohamed and Cao, Taige and Tay, Shian Chao and Tay, Peter Kay Chai and Ooi, Chin Chin},
  journal={Journal of Acupuncture and Meridian Studies},
  volume={10},
  number={3},
  pages={216--219},
  year={2017},
  publisher={Elsevier}
}

@article{liang2021analysis,
  title={Analysis of Acupuncture Teaching Reform and Innovation based on Virtual Reality Technology},
  author={Liang, Bingshuang and Xiao, Ting and Yang, Yucheng and Zhang, Wenjun},
  journal={International Journal of Social Science and Education Research},
  volume={4},
  number={2},
  pages={358--362},
  year={2021},
  publisher={Boya Century Publishing Limited}
}

@article{lin2013exploration,
  title={An exploration of the needling depth in acupuncture: the safe needling depth and the needling depth of clinical efficacy},
  author={Lin, Jaung-Geng and Chou, Pei-Chi and Chu, Heng-Yi},
  journal={Evidence-Based Complementary and Alternative Medicine},
  volume={2013},
  number={1},
  pages={740508},
  year={2013},
  publisher={Wiley Online Library}
}

@article{ma2018moving,
  title={Moving-tolerant augmented reality surgical navigation system using autostereoscopic three-dimensional image overlay},
  author={Ma, Cong and Chen, Guowen and Zhang, Xinran and Ning, Guochen and Liao, Hongen},
  journal={IEEE journal of biomedical and health informatics},
  volume={23},
  number={6},
  pages={2483--2493},
  year={2018},
  publisher={IEEE}
}

@inproceedings{moga2021augmented,
  title={Augmented/mixed reality technologies supporting digital surgery},
  author={M{\'o}ga, Krist{\'o}f and Boesl, Dominik BO and Haidegger, Tam{\'a}s},
  booktitle={2021 IEEE 19th International Symposium on Intelligent Systems and Informatics (SISY)},
  pages={183--189},
  year={2021},
  organization={IEEE}
}

@article{park2011acupuncture,
  title={Acupuncture sensation during ultrasound guided acupuncture needling},
  author={Park, Jongbae J and Akazawa, Margeaux and Ahn, Jaeki and Beckman-Harned, Selena and Lin, Feng-Chang and Lee, Kwangjae and Fine, Jason and Davis, Robert T and Langevin, Helene},
  journal={Acupuncture in Medicine},
  volume={29},
  number={4},
  pages={257--265},
  year={2011},
  publisher={SAGE Publications Sage UK: London, England}
}

@inproceedings{penza2023augmented,
  title={Augmented Reality Navigation in Robot-Assisted Surgery with a Teleoperated Robotic Endoscope},
  author={Penza, Veronica and Neri, Alberto and Koskinopoulou, Maria and Turco, Enrico and Soriero, Domenico and Scabini, Stefano and Prattichizzo, Domenico and Mattos, Leonardo S},
  booktitle={2023 IEEE/RSJ International Conference on Intelligent Robots and Systems (IROS)},
  pages={4621--4626},
  year={2023},
  organization={IEEE}
}

@inproceedings{sun2023design,
  title={Design and development of a mixed reality acupuncture training system},
  author={Sun, Qilei and Huang, Jiayou and Zhang, Haodong and Craig, Paul and Yu, Lingyun and Lim, Eng Gee},
  booktitle={2023 IEEE Conference Virtual Reality and 3D User Interfaces (VR)},
  pages={265--275},
  year={2023},
  organization={IEEE}
}

@article{yang2015safe,
  title={Safe Needling Depth of Pungbu (GV 16) with MRI-a Retrospective Study},
  author={Yang, Hyun Jung and Park, Hae In and Lee, Kwang Ho},
  journal={Journal of Acupuncture Research},
  volume={32},
  number={4},
  pages={11--16},
  year={2015},
  publisher={Korean Acupuncture \& Moxibustion Medicine Society}
}

@article{zhang2022faceatlasar,
  title={E-faceatlasAR: extend atlas of facial acupuncture points with auricular maps in augmented reality for self-acupressure},
  author={Zhang, Menghe and Schulze, J{\"u}rgen P and Zhang, Dong},
  journal={Virtual Reality},
  volume={26},
  number={4},
  pages={1763--1776},
  year={2022},
  publisher={Springer}
}

@article{zhang2023vr,
  title={VR for Acupuncture? Exploring Needs and Opportunities for Acupuncture Training and Treatment in Virtual Reality},
  author={Zhang, Menghe and Chen, Chen and Yarmand, Matin and Weibel, Nadir},
  journal={arXiv preprint arXiv:2312.07772},
  year={2023}
}

@article{zhang2024acuvr,
  title={AcuVR: Enhancing Acupuncture Training Workflow with Virtual Reality},
  author={Zhang, Menghe and Chen, Chen and Yarmand, Matin and Rajeshkumar, Anish and Weibel, Nadir},
  journal={arXiv preprint arXiv:2407.02614},
  year={2024}
}

