@article{liu2021neuroanatomical,
  title={A neuroanatomical basis for electroacupuncture to drive the vagal--adrenal axis},
  author={Liu, Shenbin and Wang, Zhifu and Su, Yangshuai and Qi, Lu and Yang, Wei and Fu, Mingzhou and Jing, Xianghong and Wang, Yanqing and Ma, Qiufu},
  journal={Nature},
  volume={598},
  number={7882},
  pages={641--645},
  year={2021},
  publisher={Nature Publishing Group UK London}
}

@article{kelly2019acupuncture,
  title={Acupuncture for pain},
  author={Kelly, Robert B and Willis, Joel},
  journal={American family physician},
  volume={100},
  number={2},
  pages={89--96},
  year={2019}
}

@inproceedings{sun2023design,
  title={Design and development of a mixed reality acupuncture training system},
  author={Sun, Qilei and Huang, Jiayou and Zhang, Haodong and Craig, Paul and Yu, Lingyun and Lim, Eng Gee},
  booktitle={2023 IEEE Conference Virtual Reality and 3D User Interfaces (VR)},
  pages={265--275},
  year={2023},
  organization={IEEE}
}

@article{liang2018nonrigid,
  title={Nonrigid iterative closest points for registration of 3D biomedical surfaces},
  author={Liang, Luming and Wei, Mingqiang and Szymczak, Andrzej and Petrella, Anthony and Xie, Haoran and Qin, Jing and Wang, Jun and Wang, Fu Lee},
  journal={Optics and Lasers in Engineering},
  volume={100},
  pages={141--154},
  year={2018},
  publisher={Elsevier}
}

@article{ma2024segment,
  title={Segment anything in medical images},
  author={Ma, Jun and He, Yuting and Li, Feifei and Han, Lin and You, Chenyu and Wang, Bo},
  journal={Nature Communications},
  volume={15},
  number={1},
  pages={654},
  year={2024},
  publisher={Nature Publishing Group UK London}
}

@inproceedings{kirillov2023segment,
  title={Segment anything},
  author={Kirillov, Alexander and Mintun, Eric and Ravi, Nikhila and Mao, Hanzi and Rolland, Chloe and Gustafson, Laura and Xiao, Tete and Whitehead, Spencer and Berg, Alexander C and Lo, Wan-Yen and others},
  booktitle={Proceedings of the IEEE/CVF International Conference on Computer Vision},
  pages={4015--4026},
  year={2023}
}

@article{gemmeke20073d,
  title={3D ultrasound computer tomography for medical imaging},
  author={Gemmeke, H and Ruiter, NV},
  journal={Nuclear Instruments and Methods in Physics Research Section A: Accelerators, Spectrometers, Detectors and Associated Equipment},
  volume={580},
  number={2},
  pages={1057--1065},
  year={2007},
  publisher={Elsevier}
}

@article{amunts2013bigbrain,
  title={BigBrain: an ultrahigh-resolution 3D human brain model},
  author={Amunts, Katrin and Lepage, Claude and Borgeat, Louis and Mohlberg, Hartmut and Dickscheid, Timo and Rousseau, Marc-{\'E}tienne and Bludau, Sebastian and Bazin, Pierre-Louis and Lewis, Lindsay B and Oros-Peusquens, Ana-Maria and others},
  journal={Science},
  volume={340},
  number={6139},
  pages={1472--1475},
  year={2013},
  publisher={American Association for the Advancement of Science}
}

@article{beg2005computing,
  title={Computing large deformation metric mappings via geodesic flows of diffeomorphisms},
  author={Beg, M Faisal and Miller, Michael I and Trouv{\'e}, Alain and Younes, Laurent},
  journal={International journal of computer vision},
  volume={61},
  pages={139--157},
  year={2005},
  publisher={Springer}
}

@article{lasaygues2011ultrasonic,
  title={Ultrasonic computed tomography},
  author={Lasaygues, Philippe and Guillermin, R{\'e}gine and Lefebvre, Jean-Pierre},
  journal={Bone quantitative ultrasound},
  pages={441--459},
  year={2011},
  publisher={Springer}
}

@article{balakrishnan2019voxelmorph,
  title={Voxelmorph: a learning framework for deformable medical image registration},
  author={Balakrishnan, Guha and Zhao, Amy and Sabuncu, Mert R and Guttag, John and Dalca, Adrian V},
  journal={IEEE transactions on medical imaging},
  volume={38},
  number={8},
  pages={1788--1800},
  year={2019},
  publisher={IEEE}
}

@article{chen2022transmorph,
  title={Transmorph: Transformer for unsupervised medical image registration},
  author={Chen, Junyu and Frey, Eric C and He, Yufan and Segars, William P and Li, Ye and Du, Yong},
  journal={Medical image analysis},
  volume={82},
  pages={102615},
  year={2022},
  publisher={Elsevier}
}

@article{sotiras2013deformable,
  title={Deformable medical image registration: A survey},
  author={Sotiras, Aristeidis and Davatzikos, Christos and Paragios, Nikos},
  journal={IEEE transactions on medical imaging},
  volume={32},
  number={7},
  pages={1153--1190},
  year={2013},
  publisher={IEEE}
}

@article{shen2019region,
  title={Region-specific diffeomorphic metric mapping},
  author={Shen, Zhengyang and Vialard, Fran{\c{c}}ois-Xavier and Niethammer, Marc},
  journal={Advances in Neural Information Processing Systems},
  volume={32},
  year={2019}
}

@article{wei2024clinical,
  title={Clinical application of ultrasound tomography in diagnosis of musculoskeletal diseases},
  author={Wei, Cong and Zhang, Hui and Ying, Tao and Hu, Bing and Chen, Yini and Li, Hongtao and Zhang, Qiude and Ding, Mingyue and Chen, Jie and Yuchi, Ming and others},
  journal={Advanced Ultrasound in Diagnosis and Therapy},
  volume={8},
  number={1},
  pages={7--14},
  year={2024}
}

@article{kim2017acupuncture,
  title={Acupuncture points can be identified as cutaneous neurogenic inflammatory spots},
  author={Kim, Do-Hee and Ryu, Yeonhee and Hahm, Dae Hyun and Sohn, Boo Yong and Shim, Insop and Kwon, O Sang and Chang, Suchan and Gwak, Young Seob and Kim, Min Sun and Kim, Jae Hyo and others},
  journal={Scientific reports},
  volume={7},
  number={1},
  pages={15214},
  year={2017},
  publisher={Nature Publishing Group UK London}
}

@article{zhang2021interpretation,
  title={Interpretation of acupoint location in traditional Chinese medicine teaching: Implications for acupuncture in research and clinical practice},
  author={Zhang, Yi},
  journal={The Anatomical Record},
  volume={304},
  number={11},
  pages={2372--2380},
  year={2021},
  publisher={Wiley Online Library}
}

@inproceedings{van2018acupuncture,
  title={Acupuncture},
  author={Chon, Tony Y and Lee, Mark C},
  booktitle={Mayo Clinic Proceedings},
  volume={88},
  pages={1141--1146},
  year={2013},
  organization={Elsevier}
}

@article{kim2014positioning,
  title={Positioning standardized acupuncture points on the whole body based on X-ray computed tomography images},
  author={Kim, Jungdae and Kang, Dae-In},
  journal={Medical Acupuncture},
  volume={26},
  number={1},
  pages={40--49},
  year={2014},
  publisher={Mary Ann Liebert, Inc. 140 Huguenot Street, 3rd Floor New Rochelle, NY 10801 USA}
}

@book{world2008standard,
  title={WHO standard acupuncture point locations in the Western Pacific Region},
  author={World Health Organization. Regional Office for the Western Pacific},
  year={2008},
  publisher={World Health Organization}
}

@article{lin2013exploration,
  title={An exploration of the needling depth in acupuncture: the safe needling depth and the needling depth of clinical efficacy},
  author={Lin, Jaung-Geng and Chou, Pei-Chi and Chu, Heng-Yi},
  journal={Evidence-Based Complementary and Alternative Medicine},
  volume={2013},
  number={1},
  pages={740508},
  year={2013},
  publisher={Wiley Online Library}
}

@article{godson2019accuracy,
  title={Accuracy and precision in acupuncture point location: a critical systematic review},
  author={Godson, Debra R and Wardle, Jonathan L},
  journal={Journal of acupuncture and meridian studies},
  volume={12},
  number={2},
  pages={52--66},
  year={2019},
  publisher={Elsevier}
}


@article{hzhang2024strighttrack,
  title={StraightTrack: A Mixed Reality Navigation System for Percutaneous K-wire
Insertion},
  author={Han Zhang, Benjamin D. Killeen and others},
  journal={[Manuscript submitted for publication]},
  year={2024},
}

@article{hata2016body,
  title={Body-mounted robotic instrument guide for image-guided cryotherapy of renal cancer},
  author={Hata, Nobuhiko and Song, Sang-Eun and Olubiyi, Olutayo and Arimitsu, Yasumichi and Fujimoto, Kosuke and Kato, Takahisa and Tuncali, Kemal and Tani, Soichiro and Tokuda, Junichi},
  journal={Medical physics},
  volume={43},
  number={2},
  pages={843--853},
  year={2016},
  publisher={Wiley Online Library}
}

@article{white2004cumulative,
  title={A cumulative review of the range and incidence of significant adverse events associated with acupuncture},
  author={White, Adrian},
  journal={Acupuncture in Medicine},
  volume={22},
  number={3},
  pages={122--133},
  year={2004},
  publisher={SAGE Publications Sage UK: London, England}
}

@article{leow2017exploring,
  title={Exploring the physiological and physical effects of acupuncture using ultrasound},
  author={Leow, Mabel Qi He and Lee, Sally Hsueh Er and Mohamed Shah, Mohammad Taufik Bin and Cao, Taige and Cui, Shu Li and Tay, Shian Chao and Ooi, Chin Chin},
  journal={Acupuncture in Medicine},
  volume={35},
  number={3},
  pages={231--235},
  year={2017},
  publisher={SAGE Publications Sage UK: London, England}
}

@article{leow2017ultrasonography,
  title={Ultrasonography in acupunctureâ€”uses in Education and Research},
  author={Leow, Mabel Qi He and Cui, Shu Li and Shah, Mohammad Taufik Bin Mohamed and Cao, Taige and Tay, Shian Chao and Tay, Peter Kay Chai and Ooi, Chin Chin},
  journal={Journal of Acupuncture and Meridian Studies},
  volume={10},
  number={3},
  pages={216--219},
  year={2017},
  publisher={Elsevier}
}

@article{park2011acupuncture,
  title={Acupuncture sensation during ultrasound guided acupuncture needling},
  author={Park, Jongbae J and Akazawa, Margeaux and Ahn, Jaeki and Beckman-Harned, Selena and Lin, Feng-Chang and Lee, Kwangjae and Fine, Jason and Davis, Robert T and Langevin, Helene},
  journal={Acupuncture in Medicine},
  volume={29},
  number={4},
  pages={257--265},
  year={2011},
  publisher={SAGE Publications Sage UK: London, England}
}

@article{kim2017development,
  title={Development of an ultrasound-imaging procedure and acquisition of ultrasound images of acupuncture points for safety and accuracy of needle insertion},
  author={Kim, Sungha and Lee, Sanghun and Ha, Won-Bae and Lee, Jung-Han and Jung, Hyun-Jong and Chu, Hong-Min and Yang, Seung-Bum and Choi, Sunmi and Son, Mi Ju and Kim, Jae Hyo and others},
  journal={Integrative Medicine Research},
  volume={6},
  number={4},
  pages={427--433},
  year={2017},
  publisher={Elsevier}
}

@article{chou2015retrospective,
  title={Retrospective study using MRI to measure depths of acupuncture points in neck and shoulder region},
  author={Chou, Pei-Chi and Huang, Yu-Chuen and Hsueh, Chun-Jen and Lin, Jaung-Geng and Chu, Heng-Yi},
  journal={BMJ open},
  volume={5},
  number={7},
  pages={e007819},
  year={2015},
  publisher={British Medical Journal Publishing Group}
}

@article{yang2015safe,
  title={Safe Needling Depth of Pungbu (GV 16) with MRI-a Retrospective Study},
  author={Yang, Hyun Jung and Park, Hae In and Lee, Kwang Ho},
  journal={Journal of Acupuncture Research},
  volume={32},
  number={4},
  pages={11--16},
  year={2015},
  publisher={Korean Acupuncture \& Moxibustion Medicine Society}
}

@article{chen2009therapeutic,
  title={The therapeutic depth of abdominal acupuncture points approaches the safe depth in overweight and in older children},
  author={Chen, Hsiao-Neng and Lin, Jaung-Geng and Ying, Li-Chih and Huang, Chen-Chai and Lin, Chuan-Hsiung},
  journal={The Journal of alternative and complementary medicine},
  volume={15},
  number={9},
  pages={1033--1037},
  year={2009},
  publisher={Mary Ann Liebert, Inc. 140 Huguenot Street, 3rd Floor New Rochelle, NY 10801 USA}
}

@article{zhang2024acuvr,
  title={AcuVR: Enhancing Acupuncture Training Workflow with Virtual Reality},
  author={Zhang, Menghe and Chen, Chen and Yarmand, Matin and Rajeshkumar, Anish and Weibel, Nadir},
  journal={arXiv preprint arXiv:2407.02614},
  year={2024}
}

@article{liang2021analysis,
  title={Analysis of Acupuncture Teaching Reform and Innovation based on Virtual Reality Technology},
  author={Liang, Bingshuang and Xiao, Ting and Yang, Yucheng and Zhang, Wenjun},
  journal={International Journal of Social Science and Education Research},
  volume={4},
  number={2},
  pages={358--362},
  year={2021},
  publisher={Boya Century Publishing Limited}
}

@article{chen2019application,
  title={Application of the interaction teaching mode integrated with virtual anatomy platform in teaching Meridian and Acupoints},
  author={Chen, Jing and Xiao, Li and Hu, Li-Ping and Cao, Xia and Li, Shu-Zhen and Xie, Ju-Ying},
  journal={Zhongguo zhen jiu= Chinese acupuncture \& moxibustion},
  volume={39},
  number={11},
  pages={1235--1238},
  year={2019}
}

@article{zhang2023vr,
  title={VR for Acupuncture? Exploring Needs and Opportunities for Acupuncture Training and Treatment in Virtual Reality},
  author={Zhang, Menghe and Chen, Chen and Yarmand, Matin and Weibel, Nadir},
  journal={arXiv preprint arXiv:2312.07772},
  year={2023}
}

@inproceedings{chen2017localization,
  title={Localization of acupoints using augmented reality},
  author={Chen, Yi-Zhang and Maigre, Corky and Hu, Min-Chun and Lan, Kun-chan},
  booktitle={Proceedings of the 8th ACM on Multimedia Systems Conference},
  pages={239--241},
  year={2017}
}

@article{zhang2022faceatlasar,
  title={E-faceatlasAR: extend atlas of facial acupuncture points with auricular maps in augmented reality for self-acupressure},
  author={Zhang, Menghe and Schulze, J{\"u}rgen P and Zhang, Dong},
  journal={Virtual Reality},
  volume={26},
  number={4},
  pages={1763--1776},
  year={2022},
  publisher={Springer}
}

@inproceedings{lucero2015using,
  title={Using affinity diagrams to evaluate interactive prototypes},
  author={Lucero, Andr{\'e}s},
  booktitle={Human-Computer Interaction--INTERACT 2015: 15th IFIP TC 13 International Conference, Bamberg, Germany, September 14-18, 2015, Proceedings, Part II 15},
  pages={231--248},
  year={2015},
  organization={Springer}
}

@article{martin2023sttar,
  title={STTAR: surgical tool tracking using off-the-shelf augmented reality head-mounted displays},
  author={Martin-Gomez, Alejandro and Li, Haowei and Song, Tianyu and Yang, Sheng and Wang, Guangzhi and Ding, Hui and Navab, Nassir and Zhao, Zhe and Armand, Mehran},
  journal={IEEE Transactions on Visualization and Computer Graphics},
  year={2023},
  publisher={IEEE}
}

@misc{polar-kev2024May,
	author = {polar-kev},
	title = {{MRTK2-Unity Developer Documentation - MRTK 2}},
	year = {2024},
	month = may,
	note = {[Online; accessed 25. Jun. 2024]},
	url = {https://learn.microsoft.com/en-us/windows/mixed-reality/mrtk-unity/mrtk2/?view=mrtkunity-2022-05}
}

@article{jiang2023wearable,
  title={Wearable Mechatronic Ultrasound-Integrated AR Navigation System for Lumbar Puncture Guidance},
  author={Jiang, Baichuan and Wang, Liam and Xu, Keshuai and Hossbach, Martin and Demir, Alican and Rajan, Purnima and Taylor, Russell H and Moghekar, Abhay and Foroughi, Pezhman and Kazanzides, Peter and others},
  journal={IEEE Transactions on Medical Robotics and Bionics},
  year={2023},
  publisher={IEEE}
}

@inproceedings{moga2021augmented,
  title={Augmented/mixed reality technologies supporting digital surgery},
  author={M{\'o}ga, Krist{\'o}f and Boesl, Dominik BO and Haidegger, Tam{\'a}s},
  booktitle={2021 IEEE 19th International Symposium on Intelligent Systems and Informatics (SISY)},
  pages={183--189},
  year={2021},
  organization={IEEE}
}

@inproceedings{eom2022ar,
  title={AR-assisted surgical guidance system for ventriculostomy},
  author={Eom, Sangjun and Kim, Seijung and Rahimpour, Shervin and Gorlatova, Maria},
  booktitle={2022 IEEE Conference on Virtual Reality and 3D User Interfaces Abstracts and Workshops (VRW)},
  pages={402--405},
  year={2022},
  organization={IEEE}
}

@article{ma2018moving,
  title={Moving-tolerant augmented reality surgical navigation system using autostereoscopic three-dimensional image overlay},
  author={Ma, Cong and Chen, Guowen and Zhang, Xinran and Ning, Guochen and Liao, Hongen},
  journal={IEEE journal of biomedical and health informatics},
  volume={23},
  number={6},
  pages={2483--2493},
  year={2018},
  publisher={IEEE}
}

@article{hu2024artificial,
  title={Artificial Intelligence-driven Framework for Augmented Reality Markerless Navigation in Knee Surgery},
  author={Hu, Xue and Cutolo, Fabrizio and Iqbal, Hisham and Henckel, Johann and y Baena, Ferdinando Rodriguez},
  journal={IEEE Transactions on Artificial Intelligence},
  year={2024},
  publisher={IEEE}
}

@inproceedings{penza2023augmented,
  title={Augmented Reality Navigation in Robot-Assisted Surgery with a Teleoperated Robotic Endoscope},
  author={Penza, Veronica and Neri, Alberto and Koskinopoulou, Maria and Turco, Enrico and Soriero, Domenico and Scabini, Stefano and Prattichizzo, Domenico and Mattos, Leonardo S},
  booktitle={2023 IEEE/RSJ International Conference on Intelligent Robots and Systems (IROS)},
  pages={4621--4626},
  year={2023},
  organization={IEEE}
}

@article{li2024extended,
  title={Extended Reality With HMD-Assisted Guidance and Console 3D Overlay for Robotic Surgery Remote Mentoring},
  author={Li, Chengkun and Tong, Yuqi and Long, Yonghao and Si, Weixin and Yeung, David Chun Man and Chan, Jason Ying-Kuen and Dou, Qi},
  journal={IEEE Robotics and Automation Letters},
  year={2024},
  publisher={IEEE}
}

@article{vickers2018acupuncture,
  title={Acupuncture for chronic pain: update of an individual patient data meta-analysis},
  author={Vickers, Andrew J and Vertosick, Emily A and Lewith, George and MacPherson, Hugh and Foster, Nadine E and Sherman, Karen J and Irnich, Dominik and Witt, Claudia M and Linde, Klaus and Acupuncture Trialists' Collaboration and others},
  journal={The journal of pain},
  volume={19},
  number={5},
  pages={455--474},
  year={2018},
  publisher={Elsevier}
}

@article{molsberger2012acupuncture,
  title={Acupuncture points are large fields: the fuzziness of acupuncture point localization by doctors in practice},
  author={Molsberger, AF and Manickavasagan, J and Abholz, HH and Maixner, WB and Endres, HG},
  journal={European Journal of Pain},
  volume={16},
  number={9},
  pages={1264--1270},
  year={2012},
  publisher={Wiley Online Library}
}

@book{laviola20173d,
  title={3D user interfaces: theory and practice},
  author={LaViola Jr, Joseph J and Kruijff, Ernst and McMahan, Ryan P and Bowman, Doug and Poupyrev, Ivan P},
  year={2017},
  publisher={Addison-Wesley Professional}
}

@book{ware2019information,
  title={Information visualization: perception for design},
  author={Ware, Colin},
  year={2019},
  publisher={Morgan Kaufmann}
}

@article{borde2024smart,
  title={Smart goggles augmented reality CT--US fusion compared to conventional fusion navigation for percutaneous needle insertion},
  author={Borde, Tabea and Saccenti, Laetitia and Li, Ming and Varble, Nicole A and Hazen, Lindsey A and Kassin, Michael T and Ukeh, Ifechi N and Horton, Keith M and Delgado, Jose F and Martin, Charles and others},
  journal={International Journal of Computer Assisted Radiology and Surgery},
  pages={1--9},
  year={2024},
  publisher={Springer}
}


@inproceedings{kuzhagaliyev2018augmented,
  title={Augmented reality needle ablation guidance tool for irreversible electroporation in the pancreas},
  author={Kuzhagaliyev, Timur and Clancy, Neil T and Janatka, Mirek and Tchaka, Kevin and Vasconcelos, Francisco and Clarkson, Matthew J and Gurusamy, Kurinchi and Hawkes, David J and Davidson, Brian and Stoyanov, Danail},
  booktitle={Medical imaging 2018: Image-guided procedures, robotic interventions, and modeling},
  volume={10576},
  pages={260--265},
  year={2018},
  organization={SPIE}
}

@inproceedings{heinrich20222d,
  title={2D versus 3D: a comparison of needle navigation concepts between augmented reality display devices},
  author={Heinrich, Florian and Schwenderling, Lovis and Joeres, Fabian and Hansen, Christian},
  booktitle={2022 IEEE Conference on Virtual Reality and 3D User Interfaces (VR)},
  pages={260--269},
  year={2022},
  organization={IEEE}
}

@inproceedings{WhatisMR,
author = {Speicher, Maximilian and Hall, Brian D. and Nebeling, Michael},
title = {What is Mixed Reality?},
year = {2019},
isbn = {9781450359702},
publisher = {Association for Computing Machinery},
address = {New York, NY, USA},
url = {https://doi.org/10.1145/3290605.3300767},
doi = {10.1145/3290605.3300767},
abstract = {What is Mixed Reality (MR)? To revisit this question given the many recent developments, we conducted interviews with ten AR/VR experts from academia and industry, as well as a literature survey of 68 papers. We find that, while there are prominent examples, there is no universally agreed on, one-size-fits-all definition of MR. Rather, we identified six partially competing notions from the literature and experts' responses. We then started to isolate the different aspects of reality relevant for MR experiences, going beyond the primarily visual notions and extending to audio, motion, haptics, taste, and smell. We distill our findings into a conceptual framework with seven dimensions to characterize MR applications in terms of the number of environments, number of users, level of immersion, level of virtuality, degree of interaction, input, and output. Our goal with this paper is to support classification and discussion of MR applications' design and provide a better means to researchers to contextualize their work within the increasingly fragmented MR landscape.},
booktitle = {Proceedings of the 2019 CHI Conference on Human Factors in Computing Systems},
pages = {1â€“15},
numpages = {15},
keywords = {virtual reality, taxonomy, mixed reality, literature review, expert interviews, conceptual framework, augmented reality},
location = {Glasgow, Scotland Uk},
series = {CHI '19}
}