@article{zeng2018rt3d,
  title={Rt3d: Real-time 3-D vehicle detection in lidar point cloud for autonomous driving},
  author={Zeng, Yiming and Hu, Yu and Liu, Shice and Ye, Jing and Han, Yinhe and Li, Xiaowei and Sun, Ninghui},
  journal={IEEE Robotics and Automation Letters},
  volume={3},
  number={4},
  pages={3434--3440},
  year={2018},
  publisher={IEEE}
}

@article{li2020deep,
  title={Deep learning for lidar point clouds in autonomous driving: A review},
  author={Li, Ying and Ma, Lingfei and Zhong, Zilong and Liu, Fei and Chapman, Michael A and Cao, Dongpu and Li, Jonathan},
  journal={IEEE Transactions on Neural Networks and Learning Systems},
  volume={32},
  number={8},
  pages={3412--3432},
  year={2020},
  publisher={IEEE}
}

@inproceedings{shi2019pointrcnn,
  title={Pointrcnn: 3d object proposal generation and detection from point cloud},
  author={Shi, Shaoshuai and Wang, Xiaogang and Li, Hongsheng},
  booktitle={Proceedings of the IEEE/CVF Conference on Computer Vision and Pattern Recognition},
  pages={770--779},
  year={2019}
}

@article{blanc2020genuage,
  title={Genuage: visualize and analyze multidimensional single-molecule point cloud data in virtual reality},
  author={Blanc, Thomas and El Beheiry, Mohamed and Caporal, Cl{\'e}ment and Masson, Jean-Baptiste and Hajj, Bassam},
  journal={Nature Methods},
  volume={17},
  number={11},
  pages={1100--1102},
  year={2020},
  publisher={Nature Publishing Group US New York}
}

@inproceedings{bonatto2016explorations,
  title={Explorations for real-time point cloud rendering of natural scenes in virtual reality},
  author={Bonatto, Daniele and Rogge, S{\'e}gol{\`e}ne and Schenkel, Arnaud and Ercek, Rudy and Lafruit, Gauthier},
  booktitle={2016 International Conference on 3D Imaging (IC3D)},
  pages={1--7},
  year={2016},
  organization={IEEE}
}

@incollection{stets2017visualization,
  title={Visualization and labeling of point clouds in virtual reality},
  author={Stets, Jonathan Dyssel and Sun, Yongbin and Corning, Wiley and Greenwald, Scott W},
  booktitle={SIGGRAPH Asia 2017 Posters},
  pages={1--2},
  year={2017}
}

@inproceedings{park2019deepsdf,
  title={Deepsdf: Learning continuous signed distance functions for shape representation},
  author={Park, Jeong Joon and Florence, Peter and Straub, Julian and Newcombe, Richard and Lovegrove, Steven},
  booktitle={Proceedings of the IEEE/CVF Conference on Computer Vision and Pattern Recognition},
  pages={165--174},
  year={2019}
}

@inproceedings{mescheder2019occupancy,
  title={Occupancy networks: Learning 3d reconstruction in function space},
  author={Mescheder, Lars and Oechsle, Michael and Niemeyer, Michael and Nowozin, Sebastian and Geiger, Andreas},
  booktitle={Proceedings of the IEEE/CVF Conference on Computer Vision and Pattern Recognition},
  pages={4460--4470},
  year={2019}
}

@article{chibane2020neural,
  title={Neural unsigned distance fields for implicit function learning},
  author={Chibane, Julian and Pons-Moll, Gerard and others},
  journal={Advances in Neural Information Processing Systems},
  volume={33},
  pages={21638--21652},
  year={2020}
}

@inproceedings{yu2018pu,
  title={Pu-net: Point cloud upsampling network},
  author={Yu, Lequan and Li, Xianzhi and Fu, Chi-Wing and Cohen-Or, Daniel and Heng, Pheng-Ann},
  booktitle={Proceedings of the IEEE Conference on Computer Vision and Pattern Recognition},
  pages={2790--2799},
  year={2018}
}

@inproceedings{qian2021pu,
  title={Pu-gcn: Point cloud upsampling using graph convolutional networks},
  author={Qian, Guocheng and Abualshour, Abdulellah and Li, Guohao and Thabet, Ali and Ghanem, Bernard},
  booktitle={Proceedings of the IEEE/CVF Conference on Computer Vision and Pattern Recognition},
  pages={11683--11692},
  year={2021}
}

@article{ye2021meta,
  title={Meta-PU: An arbitrary-scale upsampling network for point cloud},
  author={Ye, Shuquan and Chen, Dongdong and Han, Songfang and Wan, Ziyu and Liao, Jing},
  journal={IEEE Transactions on Visualization and Computer Graphics},
  volume={28},
  number={9},
  pages={3206--3218},
  year={2021},
  publisher={IEEE}
}

@inproceedings{li2021point,
  title={Point cloud upsampling via disentangled refinement},
  author={Li, Ruihui and Li, Xianzhi and Heng, Pheng-Ann and Fu, Chi-Wing},
  booktitle={Proceedings of the IEEE/CVF Conference on Computer Vision and Pattern Recognition},
  pages={344--353},
  year={2021}
}

@inproceedings{zhao2022self,
  title={Self-supervised arbitrary-scale point clouds upsampling via implicit neural representation},
  author={Zhao, Wenbo and Liu, Xianming and Zhong, Zhiwei and Jiang, Junjun and Gao, Wei and Li, Ge and Ji, Xiangyang},
  booktitle={Proceedings of the IEEE/CVF Conference on Computer Vision and Pattern Recognition},
  pages={1999--2007},
  year={2022}
}

@article{liu2022spu,
  title={Spu-net: Self-supervised point cloud upsampling by coarse-to-fine reconstruction with self-projection optimization},
  author={Liu, Xinhai and Liu, Xinchen and Liu, Yu-Shen and Han, Zhizhong},
  journal={IEEE Transactions on Image Processing},
  volume={31},
  pages={4213--4226},
  year={2022},
  publisher={IEEE}
}

@article{zhao2023self,
  title={Self-Supervised Arbitrary-Scale Implicit Point Clouds Upsampling},
  author={Zhao, Wenbo and Liu, Xianming and Zhai, Deming and Jiang, Junjun and Ji, Xiangyang},
  journal={IEEE Transactions on Pattern Analysis and Machine Intelligence},
  year={2023},
  publisher={IEEE}
}

@article{lipman2007parameterization,
  title={Parameterization-free projection for geometry reconstruction},
  author={Lipman, Yaron and Cohen-Or, Daniel and Levin, David and Tal-Ezer, Hillel},
  journal={ACM Transactions on Graphics (TOG)},
  volume={26},
  number={3},
  pages={22--es},
  year={2007},
  publisher={ACM New York, NY, USA}
}

@article{huang2009consolidation,
  title={Consolidation of unorganized point clouds for surface reconstruction},
  author={Huang, Hui and Li, Dan and Zhang, Hao and Ascher, Uri and Cohen-Or, Daniel},
  journal={ACM Transactions on Graphics (TOG)},
  volume={28},
  number={5},
  pages={1--7},
  year={2009},
  publisher={ACM New York, NY, USA}
}

@article{huang2013edge,
  title={Edge-aware point set resampling},
  author={Huang, Hui and Wu, Shihao and Gong, Minglun and Cohen-Or, Daniel and Ascher, Uri and Zhang, Hao},
  journal={ACM Transactions on Graphics (TOG)},
  volume={32},
  number={1},
  pages={1--12},
  year={2013},
  publisher={ACM New York, NY, USA}
}

@article{wu2015deep,
  title={Deep points consolidation},
  author={Wu, Shihao and Huang, Hui and Gong, Minglun and Zwicker, Matthias and Cohen-Or, Daniel},
  journal={ACM Transactions on Graphics (ToG)},
  volume={34},
  number={6},
  pages={1--13},
  year={2015},
  publisher={ACM New York, NY, USA}
}

@inproceedings{qiu2022pu,
  title={Pu-transformer: Point cloud upsampling transformer},
  author={Qiu, Shi and Anwar, Saeed and Barnes, Nick},
  booktitle={Proceedings of the Asian Conference on Computer Vision},
  pages={2475--2493},
  year={2022}
}

@article{qian2021deep,
  title={Deep magnification-flexible upsampling over 3d point clouds},
  author={Qian, Yue and Hou, Junhui and Kwong, Sam and He, Ying},
  journal={IEEE Transactions on Image Processing},
  volume={30},
  pages={8354--8367},
  year={2021},
  publisher={IEEE}
}

@inproceedings{feng2022neural,
  title={Neural points: Point cloud representation with neural fields for arbitrary upsampling},
  author={Feng, Wanquan and Li, Jin and Cai, Hongrui and Luo, Xiaonan and Zhang, Juyong},
  booktitle={Proceedings of the IEEE/CVF Conference on Computer Vision and Pattern Recognition},
  pages={18633--18642},
  year={2022}
}

@inproceedings{he2023grad,
  title={Grad-PU: Arbitrary-Scale Point Cloud Upsampling via Gradient Descent with Learned Distance Functions},
  author={He, Yun and Tang, Danhang and Zhang, Yinda and Xue, Xiangyang and Fu, Yanwei},
  booktitle={Proceedings of the IEEE/CVF Conference on Computer Vision and Pattern Recognition},
  pages={5354--5363},
  year={2023}
}

@article{wei2023ipunet,
  title={iPUNet: Iterative Cross Field Guided Point Cloud Upsampling},
  author={Wei, Guangshun and Pan, Hao and Zhuang, Shaojie and Zhou, Yuanfeng and Li, Changjian},
  journal={IEEE Transactions on Visualization and Computer Graphics},
  year={2023},
  publisher={IEEE}
}

@inproceedings{zhao2021sspu,
  title={Sspu-net: Self-supervised point cloud upsampling via differentiable rendering},
  author={Zhao, Yifan and Hui, Le and Xie, Jin},
  booktitle={Proceedings of ACM International Conference on Multimedia},
  pages={2214--2223},
  year={2021}
}

@inproceedings{pang2022masked,
  title={Masked autoencoders for point cloud self-supervised learning},
  author={Pang, Yatian and Wang, Wenxiao and Tay, Francis EH and Liu, Wei and Tian, Yonghong and Yuan, Li},
  booktitle={European Conference on Computer Vision},
  pages={604--621},
  year={2022},
  organization={Springer}
}

@inproceedings{yu2018ec,
  title={Ec-net: an edge-aware point set consolidation network},
  author={Yu, Lequan and Li, Xianzhi and Fu, Chi-Wing and Cohen-Or, Daniel and Heng, Pheng-Ann},
  booktitle={Proceedings of the European Conference on Computer Vision (ECCV)},
  pages={386--402},
  year={2018}
}

@inproceedings{qian2020pugeo,
  title={PUGeo-Net: A geometry-centric network for 3D point cloud upsampling},
  author={Qian, Yue and Hou, Junhui and Kwong, Sam and He, Ying},
  booktitle={European Conference on Computer Vision},
  pages={752--769},
  year={2020},
  organization={Springer}
}

@inproceedings{wang2023sspu,
  title={SSPU-Net: A Structure Sensitive Point Cloud Upsampling Network with Multi-Scale Spatial Refinement},
  author={Wang, Jin and Chen, Jiade and Shi, Yunhui and Ling, Nam and Yin, Baocai},
  booktitle={Proceedings of ACM International Conference on Multimedia},
  pages={1546--1555},
  year={2023}
}

@article{li2023learning,
  title={Learning Continuous Implicit Field with Local Distance Indicator for Arbitrary-Scale Point Cloud Upsampling},
  author={Li, Shujuan and Zhou, Junsheng and Ma, Baorui and Liu, Yu-Shen and Han, Zhizhong},
  journal={arXiv preprint arXiv:2312.15133},
  year={2023}
}

@article{cai2023parametric,
  title={Parametric Surface Constrained Upsampler Network for Point Cloud},
  author={Cai, Pingping and Wu, Zhenyao and Wu, Xinyi and Wang, Song},
  journal={arXiv preprint arXiv:2303.08240},
  year={2023}
}

@inproceedings{yifan2019patch,
  title={Patch-based progressive 3d point set upsampling},
  author={Yifan, Wang and Wu, Shihao and Huang, Hui and Cohen-Or, Daniel and Sorkine-Hornung, Olga},
  booktitle={Proceedings of the IEEE/CVF Conference on Computer Vision and Pattern Recognition},
  pages={5958--5967},
  year={2019}
}

@inproceedings{li2019pu,
  title={Pu-gan: a point cloud upsampling adversarial network},
  author={Li, Ruihui and Li, Xianzhi and Fu, Chi-Wing and Cohen-Or, Daniel and Heng, Pheng-Ann},
  booktitle={Proceedings of the IEEE/CVF International Conference on Computer Vision},
  pages={7203--7212},
  year={2019}
}

@article{wu2019point,
  title={Point cloud super resolution with adversarial residual graph networks},
  author={Wu, Huikai and Zhang, Junge and Huang, Kaiqi},
  journal={arXiv preprint arXiv:1908.02111},
  year={2019}
}

@article{loshchilov2017decoupled,
  title={Decoupled weight decay regularization},
  author={Loshchilov, Ilya and Hutter, Frank},
  journal={arXiv preprint arXiv:1711.05101},
  year={2017}
}

@article{loshchilov2016sgdr,
  title={Sgdr: Stochastic gradient descent with warm restarts},
  author={Loshchilov, Ilya and Hutter, Frank},
  journal={arXiv preprint arXiv:1608.03983},
  year={2016}
}

@inproceedings{qi2017pointnet,
  title={Pointnet: Deep learning on point sets for 3d classification and segmentation},
  author={Qi, Charles R and Su, Hao and Mo, Kaichun and Guibas, Leonidas J},
  booktitle={Proceedings of the IEEE Conference on Computer Vision and Pattern Recognition},
  pages={652--660},
  year={2017}
}

@inproceedings{geiger2012we,
  title={Are we ready for autonomous driving? the kitti vision benchmark suite},
  author={Geiger, Andreas and Lenz, Philip and Urtasun, Raquel},
  booktitle={2012 IEEE Conference on Computer Vision and Pattern Recognition},
  pages={3354--3361},
  year={2012},
  organization={IEEE}
}

@inproceedings{zhao2023cpu,
  title={Cpu: Codebook lookup transformer with knowledge distillation for point cloud upsampling},
  author={Zhao, Weibing and Zhang, Haiming and Zheng, Chaoda and Yan, Xu and Cui, Shuguang and Li, Zhen},
  booktitle={Proceedings of the 31st ACM International Conference on Multimedia},
  pages={3917--3925},
  year={2023}
}

@article{mao2022pu,
  title={Pu-flow: A point cloud upsampling network with normalizing flows},
  author={Mao, Aihua and Du, Zihui and Hou, Junhui and Duan, Yaqi and Liu, Yong-jin and He, Ying},
  journal={IEEE Transactions on Visualization and Computer Graphics},
  volume={29},
  number={12},
  pages={4964--4977},
  year={2022},
  publisher={IEEE}
}

@inproceedings{du2024arbitrary,
  title={Arbitrary-Scale Point Cloud Upsampling by Voxel-Based Network with Latent Geometric-Consistent Learning},
  author={Du, Hang and Yan, Xuejun and Wang, Jingjing and Xie, Di and Pu, Shiliang},
  booktitle={Proceedings of the AAAI Conference on Artificial Intelligence},
  volume={38},
  number={2},
  pages={1626--1634},
  year={2024}
}

@inproceedings{rong2024repkpu,
  title={RepKPU: Point Cloud Upsampling with Kernel Point Representation and Deformation},
  author={Rong, Yi and Zhou, Haoran and Xia, Kang and Mei, Cheng and Wang, Jiahao and Lu, Tong},
  booktitle={Proceedings of the IEEE/CVF Conference on Computer Vision and Pattern Recognition},
  pages={21050--21060},
  year={2024}
}

@inproceedings{liu2024spu,
  title={SPU-PMD: Self-Supervised Point Cloud Upsampling via Progressive Mesh Deformation},
  author={Liu, Yanzhe and Chen, Rong and Li, Yushi and Li, Yixi and Tan, Xuehou},
  booktitle={Proceedings of the IEEE/CVF Conference on Computer Vision and Pattern Recognition},
  pages={5188--5197},
  year={2024}
}

@article{liu2024pu,
  title={PU-Mask: 3D Point Cloud Upsampling via an Implicit Virtual Mask},
  author={Liu, Hao and Yuan, Hui and Hamzaoui, Raouf and Liu, Qi and Li, Shuai},
  journal={IEEE Transactions on Circuits and Systems for Video Technology},
  year={2024},
  publisher={IEEE}
}

@article{lim2024pu,
  title={PU-Ray: Domain-Independent Point Cloud Upsampling via Ray Marching on Neural Implicit Surface},
  author={Lim, Sangwon and El-Basyouny, Karim and Yang, Yee Hong},
  journal={IEEE Transactions on Intelligent Transportation Systems},
  year={2024},
  publisher={IEEE}
}

@article{geiger2013vision,
  title={Vision meets robotics: The kitti dataset},
  author={Geiger, Andreas and Lenz, Philip and Stiller, Christoph and Urtasun, Raquel},
  journal={The International Journal of Robotics Research},
  volume={32},
  number={11},
  pages={1231--1237},
  year={2013},
  publisher={Sage Publications Sage UK: London, England}
}

@inproceedings{zhao2021point,
  title={Point transformer},
  author={Zhao, Hengshuang and Jiang, Li and Jia, Jiaya and Torr, Philip HS and Koltun, Vladlen},
  booktitle={Proceedings of the IEEE/CVF International Conference on Computer Vision},
  pages={16259--16268},
  year={2021}
}

@article{yang2023mutual,
  title={Mutual voting for ranking 3D correspondences},
  author={Yang, Jiaqi and Zhang, Xiyu and Fan, Shichao and Ren, Chunlin and Zhang, Yanning},
  journal={IEEE Transactions on Pattern Analysis and Machine Intelligence},
  year={2023},
  publisher={IEEE}
}

@article{cheng2023sampling,
  title={Sampling locally, hypothesis globally: accurate 3D point cloud registration with a RANSAC variant},
  author={Cheng, Yuxin and Huang, Zhiqiang and Quan, Siwen and Cao, Xinyue and Zhang, Shikun and Yang, Jiaqi},
  journal={Visual Intelligence},
  volume={1},
  number={1},
  pages={20},
  year={2023},
  publisher={Springer}
}

@inproceedings{zhang2024plug,
  title={A Plug-and-Play Method for Rare Human-Object Interactions Detection by Bridging Domain Gap},
  author={Zhang, Lijun and Suo, Wei and Wang, Peng and Zhang, Yanning},
  booktitle={Proceedings of the 32nd ACM International Conference on Multimedia},
  pages={8613--8622},
  year={2024}
}

@inproceedings{zhang20233d,
  title={3D registration with maximal cliques},
  author={Zhang, Xiyu and Yang, Jiaqi and Zhang, Shikun and Zhang, Yanning},
  booktitle={Proceedings of the IEEE/CVF Conference on Computer Vision and Pattern Recognition},
  pages={17745--17754},
  year={2023}
}

@article{lv2021approximate,
  title={Approximate intrinsic voxel structure for point cloud simplification},
  author={Lv, Chenlei and Lin, Weisi and Zhao, Baoquan},
  journal={IEEE Transactions on Image Processing},
  volume={30},
  pages={7241--7255},
  year={2021},
  publisher={IEEE}
}

@article{lv2022intrinsic,
  title={Intrinsic and isotropic resampling for 3D point clouds},
  author={Lv, Chenlei and Lin, Weisi and Zhao, Baoquan},
  journal={IEEE Transactions on Pattern Analysis and Machine Intelligence},
  volume={45},
  number={3},
  pages={3274--3291},
  year={2022},
  publisher={IEEE}
}