@inproceedings{feng2022neural,
  title={Neural points: Point cloud representation with neural fields for arbitrary upsampling},
  author={Feng, Wanquan and Li, Jin and Cai, Hongrui and Luo, Xiaonan and Zhang, Juyong},
  booktitle={Proceedings of the IEEE/CVF Conference on Computer Vision and Pattern Recognition},
  pages={18633--18642},
  year={2022}
}

@inproceedings{he2023grad,
  title={Grad-PU: Arbitrary-Scale Point Cloud Upsampling via Gradient Descent with Learned Distance Functions},
  author={He, Yun and Tang, Danhang and Zhang, Yinda and Xue, Xiangyang and Fu, Yanwei},
  booktitle={Proceedings of the IEEE/CVF Conference on Computer Vision and Pattern Recognition},
  pages={5354--5363},
  year={2023}
}

@inproceedings{li2019pu,
  title={Pu-gan: a point cloud upsampling adversarial network},
  author={Li, Ruihui and Li, Xianzhi and Fu, Chi-Wing and Cohen-Or, Daniel and Heng, Pheng-Ann},
  booktitle={Proceedings of the IEEE/CVF International Conference on Computer Vision},
  pages={7203--7212},
  year={2019}
}

@inproceedings{li2021point,
  title={Point cloud upsampling via disentangled refinement},
  author={Li, Ruihui and Li, Xianzhi and Heng, Pheng-Ann and Fu, Chi-Wing},
  booktitle={Proceedings of the IEEE/CVF Conference on Computer Vision and Pattern Recognition},
  pages={344--353},
  year={2021}
}

@article{li2023learning,
  title={Learning Continuous Implicit Field with Local Distance Indicator for Arbitrary-Scale Point Cloud Upsampling},
  author={Li, Shujuan and Zhou, Junsheng and Ma, Baorui and Liu, Yu-Shen and Han, Zhizhong},
  journal={arXiv preprint arXiv:2312.15133},
  year={2023}
}

@article{liu2022spu,
  title={Spu-net: Self-supervised point cloud upsampling by coarse-to-fine reconstruction with self-projection optimization},
  author={Liu, Xinhai and Liu, Xinchen and Liu, Yu-Shen and Han, Zhizhong},
  journal={IEEE Transactions on Image Processing},
  volume={31},
  pages={4213--4226},
  year={2022},
  publisher={IEEE}
}

@article{liu2024pu,
  title={PU-Mask: 3D Point Cloud Upsampling via an Implicit Virtual Mask},
  author={Liu, Hao and Yuan, Hui and Hamzaoui, Raouf and Liu, Qi and Li, Shuai},
  journal={IEEE Transactions on Circuits and Systems for Video Technology},
  year={2024},
  publisher={IEEE}
}

@inproceedings{liu2024spu,
  title={SPU-PMD: Self-Supervised Point Cloud Upsampling via Progressive Mesh Deformation},
  author={Liu, Yanzhe and Chen, Rong and Li, Yushi and Li, Yixi and Tan, Xuehou},
  booktitle={Proceedings of the IEEE/CVF Conference on Computer Vision and Pattern Recognition},
  pages={5188--5197},
  year={2024}
}

@article{lv2021approximate,
  title={Approximate intrinsic voxel structure for point cloud simplification},
  author={Lv, Chenlei and Lin, Weisi and Zhao, Baoquan},
  journal={IEEE Transactions on Image Processing},
  volume={30},
  pages={7241--7255},
  year={2021},
  publisher={IEEE}
}

@article{lv2022intrinsic,
  title={Intrinsic and isotropic resampling for 3D point clouds},
  author={Lv, Chenlei and Lin, Weisi and Zhao, Baoquan},
  journal={IEEE Transactions on Pattern Analysis and Machine Intelligence},
  volume={45},
  number={3},
  pages={3274--3291},
  year={2022},
  publisher={IEEE}
}

@inproceedings{qian2020pugeo,
  title={PUGeo-Net: A geometry-centric network for 3D point cloud upsampling},
  author={Qian, Yue and Hou, Junhui and Kwong, Sam and He, Ying},
  booktitle={European Conference on Computer Vision},
  pages={752--769},
  year={2020},
  organization={Springer}
}

@inproceedings{qian2021pu,
  title={Pu-gcn: Point cloud upsampling using graph convolutional networks},
  author={Qian, Guocheng and Abualshour, Abdulellah and Li, Guohao and Thabet, Ali and Ghanem, Bernard},
  booktitle={Proceedings of the IEEE/CVF Conference on Computer Vision and Pattern Recognition},
  pages={11683--11692},
  year={2021}
}

@inproceedings{qiu2022pu,
  title={Pu-transformer: Point cloud upsampling transformer},
  author={Qiu, Shi and Anwar, Saeed and Barnes, Nick},
  booktitle={Proceedings of the Asian Conference on Computer Vision},
  pages={2475--2493},
  year={2022}
}

@inproceedings{rong2024repkpu,
  title={RepKPU: Point Cloud Upsampling with Kernel Point Representation and Deformation},
  author={Rong, Yi and Zhou, Haoran and Xia, Kang and Mei, Cheng and Wang, Jiahao and Lu, Tong},
  booktitle={Proceedings of the IEEE/CVF Conference on Computer Vision and Pattern Recognition},
  pages={21050--21060},
  year={2024}
}

@inproceedings{wang2023sspu,
  title={SSPU-Net: A Structure Sensitive Point Cloud Upsampling Network with Multi-Scale Spatial Refinement},
  author={Wang, Jin and Chen, Jiade and Shi, Yunhui and Ling, Nam and Yin, Baocai},
  booktitle={Proceedings of ACM International Conference on Multimedia},
  pages={1546--1555},
  year={2023}
}

@article{wei2023ipunet,
  title={iPUNet: Iterative Cross Field Guided Point Cloud Upsampling},
  author={Wei, Guangshun and Pan, Hao and Zhuang, Shaojie and Zhou, Yuanfeng and Li, Changjian},
  journal={IEEE Transactions on Visualization and Computer Graphics},
  year={2023},
  publisher={IEEE}
}

@article{ye2021meta,
  title={Meta-PU: An arbitrary-scale upsampling network for point cloud},
  author={Ye, Shuquan and Chen, Dongdong and Han, Songfang and Wan, Ziyu and Liao, Jing},
  journal={IEEE Transactions on Visualization and Computer Graphics},
  volume={28},
  number={9},
  pages={3206--3218},
  year={2021},
  publisher={IEEE}
}

@inproceedings{yifan2019patch,
  title={Patch-based progressive 3d point set upsampling},
  author={Yifan, Wang and Wu, Shihao and Huang, Hui and Cohen-Or, Daniel and Sorkine-Hornung, Olga},
  booktitle={Proceedings of the IEEE/CVF Conference on Computer Vision and Pattern Recognition},
  pages={5958--5967},
  year={2019}
}

@inproceedings{yu2018ec,
  title={Ec-net: an edge-aware point set consolidation network},
  author={Yu, Lequan and Li, Xianzhi and Fu, Chi-Wing and Cohen-Or, Daniel and Heng, Pheng-Ann},
  booktitle={Proceedings of the European Conference on Computer Vision (ECCV)},
  pages={386--402},
  year={2018}
}

@inproceedings{yu2018pu,
  title={Pu-net: Point cloud upsampling network},
  author={Yu, Lequan and Li, Xianzhi and Fu, Chi-Wing and Cohen-Or, Daniel and Heng, Pheng-Ann},
  booktitle={Proceedings of the IEEE Conference on Computer Vision and Pattern Recognition},
  pages={2790--2799},
  year={2018}
}

@inproceedings{zhao2021sspu,
  title={Sspu-net: Self-supervised point cloud upsampling via differentiable rendering},
  author={Zhao, Yifan and Hui, Le and Xie, Jin},
  booktitle={Proceedings of ACM International Conference on Multimedia},
  pages={2214--2223},
  year={2021}
}

@inproceedings{zhao2022self,
  title={Self-supervised arbitrary-scale point clouds upsampling via implicit neural representation},
  author={Zhao, Wenbo and Liu, Xianming and Zhong, Zhiwei and Jiang, Junjun and Gao, Wei and Li, Ge and Ji, Xiangyang},
  booktitle={Proceedings of the IEEE/CVF Conference on Computer Vision and Pattern Recognition},
  pages={1999--2007},
  year={2022}
}

@article{zhao2023self,
  title={Self-Supervised Arbitrary-Scale Implicit Point Clouds Upsampling},
  author={Zhao, Wenbo and Liu, Xianming and Zhai, Deming and Jiang, Junjun and Ji, Xiangyang},
  journal={IEEE Transactions on Pattern Analysis and Machine Intelligence},
  year={2023},
  publisher={IEEE}
}

