@InProceedings{Hu2022CVPR,
    author    = {Hu, Tao and Liu, Shu and Chen, Yilun and Shen, Tiancheng and Jia, Jiaya},
    title     = {EfficientNeRF  Efficient Neural Radiance Fields},
    booktitle = CVPR,
    month     = {June},
    year      = {2022},
    pages     = {12902-12911}
}

@InProceedings{Liu2023ICCV,
    author    = {Liu, Jeffrey Yunfan and Chen, Yun and Yang, Ze and Wang, Jingkang and Manivasagam, Sivabalan and Urtasun, Raquel},
    title     = {Real-Time Neural Rasterization for Large Scenes},
    booktitle = ICCV,
    month     = {October},
    year      = {2023},
    pages     = {8416-8427}
}

@article{campos2021orb,
  title={Orb-slam3: An accurate open-source library for visual, visual--inertial, and multimap slam},
  author={Campos, Carlos and Elvira, Richard and Rodr{\'\i}guez, Juan J G{\'o}mez and Montiel, Jos{\'e} MM and Tard{\'o}s, Juan D},
  journal=TRO,
  volume={37},
  number={6},
  pages={1874--1890},
  year={2021},
  publisher={IEEE}
}

@inproceedings{chang2021kimera,
  title={Kimera-Multi: a System for Distributed Multi-Robot Metric-Semantic Simultaneous Localization and Mapping},
  author={Chang, Yun and Tian, Yulun and How, Jonathan P and Carlone, Luca},
  booktitle= ICRA,
  pages={11210--11218},
  year={2021},
  organization={IEEE}
}

@article{engel2017direct,
  title={Direct sparse odometry},
  author={Engel, Jakob and Koltun, Vladlen and Cremers, Daniel},
  journal=TPAMI,
  volume={40},
  number={3},
  pages={611--625},
  year={2017},
  publisher={IEEE}
}

@article{haghighi2023neural,
  title={Neural implicit dense semantic slam},
  author={Haghighi, Yasaman and Kumar, Suryansh and Thiran, Jean-Philippe and Van Gool, Luc},
  journal={arXiv preprint arXiv:2304.14560},
  year={2023}
}

@inproceedings{huang2024photo,
  title={Photo-SLAM: Real-time Simultaneous Localization and Photorealistic Mapping for Monocular Stereo and RGB-D Cameras},
  author={Huang, Huajian and Li, Longwei and Cheng, Hui and Yeung, Sai-Kit},
  booktitle=CVPR,
  pages={21584--21593},
  year={2024}
}

@inproceedings{johari2023eslam,
  title={Eslam: Efficient dense slam system based on hybrid representation of signed distance fields},
  author={Johari, Mohammad Mahdi and Carta, Camilla and Fleuret, Fran{\c{c}}ois},
  booktitle=CVPR,
  pages={17408--17419},
  year={2023}
}

@inproceedings{keetha2023splatam,
  title={Splatam: Splat, track \& map 3d gaussians for dense rgb-d slam},
  author={Keetha, Nikhil and Karhade, Jay and Jatavallabhula, Krishna Murthy and Yang, Gengshan and Scherer, Sebastian and Ramanan, Deva and Luiten, Jonathon},
  booktitle=CVPR,
  year={2023}
}

@inproceedings{li2020textslam,
  title={Textslam: Visual slam with planar text features},
  author={Li, Boying and Zou, Danping and Sartori, Daniele and Pei, Ling and Yu, Wenxian},
  booktitle={2020 IEEE International Conference on Robotics and Automation (ICRA)},
  pages={2102--2108},
  year={2020},
  organization={IEEE}
}

@article{li2023dns,
  title={Dns slam: Dense neural semantic-informed slam},
  author={Li, Kunyi and Niemeyer, Michael and Navab, Nassir and Tombari, Federico},
  journal={arXiv preprint arXiv:2312.00204},
  year={2023}
}

@article{li2023textslam,
  title={TextSLAM: Visual SLAM With Semantic Planar Text Features},
  author={Li, Boying and Zou, Danping and Huang, Yuan and Niu, Xinghan and Pei, Ling and Yu, Wenxian},
  journal={IEEE Transactions on Pattern Analysis and Machine Intelligence},
  year={2023},
  publisher={IEEE}
}

@inproceedings{li2024sgs,
  title={Sgs-slam: Semantic gaussian splatting for neural dense slam},
  author={Li, Mingrui and Liu, Shuhong and Zhou, Heng and Zhu, Guohao and Cheng, Na and Deng, Tianchen and Wang, Hongyu},
  booktitle=ECCV,
  pages={163--179},
  year={2024},
  organization={Springer}
}

@inproceedings{matsuki2024gaussian,
  title={Gaussian splatting slam},
  author={Matsuki, Hidenobu and Murai, Riku and Kelly, Paul HJ and Davison, Andrew J},
  booktitle=CVPR,
  pages={18039--18048},
  year={2024}
}

@article{mildenhall2021nerf,
  title={Nerf: Representing scenes as neural radiance fields for view synthesis},
  author={Mildenhall, Ben and Srinivasan, Pratul P and Tancik, Matthew and Barron, Jonathan T and Ramamoorthi, Ravi and Ng, Ren},
  journal={Communications of the ACM},
  volume={65},
  number={1},
  pages={99--106},
  year={2021},
  publisher={ACM New York, NY, USA}
}

@article{mur2015orb,
  title={ORB-SLAM: a versatile and accurate monocular SLAM system},
  author={Mur-Artal, Raul and Montiel, Jose Maria Martinez and Tardos, Juan D},
  journal=TRO,
  volume={31},
  number={5},
  pages={1147--1163},
  year={2015},
  publisher={IEEE}
}

@article{mur2017orb,
  title={Orb-slam2: An open-source slam system for monocular, stereo, and rgb-d cameras},
  author={Mur-Artal, Raul and Tard{\'o}s, Juan D},
  journal=TRO,
  volume={33},
  number={5},
  pages={1255--1262},
  year={2017},
  publisher={IEEE}
}

@inproceedings{rosinol2020kimera,
  title={Kimera: an open-source library for real-time metric-semantic localization and mapping},
  author={Rosinol, Antoni and Abate, Marcus and Chang, Yun and Carlone, Luca},
  booktitle= ICRA,
  pages={1689--1696},
  year={2020},
  organization={IEEE}
}

@article{sualeh2019simultaneous,
  title={Simultaneous localization and mapping in the epoch of semantics: a survey},
  author={Sualeh, Muhammad and Kim, Gon-Woo},
  journal={International Journal of Control, Automation and Systems},
  volume={17},
  number={3},
  pages={729--742},
  year={2019},
  publisher={Springer}
}

@inproceedings{sucar2021imap,
  title={imap: Implicit mapping and positioning in real-time},
  author={Sucar, Edgar and Liu, Shikun and Ortiz, Joseph and Davison, Andrew J},
  booktitle=ICCV,
  pages={6229--6238},
  year={2021}
}

@article{teed2021droid,
  title={Droid-slam: Deep visual slam for monocular, stereo, and rgb-d cameras},
  author={Teed, Zachary and Deng, Jia},
  journal=NIPS,
  volume={34},
  pages={16558--16569},
  year={2021}
}

@inproceedings{yan2024gs,
  title={Gs-slam: Dense visual slam with 3d gaussian splatting},
  author={Yan, Chi and Qu, Delin and Xu, Dan and Zhao, Bin and Wang, Zhigang and Wang, Dong and Li, Xuelong},
  booktitle=CVPR,
  pages={19595--19604},
  year={2024}
}

@article{yugay2023gaussian,
  title={Gaussian-slam: Photo-realistic dense slam with gaussian splatting},
  author={Yugay, Vladimir and Li, Yue and Gevers, Theo and Oswald, Martin R},
  journal={arXiv preprint arXiv:2312.10070},
  year={2023}
}

@inproceedings{zhu2022nice,
  title={Nice-slam: Neural implicit scalable encoding for slam},
  author={Zhu, Zihan and Peng, Songyou and Larsson, Viktor and Xu, Weiwei and Bao, Hujun and Cui, Zhaopeng and Oswald, Martin R and Pollefeys, Marc},
  booktitle=CVPR,
  pages={12786--12796},
  year={2022}
}

@inproceedings{zhu2023sni,
  title={Sni-slam: Semantic neural implicit slam},
  author={Zhu, Siting and Wang, Guangming and Blum, Hermann and Liu, Jiuming and Song, Liang and Pollefeys, Marc and Wang, Hesheng},
  booktitle=CVPR,
  year={2024}
}

@inproceedings{zhu2024nicer,
  title={Nicer-slam: Neural implicit scene encoding for rgb slam},
  author={Zhu, Zihan and Peng, Songyou and Larsson, Viktor and Cui, Zhaopeng and Oswald, Martin R and Geiger, Andreas and Pollefeys, Marc},
  booktitle={2024 International Conference on 3D Vision (3DV)},
  pages={42--52},
  year={2024},
  organization={IEEE}
}

@article{zhu2024semgauss,
  title={Semgauss-slam: Dense semantic gaussian splatting slam},
  author={Zhu, Siting and Qin, Renjie and Wang, Guangming and Liu, Jiuming and Wang, Hesheng},
  journal={arXiv preprint arXiv:2403.07494},
  year={2024}
}

