
@String{ PAMI = "IEEE Transactions on Pattern Analysis and Machine Intelligence" }
@String{ CVPR = "Proceedings of the IEEE International Conference on Computer Vision and Pattern Recognition" }
@String{ ICCV = "Proceedings of the IEEE/CVF International Conference on Computer Vision" }
@String{ ICCVworkshop = "Proceedings of the IEEE/CVF International Conference on Computer Vision Workshops" }
@String{ AAAI = "Proceedings of the AAAI Conference on Artificial Intelligence"}
@String{ ECCV = "Proceedings of the European conference on computer vision"}
@String{ ICRA = "Proceedings of the IEEE International Conference on Robotics and Automation"}
@String{ IROS = "Proceedings of the IEEE/RSJ International Conference on Intelligent Robots and Systems"}
@String{ ISMAR = "Proceedings of the IEEE/ACM International Symposium on Mixed and Augmented Reality"}
@String{ TOG = "ACM Transactions on Graphics"}



@inproceedings{li2024hi,
  title={Hier-slam: Scaling-up semantics in slam with a hierarchically categorical gaussian splatting},
  author={Li, Boying and Cai, Zhixi and Li, Yuan-Fang and Reid, Ian and Rezatofighi, Hamid},
  booktitle=ICRA,
  year={2025}
}

% orbslam
@article{mur2015orb,
  title={ORB-SLAM: a versatile and accurate monocular SLAM system},
  author={Mur-Artal, Raul and Montiel, Jose Maria Martinez and Tardos, Juan D},
  journal=TRO,
  volume={31},
  number={5},
  pages={1147--1163},
  year={2015},
  publisher={IEEE}
}

@article{mur2017orb,
  title={Orb-slam2: An open-source slam system for monocular, stereo, and rgb-d cameras},
  author={Mur-Artal, Raul and Tard{\'o}s, Juan D},
  journal=TRO,
  volume={33},
  number={5},
  pages={1255--1262},
  year={2017},
  publisher={IEEE}
}

@article{campos2021orb,
  title={Orb-slam3: An accurate open-source library for visual, visual--inertial, and multimap slam},
  author={Campos, Carlos and Elvira, Richard and Rodr{\'\i}guez, Juan J G{\'o}mez and Montiel, Jos{\'e} MM and Tard{\'o}s, Juan D},
  journal=TRO,
  volume={37},
  number={6},
  pages={1874--1890},
  year={2021},
  publisher={IEEE}
}

% DSO
@article{engel2017direct,
  title={Direct sparse odometry},
  author={Engel, Jakob and Koltun, Vladlen and Cremers, Daniel},
  journal=TPAMI,
  volume={40},
  number={3},
  pages={611--625},
  year={2017},
  publisher={IEEE}
}

% meshgpt
@inproceedings{siddiqui2024meshgpt,
  title={Meshgpt: Generating triangle meshes with decoder-only transformers},
  author={Siddiqui, Yawar and Alliegro, Antonio and Artemov, Alexey and Tommasi, Tatiana and Sirigatti, Daniele and Rosov, Vladislav and Dai, Angela and Nie{\ss}ner, Matthias},
  booktitle=CVPR,
  pages={19615--19625},
  year={2024}
}

% dust3r
@inproceedings{wang2024dust3r,
  title={Dust3r: Geometric 3d vision made easy},
  author={Wang, Shuzhe and Leroy, Vincent and Cabon, Yohann and Chidlovskii, Boris and Revaud, Jerome},
  booktitle=CVPR,
  pages={20697--20709},
  year={2024}
}

% vox-fusion
@inproceedings{yang2022vox,
  title={Vox-fusion: Dense tracking and mapping with voxel-based neural implicit representation},
  author={Yang, Xingrui and Li, Hai and Zhai, Hongjia and Ming, Yuhang and Liu, Yuqian and Zhang, Guofeng},
  booktitle=ISMAR,
  pages={499--507},
  year={2022},
  organization={IEEE}
}

% nice-slam
@inproceedings{zhu2022nice,
  title={Nice-slam: Neural implicit scalable encoding for slam},
  author={Zhu, Zihan and Peng, Songyou and Larsson, Viktor and Xu, Weiwei and Bao, Hujun and Cui, Zhaopeng and Oswald, Martin R and Pollefeys, Marc},
  booktitle=CVPR,
  pages={12786--12796},
  year={2022}
}

% eslam
@inproceedings{johari2023eslam,
  title={Eslam: Efficient dense slam system based on hybrid representation of signed distance fields},
  author={Johari, Mohammad Mahdi and Carta, Camilla and Fleuret, Fran{\c{c}}ois},
  booktitle=CVPR,
  pages={17408--17419},
  year={2023}
}

% point-slam
@inproceedings{sandstrom2023point,
  title={Point-slam: Dense neural point cloud-based slam},
  author={Sandstr{\"o}m, Erik and Li, Yue and Van Gool, Luc and Oswald, Martin R},
  booktitle=ICCV,
  pages={18433--18444},
  year={2023}
}

% splatam
@inproceedings{keetha2023splatam,
  title={Splatam: Splat, track \& map 3d gaussians for dense rgb-d slam},
  author={Keetha, Nikhil and Karhade, Jay and Jatavallabhula, Krishna Murthy and Yang, Gengshan and Scherer, Sebastian and Ramanan, Deva and Luiten, Jonathon},
  booktitle=CVPR,
  year={2023}
}

% semgauss-slam
@article{zhu2024semgauss,
  title={Semgauss-slam: Dense semantic gaussian splatting slam},
  author={Zhu, Siting and Qin, Renjie and Wang, Guangming and Liu, Jiuming and Wang, Hesheng},
  journal={arXiv preprint arXiv:2403.07494},
  year={2024}
}

% imap
@inproceedings{sucar2021imap,
  title={imap: Implicit mapping and positioning in real-time},
  author={Sucar, Edgar and Liu, Shikun and Ortiz, Joseph and Davison, Andrew J},
  booktitle=ICCV,
  pages={6229--6238},
  year={2021}
}

@inproceedings{wang2023co,
  title={Co-slam: Joint coordinate and sparse parametric encodings for neural real-time slam},
  author={Wang, Hengyi and Wang, Jingwen and Agapito, Lourdes},
  booktitle=CVPR,
  pages={13293--13302},
  year={2023}
}

% sni-slam
@inproceedings{zhu2023sni,
  title={Sni-slam: Semantic neural implicit slam},
  author={Zhu, Siting and Wang, Guangming and Blum, Hermann and Liu, Jiuming and Song, Liang and Pollefeys, Marc and Wang, Hesheng},
  booktitle=CVPR,
  year={2024}
}

% dns-slam
@article{li2023dns,
  title={Dns slam: Dense neural semantic-informed slam},
  author={Li, Kunyi and Niemeyer, Michael and Navab, Nassir and Tombari, Federico},
  journal={arXiv preprint arXiv:2312.00204},
  year={2023}
}

% photo-slam
@inproceedings{huang2024photo,
  title={Photo-SLAM: Real-time Simultaneous Localization and Photorealistic Mapping for Monocular Stereo and RGB-D Cameras},
  author={Huang, Huajian and Li, Longwei and Cheng, Hui and Yeung, Sai-Kit},
  booktitle=CVPR,
  pages={21584--21593},
  year={2024}
}

% Gs-slam
@inproceedings{yan2024gs,
  title={Gs-slam: Dense visual slam with 3d gaussian splatting},
  author={Yan, Chi and Qu, Delin and Xu, Dan and Zhao, Bin and Wang, Zhigang and Wang, Dong and Li, Xuelong},
  booktitle=CVPR,
  pages={19595--19604},
  year={2024}
}

% Gaussian splatting slam
@inproceedings{matsuki2024gaussian,
  title={Gaussian splatting slam},
  author={Matsuki, Hidenobu and Murai, Riku and Kelly, Paul HJ and Davison, Andrew J},
  booktitle=CVPR,
  pages={18039--18048},
  year={2024}
}

% Gaussian-slam
@article{yugay2023gaussian,
  title={Gaussian-slam: Photo-realistic dense slam with gaussian splatting},
  author={Yugay, Vladimir and Li, Yue and Gevers, Theo and Oswald, Martin R},
  journal={arXiv preprint arXiv:2312.10070},
  year={2023}
}


@article{haghighi2023neural,
  title={Neural implicit dense semantic slam},
  author={Haghighi, Yasaman and Kumar, Suryansh and Thiran, Jean-Philippe and Van Gool, Luc},
  journal={arXiv preprint arXiv:2304.14560},
  year={2023}
}


@inproceedings{li2024sgs,
  title={Sgs-slam: Semantic gaussian splatting for neural dense slam},
  author={Li, Mingrui and Liu, Shuhong and Zhou, Heng and Zhu, Guohao and Cheng, Na and Deng, Tianchen and Wang, Hongyu},
  booktitle=ECCV,
  pages={163--179},
  year={2024},
  organization={Springer}
}

% 3dgs-origianl
@article{kerbl20233d,
  title={3D Gaussian Splatting for Real-Time Radiance Field Rendering.},
  author={Kerbl, Bernhard and Kopanas, Georgios and Leimk{\"u}hler, Thomas and Drettakis, George},
  journal=TOG,
  volume={42},
  number={4},
  pages={139--1},
  year={2023}
}

% 3dgs
@InProceedings{Wu20244dgs,
    author    = {Wu, Guanjun and Yi, Taoran and Fang, Jiemin and Xie, Lingxi and Zhang, Xiaopeng and Wei, Wei and Liu, Wenyu and Tian, Qi and Wang, Xinggang},
    title     = {4D Gaussian Splatting for Real-Time Dynamic Scene Rendering},
    booktitle = CVPR,
    month     = {June},
    year      = {2024},
    pages     = {20310-20320}
}

@InProceedings{Yu2024mipsplat,
    author    = {Yu, Zehao and Chen, Anpei and Huang, Binbin and Sattler, Torsten and Geiger, Andreas},
    title     = {Mip-Splatting: Alias-free 3D Gaussian Splatting},
    booktitle = CVPR,
    month     = {June},
    year      = {2024},
    pages     = {19447-19456}
}

@InProceedings{Yang2024reconstruct,
    author    = {Yang, Ziyi and Gao, Xinyu and Zhou, Wen and Jiao, Shaohui and Zhang, Yuqing and Jin, Xiaogang},
    title     = {Deformable 3D Gaussians for High-Fidelity Monocular Dynamic Scene Reconstruction},
    booktitle = CVPR,
    month     = {June},
    year      = {2024},
    pages     = {20331-20341}
}

@InProceedings{Guedon2024SuGaR,
    author    = {Gu\'edon, Antoine and Lepetit, Vincent},
    title     = {SuGaR: Surface-Aligned Gaussian Splatting for Efficient 3D Mesh Reconstruction and High-Quality Mesh Rendering},
    booktitle = CVPR,
    month     = {June},
    year      = {2024},
    pages     = {5354-5363}
}

% Scaffold-gs
@inproceedings{lu2024scaffold,
  title={Scaffold-gs: Structured 3d gaussians for view-adaptive rendering},
  author={Lu, Tao and Yu, Mulin and Xu, Linning and Xiangli, Yuanbo and Wang, Limin and Lin, Dahua and Dai, Bo},
  booktitle=CVPR,
  pages={20654--20664},
  year={2024}
}

% HAC
@article{chen2024hac,
  title={HAC: Hash-grid Assisted Context for 3D Gaussian Splatting Compression},
  author={Chen, Yihang and Wu, Qianyi and Cai, Jianfei and Harandi, Mehrtash and Lin, Weiyao},
  journal=ECCV,
  year={2024}
}

@article{sualeh2019simultaneous,
  title={Simultaneous localization and mapping in the epoch of semantics: a survey},
  author={Sualeh, Muhammad and Kim, Gon-Woo},
  journal={International Journal of Control, Automation and Systems},
  volume={17},
  number={3},
  pages={729--742},
  year={2019},
  publisher={Springer}
}

@inproceedings{rosinol2020kimera,
  title={Kimera: an open-source library for real-time metric-semantic localization and mapping},
  author={Rosinol, Antoni and Abate, Marcus and Chang, Yun and Carlone, Luca},
  booktitle= ICRA,
  pages={1689--1696},
  year={2020},
  organization={IEEE}
}

@inproceedings{chang2021kimera,
  title={Kimera-Multi: a System for Distributed Multi-Robot Metric-Semantic Simultaneous Localization and Mapping},
  author={Chang, Yun and Tian, Yulun and How, Jonathan P and Carlone, Luca},
  booktitle= ICRA,
  pages={11210--11218},
  year={2021},
  organization={IEEE}
}

% textslam
@inproceedings{li2020textslam,
  title={Textslam: Visual slam with planar text features},
  author={Li, Boying and Zou, Danping and Sartori, Daniele and Pei, Ling and Yu, Wenxian},
  booktitle={2020 IEEE International Conference on Robotics and Automation (ICRA)},
  pages={2102--2108},
  year={2020},
  organization={IEEE}
}


@article{li2023textslam,
  title={TextSLAM: Visual SLAM With Semantic Planar Text Features},
  author={Li, Boying and Zou, Danping and Huang, Yuan and Niu, Xinghan and Pei, Ling and Yu, Wenxian},
  journal={IEEE Transactions on Pattern Analysis and Machine Intelligence},
  year={2023},
  publisher={IEEE}
}


@article{bhalgat2024n2f2,
  title={N2F2: Hierarchical Scene Understanding with Nested Neural Feature Fields},
  author={Bhalgat, Yash and Laina, Iro and Henriques, Jo{\~a}o F and Zisserman, Andrew and Vedaldi, Andrea},
  journal={arXiv preprint arXiv:2403.10997},
  year={2024}
}


@inproceedings{ying2024omniseg3d,
  title={Omniseg3d: Omniversal 3d segmentation via hierarchical contrastive learning},
  author={Ying, Haiyang and Yin, Yixuan and Zhang, Jinzhi and Wang, Fan and Yu, Tao and Huang, Ruqi and Fang, Lu},
  booktitle={Proceedings of the IEEE/CVF Conference on Computer Vision and Pattern Recognition},
  pages={20612--20622},
  year={2024}
}

% Garfield
@inproceedings{kim2024garfield,
  title={Garfield: Group anything with radiance fields},
  author={Kim, Chung Min and Wu, Mingxuan and Kerr, Justin and Goldberg, Ken and Tancik, Matthew and Kanazawa, Angjoo},
  booktitle= CVPR,
  pages={21530--21539},
  year={2024}
}

% Langsplat
@inproceedings{qin2024langsplat,
  title={Langsplat: 3d language gaussian splatting},
  author={Qin, Minghan and Li, Wanhua and Zhou, Jiawei and Wang, Haoqian and Pfister, Hanspeter},
  booktitle={Proceedings of the IEEE/CVF Conference on Computer Vision and Pattern Recognition},
  pages={20051--20060},
  year={2024}
}


@inproceedings{werby2024hierarchical,
  title={Hierarchical Open-Vocabulary 3D Scene Graphs for Language-Grounded Robot Navigation},
  author={Werby, Abdelrhman and Huang, Chenguang and B{\"u}chner, Martin and Valada, Abhinav and Burgard, Wolfram},
  booktitle={First Workshop on Vision-Language Models for Navigation and Manipulation at ICRA 2024},
  year={2024}
}

@article{rana2023sayplan,
  title={Sayplan: Grounding large language models using 3d scene graphs for scalable task planning},
  author={Rana, Krishan and Haviland, Jesse and Garg, Sourav and Abou-Chakra, Jad and Reid, Ian and Suenderhauf, Niko},
  journal={arXiv preprint arXiv:2307.06135},
  year={2023}
}

% 不等式
@article{atamturk2005cover,
  title={Cover and pack inequalities for (mixed) integer programming},
  author={Atamt{\"u}rk, Alper},
  journal={Annals of Operations Research},
  volume={139},
  number={1},
  pages={21--38},
  year={2005},
  publisher={Springer}
}

% gaussian grouping
@article{ye2023gaussian,
  title={Gaussian grouping: Segment and edit anything in 3d scenes},
  author={Ye, Mingqiao and Danelljan, Martin and Yu, Fisher and Ke, Lei},
  journal=ECCV,
  year=2024
}

@inproceedings{zhou2024feature,
  title={Feature 3dgs: Supercharging 3d gaussian splatting to enable distilled feature fields},
  author={Zhou, Shijie and Chang, Haoran and Jiang, Sicheng and Fan, Zhiwen and Zhu, Zehao and Xu, Dejia and Chari, Pradyumna and You, Suya and Wang, Zhangyang and Kadambi, Achuta},
  booktitle=CVPR,
  pages={21676--21685},
  year={2024}
}


@article{teed2021droid,
  title={Droid-slam: Deep visual slam for monocular, stereo, and rgb-d cameras},
  author={Teed, Zachary and Deng, Jia},
  journal=NIPS,
  volume={34},
  pages={16558--16569},
  year={2021}
}


% softmax基础理论
@article{bishop2006pattern,
  title={Pattern recognition and machine learning},
  author={Bishop, Christopher M},
  journal={Springer google schola},
  volume={2},
  pages={1122--1128},
  year={2006}
}

@article{minaee2021image,
  title={Image segmentation using deep learning: A survey},
  author={Minaee, Shervin and Boykov, Yuri and Porikli, Fatih and Plaza, Antonio and Kehtarnavaz, Nasser and Terzopoulos, Demetri},
  journal=TPAMI,
  volume={44},
  number={7},
  pages={3523--3542},
  year={2021},
  publisher={IEEE}
}

@inproceedings{he2017mask,
  title={Mask r-cnn},
  author={He, Kaiming and Gkioxari, Georgia and Doll{\'a}r, Piotr and Girshick, Ross},
  booktitle=ICCV,
  pages={2961--2969},
  year={2017}
}

@InProceedings{Girshick_2015_ICCV,
author = {Girshick, Ross},
title = {Fast R-CNN},
booktitle = ICCV,
month = {December},
year = {2015}
}

@inproceedings{girshick2015fast,
  title={Fast r-cnn},
  author={Girshick, Ross},
  booktitle=ICCV,
  pages={1440--1448},
  year={2015}
}

% gpt-4o-mini
@misc{gpt4o_mini2024,
  title={GPT-4o-mini},
  year={2024},
  note={\url{https://platform.openai.com/docs/models/gpt-4o-mini}}
}

% GPT4o-turbo
@misc{gpt4o_turbo2024,
  title={GPT-4o-turbo},
  year={2024},
  note={\url{https://platform.openai.com/docs/models#gpt-4-turbo-and-gpt-4}}
}

@article{gou2023critic,
  title={Critic: Large language models can self-correct with tool-interactive critiquing},
  author={Gou, Zhibin and Shao, Zhihong and Gong, Yeyun and Shen, Yelong and Yang, Yujiu and Duan, Nan and Chen, Weizhu},
  journal={arXiv preprint arXiv:2305.11738},
  year={2023}
}

% scannet
@InProceedings{Dai2017scannet,
author = {Dai, Angela and Chang, Angel X. and Savva, Manolis and Halber, Maciej and Funkhouser, Thomas and Niessner, Matthias},
title = {ScanNet: Richly-Annotated 3D Reconstructions of Indoor Scenes},
booktitle = CVPR,
month = {July},
year = {2017}
}

% replica
@article{straub2019replica,
  title={The Replica dataset: A digital replica of indoor spaces},
  author={Straub, Julian and Whelan, Thomas and Ma, Lingni and Chen, Yufan and Wijmans, Erik and Green, Simon and Engel, Jakob J and Mur-Artal, Raul and Ren, Carl and Verma, Shobhit and others},
  journal={arXiv preprint arXiv:1906.05797},
  year={2019}
}

% TUM-RGBD
@InProceedings{sturm12iros,
	author = {J. Sturm and N. Engelhard and F. Endres and W. Burgard and D. Cremers},
	title = {A Benchmark for the Evaluation of RGB-D SLAM Systems},
	booktitle = IROS,
    month = {October},
	year = {2012},
}

% scannet++
@inproceedings{yeshwanthliu2023scannetpp,
  title={ScanNet++: A High-Fidelity Dataset of 3D Indoor Scenes},
  author={Yeshwanth, Chandan and Liu, Yueh-Cheng and Nie{\ss}ner, Matthias and Dai, Angela},
  booktitle = ICCV,
  year={2023}
}


// 用于地面机器人或自动驾驶
@inproceedings{lategahn2011visual,
	title={Visual SLAM for autonomous ground vehicles},
	author={Lategahn, Henning and Geiger, Andreas and Kitt, Bernd},
	booktitle= ICRA,
	pages={1732--1737},
	year={2011},
	organization={IEEE}
}

// 视觉SLAM应用于无人机
@article{heng2014autonomous,
	title={Autonomous visual mapping and exploration with a micro aerial vehicle},
	author={Heng, Lionel and Honegger, Dominik and Lee, Gim Hee and Meier, Lorenz and Tanskanen, Petri and Fraundorfer, Friedrich and Pollefeys, Marc},
	journal= JFR,
	volume={31},
	number={4},
	pages={654--675},
	year={2014},
	publisher={Wiley Online Library}
}

// SLAM用于AR
@inproceedings{chekhlov2007ninja,
	title={Ninja on a plane: Automatic discovery of physical planes for augmented reality using visual slam},
	author={Chekhlov, Denis and Gee, Andrew P and Calway, Andrew and Mayol-Cuevas, Walterio},
	booktitle= ISMAR,
	pages={1--4},
	year={2007},
	organization={IEEE Computer Society}
}

% nerf-slow 
@InProceedings{Hu2022CVPR,
    author    = {Hu, Tao and Liu, Shu and Chen, Yilun and Shen, Tiancheng and Jia, Jiaya},
    title     = {EfficientNeRF  Efficient Neural Radiance Fields},
    booktitle = CVPR,
    month     = {June},
    year      = {2022},
    pages     = {12902-12911}
}

@InProceedings{Liu2023ICCV,
    author    = {Liu, Jeffrey Yunfan and Chen, Yun and Yang, Ze and Wang, Jingkang and Manivasagam, Sivabalan and Urtasun, Raquel},
    title     = {Real-Time Neural Rasterization for Large Scenes},
    booktitle = ICCV,
    month     = {October},
    year      = {2023},
    pages     = {8416-8427}
}

% Kintinuous
@article{whelan2015real,
  title={Real-time large-scale dense RGB-D SLAM with volumetric fusion},
  author={Whelan, Thomas and Kaess, Michael and Johannsson, Hordur and Fallon, Maurice and Leonard, John J and McDonald, John},
  journal=IJRR,
  volume={34},
  number={4-5},
  pages={598--626},
  year={2015},
  publisher={Sage Publications Sage UK: London, England}
}

% ElasticFusion
@inproceedings{whelan2015elasticfusion,
  title={ElasticFusion: Dense SLAM without a pose graph.},
  author={Whelan, Thomas and Leutenegger, Stefan and Salas-Moreno, Renato F and Glocker, Ben and Davison, Andrew J},
  booktitle={Robotics: science and systems},
  volume={11},
  pages={3},
  year={2015},
  organization={Rome, Italy}
}

@inproceedings{bowman2017probabilistic,
  title={Probabilistic data association for semantic slam},
  author={Bowman, Sean L and Atanasov, Nikolay and Daniilidis, Kostas and Pappas, George J},
  booktitle=ICRA,
  pages={1722--1729},
  year={2017},
  organization={IEEE}
}

@inproceedings{civera2011towards,
  title={Towards semantic SLAM using a monocular camera},
  author={Civera, Javier and G{\'a}lvez-L{\'o}pez, Dorian and Riazuelo, Luis and Tard{\'o}s, Juan D and Montiel, Jose Maria Martinez},
  booktitle=IROS,
  pages={1277--1284},
  year={2011},
  organization={IEEE}
}

% nicer-slam
@inproceedings{zhu2024nicer,
  title={Nicer-slam: Neural implicit scene encoding for rgb slam},
  author={Zhu, Zihan and Peng, Songyou and Larsson, Viktor and Cui, Zhaopeng and Oswald, Martin R and Geiger, Andreas and Pollefeys, Marc},
  booktitle={2024 International Conference on 3D Vision (3DV)},
  pages={42--52},
  year={2024},
  organization={IEEE}
}

% nerf
@article{mildenhall2021nerf,
  title={Nerf: Representing scenes as neural radiance fields for view synthesis},
  author={Mildenhall, Ben and Srinivasan, Pratul P and Tancik, Matthew and Barron, Jonathan T and Ramamoorthi, Ravi and Ng, Ren},
  journal={Communications of the ACM},
  volume={65},
  number={1},
  pages={99--106},
  year={2021},
  publisher={ACM New York, NY, USA}
}