@misc{afonja2024dp2stageadaptinglanguagemodels,
      title={DP-2Stage: Adapting Language Models as Differentially Private Tabular Data Generators}, 
      author={Tejumade Afonja and Hui-Po Wang and Raouf Kerkouche and Mario Fritz},
      year={2024},
      eprint={2412.02467},
      archivePrefix={arXiv},
      primaryClass={cs.LG},
      url={https://arxiv.org/abs/2412.02467}, 
}

@article{amin2024private,
  title={Private prediction for large-scale synthetic text generation},
  author={Amin, Kareem and Bie, Alex and Kong, Weiwei and Kurakin, Alexey and Ponomareva, Natalia and Syed, Umar and Terzis, Andreas and Vassilvitskii, Sergei},
  journal={arXiv preprint arXiv:2407.12108},
  year={2024}
}

@inproceedings{aydore2021differentially,
  title={Differentially private query release through adaptive projection},
  author={Aydore, Sergul and Brown, William and Kearns, Michael and Kenthapadi, Krishnaram and Melis, Luca and Roth, Aaron and Siva, Ankit A},
  booktitle={International Conference on Machine Learning},
  pages={457--467},
  year={2021},
  organization={PMLR}
}

@article{cai2021data,
  title={Data synthesis via differentially private markov random fields},
  author={Cai, Kuntai and Lei, Xiaoyu and Wei, Jianxin and Xiao, Xiaokui},
  journal={Proceedings of the VLDB Endowment},
  volume={14},
  number={11},
  pages={2190--2202},
  year={2021},
  publisher={VLDB Endowment}
}

@inproceedings{fuentes2024joint,
  title={Joint Selection: Adaptively Incorporating Public Information for Private Synthetic Data},
  author={Fuentes, Miguel and Mullins, Brett C and McKenna, Ryan and Miklau, Gerome and Sheldon, Daniel},
  booktitle={International Conference on Artificial Intelligence and Statistics},
  pages={2404--2412},
  year={2024},
  organization={PMLR}
}

@article{ghalebikesabi2023differentially,
  title={Differentially private diffusion models generate useful synthetic images},
  author={Ghalebikesabi, Sahra and Berrada, Leonard and Gowal, Sven and Ktena, Ira and Stanforth, Robert and Hayes, Jamie and De, Soham and Smith, Samuel L and Wiles, Olivia and Balle, Borja},
  journal={arXiv preprint arXiv:2302.13861},
  year={2023}
}

@article{hou2024pre,
  title={PrE-Text: Training Language Models on Private Federated Data in the Age of LLMs},
  author={Hou, Charlie and Shrivastava, Akshat and Zhan, Hongyuan and Conway, Rylan and Le, Trang and Sagar, Adithya and Fanti, Giulia and Lazar, Daniel},
  journal={arXiv preprint arXiv:2406.02958},
  year={2024}
}

@article{kurakin2023harnessing,
  title={Harnessing large-language models to generate private synthetic text},
  author={Kurakin, Alexey and Ponomareva, Natalia and Syed, Umar and MacDermed, Liam and Terzis, Andreas},
  journal={arXiv preprint arXiv:2306.01684},
  year={2023}
}

@article{lin2023differentially,
  title={Differentially private synthetic data via foundation model apis 1: Images},
  author={Lin, Zinan and Gopi, Sivakanth and Kulkarni, Janardhan and Nori, Harsha and Yekhanin, Sergey},
  journal={arXiv preprint arXiv:2305.15560},
  year={2023}
}

@article{liu2021iterative,
  title={Iterative methods for private synthetic data: Unifying framework and new methods},
  author={Liu, Terrance and Vietri, Giuseppe and Wu, Steven Z},
  journal={Advances in Neural Information Processing Systems},
  volume={34},
  pages={690--702},
  year={2021}
}

@inproceedings{liu2021leveraging,
  title={Leveraging public data for practical private query release},
  author={Liu, Terrance and Vietri, Giuseppe and Steinke, Thomas and Ullman, Jonathan and Wu, Steven},
  booktitle={International Conference on Machine Learning},
  pages={6968--6977},
  year={2021},
  organization={PMLR}
}

@article{mckenna2021winning,
  title={Winning the NIST Contest: A scalable and general approach to differentially private synthetic data},
  author={McKenna, Ryan and Miklau, Gerome and Sheldon, Daniel},
  journal={arXiv preprint arXiv:2108.04978},
  year={2021}
}

@article{mckenna2022aim,
  title={Aim: An adaptive and iterative mechanism for differentially private synthetic data},
  author={McKenna, Ryan and Mullins, Brett and Sheldon, Daniel and Miklau, Gerome},
  journal={arXiv preprint arXiv:2201.12677},
  year={2022}
}

@article{sablayrolles2023privately,
  title={Privately generating tabular data using language models},
  author={Sablayrolles, Alexandre and Wang, Yue and Karrer, Brian},
  journal={arXiv preprint arXiv:2306.04803},
  year={2023}
}

@article{tao2021benchmarking,
  title={Benchmarking differentially private synthetic data generation algorithms},
  author={Tao, Yuchao and McKenna, Ryan and Hay, Michael and Machanavajjhala, Ashwin and Miklau, Gerome},
  journal={arXiv preprint arXiv:2112.09238},
  year={2021}
}

@inproceedings{tramer2022position,
  title={Position: Considerations for Differentially Private Learning with Large-Scale Public Pretraining},
  author={Tram{\`e}r, Florian and Kamath, Gautam and Carlini, Nicholas},
  booktitle={Forty-first International Conference on Machine Learning},
  year={2022}
}

@article{tran2024differentially,
  title={Differentially Private Tabular Data Synthesis using Large Language Models},
  author={Tran, Toan V and Xiong, Li},
  journal={arXiv preprint arXiv:2406.01457},
  year={2024}
}

@article{vietri2022private,
  title={Private synthetic data for multitask learning and marginal queries},
  author={Vietri, Giuseppe and Archambeau, Cedric and Aydore, Sergul and Brown, William and Kearns, Michael and Roth, Aaron and Siva, Ankit and Tang, Shuai and Wu, Steven Z},
  journal={Advances in Neural Information Processing Systems},
  volume={35},
  pages={18282--18295},
  year={2022}
}

@article{xie2024differentially,
  title={Differentially private synthetic data via foundation model apis 2: Text},
  author={Xie, Chulin and Lin, Zinan and Backurs, Arturs and Gopi, Sivakanth and Yu, Da and Inan, Huseyin A and Nori, Harsha and Jiang, Haotian and Zhang, Huishuai and Lee, Yin Tat and others},
  journal={arXiv preprint arXiv:2403.01749},
  year={2024}
}

@article{yang2024tabular,
  title={Tabular Data Synthesis with Differential Privacy: A Survey},
  author={Yang, Mengmeng and Chi, Chi-Hung and Lam, Kwok-Yan and Feng, Jie and Guo, Taolin and Ni, Wei},
  journal={arXiv preprint arXiv:2411.03351},
  year={2024}
}

@inproceedings{zhang2021privsyn,
  title={$\{$PrivSyn$\}$: Differentially private data synthesis},
  author={Zhang, Zhikun and Wang, Tianhao and Li, Ninghui and Honorio, Jean and Backes, Michael and He, Shibo and Chen, Jiming and Zhang, Yang},
  booktitle={30th USENIX Security Symposium (USENIX Security 21)},
  pages={929--946},
  year={2021}
}

