@String(PAMI = {IEEE Trans. Pattern Anal. Mach. Intell.})
@String(IJCV = {Int. J. Comput. Vis.})
@String(CVPR= {IEEE Conf. Comput. Vis. Pattern Recog.})
@String(ICCV= {Int. Conf. Comput. Vis.})
@String(ECCV= {Eur. Conf. Comput. Vis.})
@String(NIPS= {Adv. Neural Inform. Process. Syst.})
@String(ICPR = {Int. Conf. Pattern Recog.})
@String(BMVC= {Brit. Mach. Vis. Conf.})
@String(TOG= {ACM Trans. Graph.})
@String(TIP  = {IEEE Trans. Image Process.})
@String(TVCG  = {IEEE Trans. Vis. Comput. Graph.})
@String(TMM  = {IEEE Trans. Multimedia})
@String(ACMMM= {ACM Int. Conf. Multimedia})
@String(ICME = {Int. Conf. Multimedia and Expo})
@String(ICASSP=	{ICASSP})
@String(ICIP = {IEEE Int. Conf. Image Process.})
@String(ACCV  = {ACCV})
@String(ICLR = {Int. Conf. Learn. Represent.})
@String(IJCAI = {IJCAI})
@String(PR   = {Pattern Recognition})
@String(AAAI = {AAAI})
@String(CVPRW= {IEEE Conf. Comput. Vis. Pattern Recog. Worksh.})
@String(CSVT = {IEEE Trans. Circuit Syst. Video Technol.})

@String(SPL	= {IEEE Sign. Process. Letters})
@String(VR   = {Vis. Res.})
@String(JOV	 = {J. Vis.})
@String(TVC  = {The Vis. Comput.})
@String(JCST  = {J. Comput. Sci. Tech.})
@String(CGF  = {Comput. Graph. Forum})
@String(CVM = {Computational Visual Media})


@String(PAMI  = {IEEE TPAMI})
@String(IJCV  = {IJCV})
@String(CVPR  = {CVPR})
@String(ICCV  = {ICCV})
@String(ECCV  = {ECCV})
@String(NIPS  = {NeurIPS})
@String(ICPR  = {ICPR})
@String(BMVC  =	{BMVC})
@String(TOG   = {ACM TOG})
@String(TIP   = {IEEE TIP})
@String(TVCG  = {IEEE TVCG})
@String(TCSVT = {IEEE TCSVT})
@String(TMM   =	{IEEE TMM})
@String(ACMMM = {ACM MM})
@String(ICME  =	{ICME})
@String(ICASSP=	{ICASSP})
@String(ICIP  = {ICIP})
@String(ACCV  = {ACCV})
@String(ICLR  = {ICLR})
@String(IJCAI = {IJCAI})
@String(PR = {PR})
@String(AAAI = {AAAI})
@String(CVPRW= {CVPRW})
@String(CSVT = {IEEE TCSVT})

@InProceedings{NSG_2021_CVPR,
author = {Ost, Julian and Mannan, Fahim and Thuerey, Nils and Knodt, Julian and Heide, Felix},
title = {Neural Scene Graphs for Dynamic Scenes},
booktitle = {Proceedings of the IEEE/CVF Conference on Computer Vision and Pattern Recognition (CVPR)},
month = {June},
year = {2021},
pages = {2856-2865}
}

@InProceedings{ml_nsg_2024_CVPR,
    author    = {Fischer, Tobias and Porzi, Lorenzo and Rota Bul\`{o}, Samuel and Pollefeys, Marc and Kontschieder, Peter},
    title     = {Multi-Level Neural Scene Graphs for Dynamic Urban Environments},
    booktitle = {Proceedings of the IEEE/CVF Conference on Computer Vision and Pattern Recognition (CVPR)},
    year      = {2024}
}

@article{wu2023mars,
  author    = {Wu, Zirui and Liu, Tianyu and Luo, Liyi and Zhong, Zhide and Chen, Jianteng and Xiao, Hongmin and Hou, Chao and Lou, Haozhe and Chen, Yuantao and Yang, Runyi and Huang, Yuxin and Ye, Xiaoyu and Yan, Zike and Shi, Yongliang and Liao, Yiyi and Zhao, Hao},
  title     = {MARS: An Instance-aware, Modular and Realistic Simulator for Autonomous Driving},
  journal   = {CICAI},
  year      = {2023},
}
            
@InProceedings{turki2023suds,
    title = {SUDS: Scalable Urban DynaScenes},
    author = {Turki, Haithem and ZhaJason Y and Ferroni, Francesco Ramanan, Deva},
    booktitle = {Computer Vision Pattern Recognition (CVPR)},
    year = {2023}
}

@inproceedings{li2022read,
  author = {Li, Zhuopeng and Li, Lu and Zhu, Jianke*},
  title = {READ: Large-Scale Neural Scene Rendering for Autonomous Driving},
  booktitle = {AAAI},
  year = {2023}
}

@inproceedings{wang2024distillnerf,
  title = {DistillNeRF: Perceiving 3D Scenes from Single-Glance Images by Distilling Neural Fields and Foundation Model Features},
  author = {Wang, Letian and Kim, Seung Wook and Yang, Jiawei and Yu, Cunjun and Ivanovic, Boris and Waslander, Steven L. and Wang, Yue and Fidler, Sanja and Pavone, Marco and Karkus, Peter},
  year = {2024},
  booktitle = {Conference on Neural Information Processing Systems},
}

@inproceedings{yang2023emernerf,
  title = {EmerNeRF: Emergent Spatial-Temporal Scene Decomposition via Self-Supervision},
  author = {Yang, Jiawei and Ivanovic, Boris and Litany, Or and Weng, Xinshuo and Kim, Seung Wook and Li, Boyi and Che, Tong and Xu, Danfei and Fidler, Sanja and Pavone, Marco and Wang, Yue},
  year = {2024},
  booktitle = {International Conference on Learning Representations},
}

@inproceedings{mildenhall2020nerf,
 title={NeRF: Representing Scenes as Neural Radiance Fields for View Synthesis},
 author={Ben Mildenhall and Pratul P. Srinivasan and Matthew Tancik and Jonathan T. Barron and Ravi Ramamoorthi and Ren Ng},
 year={2020},
 booktitle={ECCV},
}

@inproceedings{yu2020pixelnerf,
      title={{pixelNeRF}: Neural Radiance Fields from One or Few Images},
      author={Alex Yu and Vickie Ye and Matthew Tancik and Angjoo Kanazawa},
      year={2021},
      booktitle={CVPR},
}

@article{realestate10K, title	= {Stereo Magnification: Learning view synthesis using multiplane images},author	= {Tinghui Zhou and Richard Tucker and John Flynn and Graham Fyffe and Noah Snavely},year	= {2018},journal	= {ACM Trans. Graph. (Proc. SIGGRAPH)},volume	= {37}}
% URL	= {https://arxiv.org/abs/1805.09817}

@INPROCEEDINGS {reizenstein2021commonobjects3dlargescale,
author = {J. Reizenstein and R. Shapovalov and P. Henzler and L. Sbordone and P. Labatut and D. Novotny},
booktitle = {2021 IEEE/CVF International Conference on Computer Vision (ICCV)},
title = {Common Objects in 3D: Large-Scale Learning and Evaluation of Real-life 3D Category Reconstruction},
year = {2021},
volume = {},
issn = {},
pages = {10881-10891},
keywords = {point cloud compression;computer vision;three-dimensional displays;transformers;rendering (computer graphics);cameras;image reconstruction},
doi = {10.1109/ICCV48922.2021.01072},
publisher = {IEEE Computer Society},
address = {Los Alamitos, CA, USA},
month = {oct}
}
%url = {https://doi.ieeecomputersociety.org/10.1109/ICCV48922.2021.01072},

@INPROCEEDINGS {deitke2022objaverseuniverseannotated3d,
author = {M. Deitke and D. Schwenk and J. Salvador and L. Weihs and O. Michel and E. VanderBilt and L. Schmidt and K. Ehsanit and A. Kembhavi and A. Farhadi},
booktitle = {2023 IEEE/CVF Conference on Computer Vision and Pattern Recognition (CVPR)},
title = {Objaverse: A Universe of Annotated 3D Objects},
year = {2023},
volume = {},
issn = {},
pages = {13142-13153},
keywords = {training;solid modeling;computer vision;analytical models;three-dimensional displays;computational modeling;benchmark testing},
doi = {10.1109/CVPR52729.2023.01263},
publisher = {IEEE Computer Society},
address = {Los Alamitos, CA, USA},
month = {jun}
}
% url = {https://doi.ieeecomputersociety.org/10.1109/CVPR52729.2023.01263},

@INPROCEEDINGS{behley_semantickitti_2019,
  author={Behley, Jens and Garbade, Martin and Milioto, Andres and Quenzel, Jan and Behnke, Sven and Stachniss, Cyrill and Gall, Jürgen},
  booktitle={2019 IEEE/CVF International Conference on Computer Vision (ICCV)}, 
  title={SemanticKITTI: A Dataset for Semantic Scene Understanding of LiDAR Sequences}, 
  year={2019},
  volume={},
  number={},
  pages={9296-9306},
  keywords={Three-dimensional displays;Semantics;Benchmark testing;Laser radar;Labeling;Autonomous automobiles;Lasers},
  doi={10.1109/ICCV.2019.00939}}

@INPROCEEDINGS{caesar_nuscenes_2020,
  title={nuScenes: A multimodal dataset for autonomous driving},
  author={Holger Caesar and Varun Bankiti and Alex H. Lang and Sourabh Vora and 
          Venice Erin Liong and Qiang Xu and Anush Krishnan and Yu Pan and 
          Giancarlo Baldan and Oscar Beijbom}, 
  booktitle={CVPR},
  year=2020
}

@article{szymanowicz2024flash3d,
      author = {Szymanowicz, Stanislaw and Insafutdinov, Eldar and Zheng, Chuanxia and Campbell, Dylan and Henriques, Joao and Rupprecht, Christian and Vedaldi, Andrea},
      title = {Flash3D: Feed-Forward Generalisable 3D Scene Reconstruction from a Single Image},
      journal = {arxiv},
      year = {2024},
}

@article{gieruc20246imgto3d,
      title={6Img-to-3D: Few-Image Large-Scale Outdoor Driving Scene Reconstruction}, 
      author={Théo Gieruc and Marius Kästingschäfer and Sebastian Bernhard and Mathieu Salzmann},
      year={2024},
      eprint={2404.12378},
      archivePrefix={arXiv},
      primaryClass={cs.CV},
      journal      = {arXiv preprint},
      volume       = {arXiv:2404.12378},
}

@article{irshad2023neo360,
          title={NeO 360: Neural Fields for Sparse View Synthesis of Outdoor Scenes},
          author={Muhammad Zubair Irshad and Sergey Zakharov and Katherine Liu and Vitor Guizilini and Thomas Kollar and Adrien Gaidon and Zsolt Kira and Rares Ambrus},
          journal={Interntaional Conference on Computer Vision (ICCV)},
          year={2023}
        }

@article{bhat2023zoedepth,
  added-at = {2023-08-08T00:00:00.000+0200},
  author = {Bhat, Shariq Farooq and Birkl, Reiner and Wofk, Diana and Wonka, Peter and Müller, Matthias},
  ee = {https://doi.org/10.48550/arXiv.2302.12288},
  interhash = {7c55b2480d92e320b02c48b344f1bed3},
  intrahash = {5c14961f298695b8e9da4971e3ab5f2c},
  journal = {CoRR},
  keywords = {dblp},
  timestamp = {2024-04-08T22:29:11.000+0200},
  title = {ZoeDepth: Zero-shot Transfer by Combining Relative and Metric Depth.},
  volume = {abs/2302.12288},
  year = 2023
}
% biburl = {https://www.bibsonomy.org/bibtex/25c14961f298695b8e9da4971e3ab5f2c/dblp},
% url = {http://dblp.uni-trier.de/db/journals/corr/corr2302.html#abs-2302-12288},

@inproceedings{yin2023metric3d,
  title={Metric3D: Towards zero-shot metric 3d prediction from a single image},
  author={Yin, Wei and Zhang, Chi and Chen, Hao and Cai, Zhipeng and Yu, Gang and Wang, Kaixuan and Chen, Xiaozhi and Shen, Chunhua},
  booktitle={Proceedings of the IEEE/CVF International Conference on Computer Vision},
  pages={9043--9053},
  year={2023},
}

@article{hu2024metric3dv2,
  added-at = {2024-07-18T00:00:00.000+0200},
  author = {Hu, Mu and Yin, Wei and Zhang, Chi and Cai, Zhipeng and Long, Xiaoxiao and Chen, Hao and Wang, Kaixuan and Yu, Gang and Shen, Chunhua and Shen, Shaojie},
  ee = {https://doi.org/10.48550/arXiv.2404.15506},
  interhash = {5f7fa4c3e56072bd696b1c92e614b05b},
  intrahash = {fefd706c07bfc89055e3b89de70ac189},
  journal = {CoRR},
  keywords = {dblp},
  timestamp = {2024-07-22T07:10:16.000+0200},
  title = {Metric3D v2: A Versatile Monocular Geometric Foundation Model for Zero-shot Metric Depth and Surface Normal Estimation.},
  volume = {abs/2404.15506},
  year = 2024
}
% biburl = {https://www.bibsonomy.org/bibtex/2fefd706c07bfc89055e3b89de70ac189/dblp},
% url = {http://dblp.uni-trier.de/db/journals/corr/corr2404.html#abs-2404-15506},

@inproceedings{fridovich-keil_k-planes_2023,
    title={K-Planes: Explicit Radiance Fields in Space, Time, and Appearance},
    author={Sara Fridovich-Keil and Giacomo Meanti and Frederik RahbÃ¦k Warburg and Benjamin Recht and Angjoo Kanazawa},
    year={2023},
    booktitle={CVPR},
}

@inproceedings{nerfstudio_Tancik_2023,
	title        = {Nerfstudio: A Modular Framework for Neural Radiance Field Development},
	author       = {
		Tancik, Matthew and Weber, Ethan and Ng, Evonne and Li, Ruilong and Yi, Brent
		and Kerr, Justin and Wang, Terrance and Kristoffersen, Alexander and Austin,
		Jake and Salahi, Kamyar and Ahuja, Abhik and McAllister, David and Kanazawa,
		Angjoo
	},
	year         = 2023,
	booktitle    = {ACM SIGGRAPH 2023 Conference Proceedings},
	series       = {SIGGRAPH '23}
}

@inproceedings{szymanowicz24splatter,
      title={Splatter Image: Ultra-Fast Single-View 3D Reconstruction},
      author={Stanislaw Szymanowicz and Christian Rupprecht and Andrea Vedaldi},
      year={2024},
      booktitle={The IEEE/CVF Conference on Computer Vision and Pattern Recognition (CVPR)},
}

@article{oquab2023dinov2,
  title={DINOv2: Learning Robust Visual Features without Supervision},
  author={Oquab, Maxime and Darcet, Timothée and Moutakanni, Theo and Vo, Huy V. and Szafraniec, Marc and Khalidov, Vasil and Fernandez, Pierre and Haziza, Daniel and Massa, Francisco and El-Nouby, Alaaeldin and Howes, Russell and Huang, Po-Yao and Xu, Hu and Sharma, Vasu and Li, Shang-Wen and Galuba, Wojciech and Rabbat, Mike and Assran, Mido and Ballas, Nicolas and Synnaeve, Gabriel and Misra, Ishan and Jegou, Herve and Mairal, Julien and Labatut, Patrick and Joulin, Armand and Bojanowski, Piotr},
  volume={arXiv:2304.07193},
  year={2023}, 
 journal      = {arXiv preprint}
}

@InProceedings{marigold_ke2023repurposing,
      title={Repurposing Diffusion-Based Image Generators for Monocular Depth Estimation},
      author={Bingxin Ke and Anton Obukhov and Shengyu Huang and Nando Metzger and Rodrigo Caye Daudt and Konrad Schindler},
      booktitle = {Proceedings of the IEEE/CVF Conference on Computer Vision and Pattern Recognition (CVPR)},
      year={2024}
}

@InProceedings{Sun_2020_CVPR, 
    author = {Sun, Pei and Kretzschmar, Henrik and Dotiwalla, Xerxes and Chouard, Aurelien and Patnaik, Vijaysai and Tsui, Paul and Guo, James and Zhou, Yin and Chai, Yuning and Caine, Benjamin and Vasudevan, Vijay and Han, Wei and Ngiam, Jiquan and Zhao, Hang and Timofeev, Aleksei and Ettinger, Scott and Krivokon, Maxim and Gao, Amy and Joshi, Aditya and Zhang, Yu and Shlens, Jonathon and Chen, Zhifeng and Anguelov, Dragomir}, 
    title = {Scalability in Perception for Autonomous Driving: Waymo Open Dataset}, 
    booktitle = {Proceedings of the IEEE/CVF Conference on Computer Vision and Pattern Recognition (CVPR)}, month = {June}, 
    year = {2020} 
}

@Article{kerbl3Dgaussians,
      author       = {Kerbl, Bernhard and Kopanas, Georgios and Leimk{\"u}hler, Thomas and Drettakis, George},
      title        = {3D Gaussian Splatting for Real-Time Radiance Field Rendering},
      journal      = {ACM Transactions on Graphics},
      number       = {4},
      volume       = {42},
      month        = {July},
      year         = {2023},
}
% url          = {https://repo-sam.inria.fr/fungraph/3d-gaussian-splatting/}

@article{ye2024gsplatopensourcelibrarygaussian,
    title={gsplat: An Open-Source Library for {Gaussian} Splatting}, 
    author={Vickie Ye and Ruilong Li and Justin Kerr and Matias Turkulainen and Brent Yi and Zhuoyang Pan and Otto Seiskari and Jianbo Ye and Jeffrey Hu and Matthew Tancik and Angjoo Kanazawa},
    year={2024},
    eprint={2409.06765},
    journal={arXiv preprint arXiv:2409.06765},
    archivePrefix={arXiv},
    primaryClass={cs.CV},
}
% url={https://arxiv.org/abs/2409.06765}, 

@inproceedings{yan2024street,
    title={Street Gaussians: Modeling Dynamic Urban Scenes with Gaussian Splatting}, 
    author={Yunzhi Yan and Haotong Lin and Chenxu Zhou and Weijie Wang and Haiyang Sun and Kun Zhan and Xianpeng Lang and Xiaowei Zhou and Sida Peng},
    booktitle={ECCV},
    year={2024}
}

@article{li2024_VDG,
      title={VDG: Vision-Only Dynamic Gaussian for Driving Simulation}, 
      author={Hao Li and Jingfeng Li and Dingwen Zhang and Chenming Wu and Jieqi Shi and Chen Zhao and Haocheng Feng and Errui Ding and Jingdong Wang and Junwei Han},
      journal={arXiv preprint},
      year={2024},
      eprint={2406.18198},
}

@article{khan2024autosplatconstrainedgaussiansplatting,
      title={AutoSplat: Constrained Gaussian Splatting for Autonomous Driving Scene Reconstruction}, 
      author={Mustafa Khan and Hamidreza Fazlali and Dhruv Sharma and Tongtong Cao and Dongfeng Bai and Yuan Ren and Bingbing Liu},
      year={2024},
      eprint={2407.02598},
      archivePrefix={arXiv},
      primaryClass={cs.CV},
      journal      = {arXiv preprint},
      volume       = {arXiv:2407.02598},
}
% url={https://arxiv.org/abs/2407.02598}, 

@inproceedings{zhou2024drivinggaussian,
  title={Drivinggaussian: Composite gaussian splatting for surrounding dynamic autonomous driving scenes},
  author={Zhou, Xiaoyu and Lin, Zhiwei and Shan, Xiaojun and Wang, Yongtao and Sun, Deqing and Yang, Ming-Hsuan},
  booktitle={Proceedings of the IEEE/CVF Conference on Computer Vision and Pattern Recognition},
  pages={21634--21643},
  year={2024}
}

@article{chen2024omnire,
    title={OmniRe: Omni Urban Scene Reconstruction},
    author={Chen, Ziyu and Yang, Jiawei and Huang, Jiahui and Lutio, Riccardo de and Esturo, Janick Martinez and Ivanovic, Boris and Litany, Or and Gojcic, Zan and Fidler, Sanja and Pavone, Marco and Song, Li and Wang, Yue},
    journal={arXiv preprint arXiv:2408.16760},
    year={2024}
}

@article{guo2023streetsurf,
  title = {StreetSurf: Extending Multi-view Implicit Surface Reconstruction to Street Views},
  author = {Guo, Jianfei and Deng, Nianchen and Li, Xinyang and Bai, Yeqi and Shi, Botian and Wang, Chiyu and Ding, Chenjing and Wang, Dongliang and Li, Yikang},
  journal = {arXiv preprint arXiv:2306.04988},
  year = {2023}
}

@article{huang2024s3gaussian,
    title={S3Gaussian: Self-Supervised Street Gaussians for Autonomous Driving},
    author={Huang, Nan and Wei, Xiaobao and Zheng, Wenzhao and An, Pengju and Lu, Ming aZhan, Wei and Tomizuka, Masayoshi and Keutzer, Kurt and Zhang, Shanghang},
    journal={arXiv preprint arXiv:2405.20323},
    year={2024}
}

@inproceedings{EDUS,
      author = {Sheng Miao and Jiaxin Huang and Dongfeng Bai and Weichao Qiu and Bingbing Liu and Andreas Geiger and Yiyi Liao},
      title = {EDUS: Efficient Depth-Guided Urban View Synthesis},
      booktitle = {European Conference on Computer Vision (ECCV)},
      year = {2024}
     }

@InProceedings{NeuRAD_Tonderski_2024_CVPR,
    author    = {Tonderski, Adam and Lindstr\"om, Carl and Hess, Georg and Ljungbergh, William and Svensson, Lennart and Petersson, Christoffer},
    title     = {NeuRAD: Neural Rendering for Autonomous Driving},
    booktitle = {Proceedings of the IEEE/CVF Conference on Computer Vision and Pattern Recognition (CVPR)},
    month     = {June},
    year      = {2024},
    pages     = {14895-14904}
}

@inproceedings{ravi2020pytorch3d,
    author = {Johnson, Justin and Ravi, Nikhila and Reizenstein, Jeremy and Novotny, David and Tulsiani, Shubham and Lassner, Christoph and Branson, Steve},
    title = {Accelerating 3D deep learning with PyTorch3D},
    year = {2020},
    isbn = {9781450381123},
    publisher = {Association for Computing Machinery},
    address = {New York, NY, USA},
    doi = {10.1145/3415263.3419160},
    abstract = {1. Accelerating 3D Deep Learning with PyTorch3D, arXiv 2007.085012. Mesh R-CNN, ICCV 20193. SynSin: End-to-end View Synthesis from a Single Image, CVPR 20204. Fast Differentiable Raycasting for Neural Rendering using Sphere-based Representations, arXiv 2004.07484},
    booktitle = {SIGGRAPH Asia 2020 Courses},
    articleno = {10},
    numpages = {1},
    location = {Virtual Event},
    series = {SA '20}
}
% url = {https://doi.org/10.1145/3415263.3419160},

@InProceedings{DPT_Ranftl_2021_ICCV,
    author    = {Ranftl, Ren\'e and Bochkovskiy, Alexey and Koltun, Vladlen},
    title     = {Vision Transformers for Dense Prediction},
    booktitle = {Proceedings of the IEEE/CVF International Conference on Computer Vision (ICCV)},
    month     = {October},
    year      = {2021},
    pages     = {12179-12188}
}

@inproceedings{wewer2024latentsplat,
    title = {{{\textbraceleft}latentSplat{\textbraceright}: {\textbraceleft}A{\textbraceright}utoencoding Variational {\textbraceleft}G{\textbraceright}aussians for Fast Generalizable {\textbraceleft}3D{\textbraceright} Reconstruction}},
    author = {Wewer, Christopher and Raj, Kevin and Ilg, Eddy and Schiele, Bernt and Lenssen, Jan Eric},
    language = {eng},
    publisher = {Springer},
    year = {2024},
    booktitle = {{Computer Vision -- ECCV 2024}},
    series = {{Lecture Notes in Computer Science}},
    address = {Milano, Italy},
    note = {18th European Conference on Computer Vision},
}

@Misc{xFormers2022,
  author =       {Benjamin Lefaudeux and Francisco Massa and Diana Liskovich and Wenhan Xiong and Vittorio Caggiano and Sean Naren and Min Xu and Jieru Hu and Marta Tintore and Susan Zhang and Patrick Labatut and Daniel Haziza and Luca Wehrstedt and Jeremy Reizenstein and Grigory Sizov},
  title =        {xFormers: A modular and hackable Transformer modelling library},
  howpublished = {\url{https://github.com/facebookresearch/xformers}},
  year =         {2022}
}

@article{unet_2015,
  added-at = {2023-12-13T04:02:58.000+0100},
  author = {Ronneberger, Olaf and Fischer, Philipp and Brox, Thomas},
  ee = {http://arxiv.org/abs/1505.04597},
  interhash = {9158de16b2caff7458df054dc6fc2748},
  intrahash = {b99e0743410b0939acaeb871134a21d7},
  journal = {CoRR},
  keywords = {},
  timestamp = {2023-12-13T04:02:58.000+0100},
  title = {U-Net: Convolutional Networks for Biomedical Image Segmentation.},
  volume = {abs/1505.04597},
  year = 2015
}
% url = {http://dblp.uni-trier.de/db/journals/corr/corr1505.html#RonnebergerFB15},
% biburl = {https://www.bibsonomy.org/bibtex/2b99e0743410b0939acaeb871134a21d7/admin},

@inproceedings{
  song2021scorebased,
  title={Score-Based Generative Modeling through Stochastic Differential Equations},
  author={Yang Song and Jascha Sohl-Dickstein and Diederik P Kingma and Abhishek Kumar and Stefano Ermon and Ben Poole},
  booktitle={International Conference on Learning Representations},
  year={2021},
}
% url={https://openreview.net/forum?id=PxTIG12RRHS}

@InProceedings{pixelsplat_Charatan_2024_CVPR,
    author    = {Charatan, David and Li, Sizhe Lester and Tagliasacchi, Andrea and Sitzmann, Vincent},
    title     = {pixelSplat: 3D Gaussian Splats from Image Pairs for Scalable Generalizable 3D Reconstruction},
    booktitle = {Proceedings of the IEEE/CVF Conference on Computer Vision and Pattern Recognition (CVPR)},
    month     = {June},
    year      = {2024},
    pages     = {19457-19467}
}

@article{cui2024streetsurfgsscalableurbanstreet,
      title={StreetSurfGS: Scalable Urban Street Surface Reconstruction with Planar-based Gaussian Splatting}, 
      author={Xiao Cui and Weicai Ye and Yifan Wang and Guofeng Zhang and Wengang Zhou and Houqiang Li},
      year={2024},
      eprint={2410.04354},
      archivePrefix={arXiv},
      primaryClass={cs.CV},
      journal      = {arXiv preprint},
      volume       = {arXiv:2410.04354},
}
% url={https://arxiv.org/abs/2410.04354}, 

@article{chen2023periodic,
  title={Periodic Vibration Gaussian: Dynamic Urban Scene Reconstruction and Real-time Rendering},
  author={Chen, Yurui and Gu, Chun and Jiang, Junzhe and Zhu, Xiatian and Zhang, Li},
  journal={arXiv:2311.18561},
  year={2023},
}

@inproceedings{wang2021ibrnet,
  author    = {Wang, Qianqian and Wang, Zhicheng and Genova, Kyle and Srinivasan, Pratul and Zhou, Howard  and Barron, Jonathan T. and Martin-Brualla, Ricardo and Snavely, Noah and Funkhouser, Thomas},
  title     = {IBRNet: Learning Multi-View Image-Based Rendering},
  booktitle = {CVPR},
  year      = {2021}
}

@inproceedings{mvsnerf,
              title={Mvsnerf: Fast generalizable radiance field reconstruction from multi-view stereo},
              author={Chen, Anpei and Xu, Zexiang and Zhao, Fuqiang and Zhang, Xiaoshuai and Xiang, Fanbo and Yu, Jingyi and Su, Hao},
              booktitle={Proceedings of the IEEE/CVF International Conference on Computer Vision},
              pages={14124--14133},
              year={2021}
}

@InProceedings{ReconFusion_Wu_2024_CVPR,
    author    = {Wu, Rundi and Mildenhall, Ben and Henzler, Philipp and Park, Keunhong and Gao, Ruiqi and Watson, Daniel and Srinivasan, Pratul P. and Verbin, Dor and Barron, Jonathan T. and Poole, Ben and Ho?y?ski, Aleksander},
    title     = {ReconFusion: 3D Reconstruction with Diffusion Priors},
    booktitle = {Proceedings of the IEEE/CVF Conference on Computer Vision and Pattern Recognition (CVPR)},
    month     = {June},
    year      = {2024},
    pages     = {21551-21561}
}

@article{zhang2018unreasonable,
  title={The Unreasonable Effectiveness of Deep Features as a Perceptual Metric},
  author={Richard Zhang and Phillip Isola and Alexei A. Efros and Eli Shechtman and Oliver Wang},
  journal={2018 IEEE/CVF Conference on Computer Vision and Pattern Recognition},
  year={2018},
  pages={586-595},
}
% url={https://api.semanticscholar.org/CorpusID:4766599}

@article{ssim,
  title={Image quality assessment: from error visibility to structural similarity},
  author={Wang, Zhou and Bovik, Alan C and Sheikh, Hamid R and Simoncelli, Eero P},
  journal={IEEE Transactions on Image Processing},
  volume={13},
  number={4},
  pages={600--612},
  year={2004},
  publisher={IEEE}
}

@article{tian2024drivingforwardfeedforward3dgaussian,
      title={DrivingForward: Feed-forward 3D Gaussian Splatting for Driving Scene Reconstruction from Flexible Surround-view Input}, 
      author={Qijian Tian and Xin Tan and Yuan Xie and Lizhuang Ma},
      year={2024},
      eprint={2409.12753},
      archivePrefix={arXiv},
      primaryClass={cs.CV},
      journal      = {arXiv preprint},
      volume       = {arXiv:2409.12753},
}
% url={https://arxiv.org/abs/2409.12753},

@InProceedings{MVSplat,
author="Chen, Yuedong
and Xu, Haofei
and Zheng, Chuanxia
and Zhuang, Bohan
and Pollefeys, Marc
and Geiger, Andreas
and Cham, Tat-Jen
and Cai, Jianfei",
editor="Leonardis, Ale{\v{s}}
and Ricci, Elisa
and Roth, Stefan
and Russakovsky, Olga
and Sattler, Torsten
and Varol, G{\"u}l",
title="MVSplat: Efficient 3D Gaussian Splatting from Sparse Multi-view Images",
booktitle="Computer Vision -- ECCV 2024",
year="2025",
publisher="Springer Nature Switzerland",
address="Cham",
pages="370--386"
}

@inproceedings{yang2023unipad,
  title={UniPAD: A Universal Pre-training Paradigm for Autonomous Driving}, 
  author={Honghui Yang and Sha Zhang and Di Huang and Xiaoyang Wu and Haoyi Zhu and Tong He and Shixiang Tang and Hengshuang Zhao and Qibo Qiu and Binbin Lin and Xiaofei He and Wanli Ouyang},
  booktitle={Proceedings of the IEEE/CVF Conference on Computer Vision and Pattern Recognition},
  year={2024},
}

@InProceedings{SelfOcc_Huang_2024_CVPR,
    author    = {Huang, Yuanhui and Zheng, Wenzhao and Zhang, Borui and Zhou, Jie and Lu, Jiwen},
    title     = {SelfOcc: Self-Supervised Vision-Based 3D Occupancy Prediction},
    booktitle = {Proceedings of the IEEE/CVF Conference on Computer Vision and Pattern Recognition (CVPR)},
    month     = {June},
    year      = {2024},
    pages     = {19946-19956}
}

@inproceedings{LRM_2024,
  author       = {Yicong Hong and
                  Kai Zhang and
                  Jiuxiang Gu and
                  Sai Bi and
                  Yang Zhou and
                  Difan Liu and
                  Feng Liu and
                  Kalyan Sunkavalli and
                  Trung Bui and
                  Hao Tan},
  title        = {{LRM:} Large Reconstruction Model for Single Image to 3D},
  booktitle    = {The Twelfth International Conference on Learning Representations,
                  {ICLR} 2024, Vienna, Austria, May 7-11, 2024},
  publisher    = {OpenReview.net},
  year         = {2024},
  timestamp    = {Mon, 29 Jul 2024 17:17:48 +0200},
  bibsource    = {dblp computer science bibliography, https://dblp.org}
}
% biburl       = {https://dblp.org/rec/conf/iclr/Hong0GBZLLSB024.bib},
%url          = {https://openreview.net/forum?id=sllU8vvsFF},

@InProceedings{Hugs_Zhou_2024_CVPR,
      author    = {Zhou, Hongyu and Shao, Jiahao and Xu, Lu and Bai, Dongfeng and Qiu, Weichao and Liu, Bingbing and Wang, Yue and Geiger, Andreas and Liao, Yiyi},
      title     = {HUGS: Holistic Urban 3D Scene Understanding via Gaussian Splatting},
      booktitle = {Proceedings of the IEEE/CVF Conference on Computer Vision and Pattern Recognition (CVPR)},
      month     = {June},
      year      = {2024},
      pages     = {21336-21345}
  }

@article{VEGS,
  author       = {Sungwon Hwang and
                  Min{-}Jung Kim and
                  Taewoong Kang and
                  Jayeon Kang and
                  Jaegul Choo},
  title        = {{VEGS:} View Extrapolation of Urban Scenes in 3D Gaussian Splatting
                  using Learned Priors},
  journal      = {CoRR},
  volume       = {abs/2407.02945},
  year         = {2024},
  doi          = {10.48550/ARXIV.2407.02945},
  eprinttype    = {arXiv},
  eprint       = {2407.02945},
  timestamp    = {Tue, 13 Aug 2024 08:03:52 +0200},
  bibsource    = {dblp computer science bibliography, https://dblp.org}
}
%biburl       = {https://dblp.org/rec/journals/corr/abs-2407-02945.bib},
%url          = {https://doi.org/10.48550/arXiv.2407.02945},

@article{Yu2024SGDSV,
  title={SGD: Street View Synthesis with Gaussian Splatting and Diffusion Prior},
  author={Zhongrui Yu and Haoran Wang and Jinze Yang and Hanzhang Wang and Zeke Xie and Yunfeng Cai and Jiale Cao and Zhong Ji and Mingming Sun},
  journal={ArXiv},
  year={2024},
  volume={abs/2403.20079},
}
% url={https://api.semanticscholar.org/CorpusID:268793959}

@article{szymanowicz2023viewset_diffusion,
  author    = {Szymanowicz, Stanislaw and Rupprecht, Christian and Vedaldi, Andrea},
  title     = {Viewset Diffusion: (0-)Image-Conditioned 3D Generative Models from 2D Data},
  journal   = {International Conference on Computer Vision},
  year      = {2023},
}

@InProceedings{RenderDiffusion_Anciukevicius_2023_CVPR,
    author    = {Anciukevi\v{c}ius, Titas and Xu, Zexiang and Fisher, Matthew and Henderson, Paul and Bilen, Hakan and Mitra, Niloy J. and Guerrero, Paul},
    title     = {RenderDiffusion: Image Diffusion for 3D Reconstruction, Inpainting and Generation},
    booktitle = {Proceedings of the IEEE/CVF Conference on Computer Vision and Pattern Recognition (CVPR)},
    month     = {June},
    year      = {2023},
    pages     = {12608-12618}
}

@InProceedings{TriplaneGaussian_Zou_2024_CVPR,
    author    = {Zou, Zi-Xin and Yu, Zhipeng and Guo, Yuan-Chen and Li, Yangguang and Liang, Ding and Cao, Yan-Pei and Zhang, Song-Hai},
    title     = {Triplane Meets Gaussian Splatting: Fast and Generalizable Single-View 3D Reconstruction with Transformers},
    booktitle = {Proceedings of the IEEE/CVF Conference on Computer Vision and Pattern Recognition (CVPR)},
    month     = {June},
    year      = {2024},
    pages     = {10324-10335}
}

@article{yang2024gaussianobject,
  title   = {GaussianObject: High-Quality 3D Object Reconstruction from Four Views with Gaussian Splatting},
  author  = {Chen Yang and Sikuang Li and Jiemin Fang and Ruofan Liang and
             Lingxi Xie and Xiaopeng Zhang and Wei Shen and Qi Tian},
  journal = {ACM Transactions on Graphics},
  year    = {2024}
}

@article{gslrm2024,
    author={Zhang, Kai and Bi, Sai and Tan, Hao and Xiangli, Yuanbo and Zhao, Nanxuan 
      and Sunkavalli, Kalyan and Xu, Zexiang},
    title     = {GS-LRM: Large Reconstruction Model for 3D Gaussian Splatting},
    journal   = {European Conference on Computer Vision},
    year      = {2024},
}

@article{xu2024grm,
      title={GRM: Large Gaussian Reconstruction Model for Efficient 3D Reconstruction and Generation}, 
      author={Xu Yinghao and Shi Zifan and Yifan Wang and Chen Hansheng and Yang Ceyuan and Peng Sida and Shen Yujun and Wetzstein Gordon},
      year={2024},
      eprint={ 2403.14621},
      archivePrefix={arXiv},
      primaryClass={cs.CV},
      journal      = {arXiv preprint},
      volume       = {arXiv:2403.14621},
}

@article{yang2024scaleawaresurroundmonodepthtransformers,
      title={Towards Scale-Aware Full Surround Monodepth with Transformers}, 
      author={Yuchen Yang and Xinyi Wang and Dong Li and Lu Tian and Ashish Sirasao and Xun Yang},
      year={2024},
      eprint={2407.10406},
      archivePrefix={arXiv},
      primaryClass={cs.CV},
      journal      = {arXiv preprint},
      volume       = {arXiv:2407.10406},
}
% url={https://arxiv.org/abs/2407.10406},

@ARTICLE{surround_monodepth2022,
  author={Guizilini, Vitor and Vasiljevic, Igor and Ambrus, Rares and Shakhnarovich, Greg and Gaidon, Adrien},
  journal={IEEE Robotics and Automation Letters}, 
  title={Full Surround Monodepth From Multiple Cameras}, 
  year={2022},
  volume={7},
  number={2},
  pages={5397-5404},
  keywords={Cameras;Estimation;Robot vision systems;Three-dimensional displays;Point cloud compression;Laser radar;Task analysis;Computer vision;machine learning;autonomous automobiles},
  doi={10.1109/LRA.2022.3150884}}

@inproceedings{depth_anything_v2,
  author       = {Lihe Yang and
                  Bingyi Kang and
                  Zilong Huang and
                  Xiaogang Xu and
                  Jiashi Feng and
                  Hengshuang Zhao},
  title        = {Depth Anything: Unleashing the Power of Large-Scale Unlabeled Data},
  booktitle    = {{IEEE/CVF} Conference on Computer Vision and Pattern Recognition,
                  {CVPR} 2024, Seattle, WA, USA, June 16-22, 2024},
  pages        = {10371--10381},
  publisher    = {{IEEE}},
  year         = {2024},
  doi          = {10.1109/CVPR52733.2024.00987},
  timestamp    = {Wed, 02 Oct 2024 17:33:19 +0200},
  bibsource    = {dblp computer science bibliography, https://dblp.org}
}
% biburl       = {https://dblp.org/rec/conf/cvpr/YangKHXFZ24.bib},
% url          = {https://doi.org/10.1109/CVPR52733.2024.00987},

@article{gslrm2024,
    author={Zhang, Kai and Bi, Sai and Tan, Hao and Xiangli, Yuanbo and Zhao, Nanxuan 
      and Sunkavalli, Kalyan and Xu, Zexiang},
    title     = {GS-LRM: Large Reconstruction Model for 3D Gaussian Splatting},
    journal   = {European Conference on Computer Vision},
    year      = {2024},
}

@article{dosovitskiy2020vit,
  title={An Image is Worth 16x16 Words: Transformers for Image Recognition at Scale},
  author={Dosovitskiy, Alexey and Beyer, Lucas and Kolesnikov, Alexander and Weissenborn, Dirk and Zhai, Xiaohua and Unterthiner, Thomas and  Dehghani, Mostafa and Minderer, Matthias and Heigold, Georg and Gelly, Sylvain and Uszkoreit, Jakob and Houlsby, Neil},
  journal={ICLR},
  year={2021}
}

@article{SEED4D,
     title={SEED4D: A Synthetic Ego--Exo Dynamic 4D Data Generator, Driving Dataset and Benchmark}, 
      author={Marius Kästingschäfer and Théo Gieruc and Sebastian Bernhard and Dylan Campbell and Eldar Insafutdinov and Eyvaz Najafli and Thomas Brox},
      year={2025},
      eprint={2412.00730},
      archivePrefix={arXiv},
      primaryClass={cs.CV},
      url={https://arxiv.org/abs/2412.00730}, 
      journal      = {arXiv preprint},
    volume     = {arXiv:2412.00730},

}

@inproceedings{Kingma_Adam,
  author       = {Diederik P. Kingma and
                  Jimmy Ba},
  editor       = {Yoshua Bengio and
                  Yann LeCun},
  title        = {Adam: {A} Method for Stochastic Optimization},
  booktitle    = {3rd International Conference on Learning Representations, {ICLR} 2015,
                  San Diego, CA, USA, May 7-9, 2015, Conference Track Proceedings},
  year         = {2015},
  
  timestamp    = {Thu, 25 Jul 2019 14:25:37 +0200},
  bibsource    = {dblp computer science bibliography, https://dblp.org}
}
% url          = {http://arxiv.org/abs/1412.6980},
%   biburl       = {https://dblp.org/rec/journals/corr/KingmaB14.bib},

@incollection{PyTorch_NeurIPS2019,
title = {PyTorch: An Imperative Style, High-Performance Deep Learning Library},
author = {Paszke, Adam and Gross, Sam and Massa, Francisco and Lerer, Adam and Bradbury, James and Chanan, Gregory and Killeen, Trevor and Lin, Zeming and Gimelshein, Natalia and Antiga, Luca and Desmaison, Alban and Kopf, Andreas and Yang, Edward and DeVito, Zachary and Raison, Martin and Tejani, Alykhan and Chilamkurthy, Sasank and Steiner, Benoit and Fang, Lu and Bai, Junjie and Chintala, Soumith},
booktitle = {Advances in Neural Information Processing Systems 32},
pages = {8024--8035},
year = {2019},
publisher = {Curran Associates, Inc.},
}
%url = {http://papers.neurips.cc/paper/9015-pytorch-an-imperative-style-high-performance-deep-learning-library.pdf}

@article{li2024dngaussianoptimizingsparseview3d,
      title={DNGaussian: Optimizing Sparse-View 3D Gaussian Radiance Fields with Global-Local Depth Normalization}, 
      author={Jiahe Li and Jiawei Zhang and Xiao Bai and Jin Zheng and Xin Ning and Jun Zhou and Lin Gu},
      year={2024},
      eprint={2403.06912},
      archivePrefix={arXiv},
      primaryClass={cs.CV},
      url={https://arxiv.org/abs/2403.06912},
      journal      = {arXiv preprint},
      volume       = {arXiv:2403.06912},
}

@inproceedings{LaRa,
         author = {Anpei Chen and Haofei Xu and Stefano Esposito and Siyu Tang and Andreas Geiger},
         title = {LaRa: Efficient Large-Baseline Radiance Fields},
         booktitle = {European Conference on Computer Vision (ECCV)},
         year = {2024}
        } 