@InProceedings{Hugs_Zhou_2024_CVPR,
      author    = {Zhou, Hongyu and Shao, Jiahao and Xu, Lu and Bai, Dongfeng and Qiu, Weichao and Liu, Bingbing and Wang, Yue and Geiger, Andreas and Liao, Yiyi},
      title     = {HUGS: Holistic Urban 3D Scene Understanding via Gaussian Splatting},
      booktitle = {Proceedings of the IEEE/CVF Conference on Computer Vision and Pattern Recognition (CVPR)},
      month     = {June},
      year      = {2024},
      pages     = {21336-21345}
  }

@InProceedings{MVSplat,
author="Chen, Yuedong
and Xu, Haofei
and Zheng, Chuanxia
and Zhuang, Bohan
and Pollefeys, Marc
and Geiger, Andreas
and Cham, Tat-Jen
and Cai, Jianfei",
editor="Leonardis, Ale{\v{s}}
and Ricci, Elisa
and Roth, Stefan
and Russakovsky, Olga
and Sattler, Torsten
and Varol, G{\"u}l",
title="MVSplat: Efficient 3D Gaussian Splatting from Sparse Multi-view Images",
booktitle="Computer Vision -- ECCV 2024",
year="2025",
publisher="Springer Nature Switzerland",
address="Cham",
pages="370--386"
}

@InProceedings{NSG_2021_CVPR,
author = {Ost, Julian and Mannan, Fahim and Thuerey, Nils and Knodt, Julian and Heide, Felix},
title = {Neural Scene Graphs for Dynamic Scenes},
booktitle = {Proceedings of the IEEE/CVF Conference on Computer Vision and Pattern Recognition (CVPR)},
month = {June},
year = {2021},
pages = {2856-2865}
}

@InProceedings{NeuRAD_Tonderski_2024_CVPR,
    author    = {Tonderski, Adam and Lindstr\"om, Carl and Hess, Georg and Ljungbergh, William and Svensson, Lennart and Petersson, Christoffer},
    title     = {NeuRAD: Neural Rendering for Autonomous Driving},
    booktitle = {Proceedings of the IEEE/CVF Conference on Computer Vision and Pattern Recognition (CVPR)},
    month     = {June},
    year      = {2024},
    pages     = {14895-14904}
}

@InProceedings{ReconFusion_Wu_2024_CVPR,
    author    = {Wu, Rundi and Mildenhall, Ben and Henzler, Philipp and Park, Keunhong and Gao, Ruiqi and Watson, Daniel and Srinivasan, Pratul P. and Verbin, Dor and Barron, Jonathan T. and Poole, Ben and Ho?y?ski, Aleksander},
    title     = {ReconFusion: 3D Reconstruction with Diffusion Priors},
    booktitle = {Proceedings of the IEEE/CVF Conference on Computer Vision and Pattern Recognition (CVPR)},
    month     = {June},
    year      = {2024},
    pages     = {21551-21561}
}

@InProceedings{RenderDiffusion_Anciukevicius_2023_CVPR,
    author    = {Anciukevi\v{c}ius, Titas and Xu, Zexiang and Fisher, Matthew and Henderson, Paul and Bilen, Hakan and Mitra, Niloy J. and Guerrero, Paul},
    title     = {RenderDiffusion: Image Diffusion for 3D Reconstruction, Inpainting and Generation},
    booktitle = {Proceedings of the IEEE/CVF Conference on Computer Vision and Pattern Recognition (CVPR)},
    month     = {June},
    year      = {2023},
    pages     = {12608-12618}
}

@InProceedings{TriplaneGaussian_Zou_2024_CVPR,
    author    = {Zou, Zi-Xin and Yu, Zhipeng and Guo, Yuan-Chen and Li, Yangguang and Liang, Ding and Cao, Yan-Pei and Zhang, Song-Hai},
    title     = {Triplane Meets Gaussian Splatting: Fast and Generalizable Single-View 3D Reconstruction with Transformers},
    booktitle = {Proceedings of the IEEE/CVF Conference on Computer Vision and Pattern Recognition (CVPR)},
    month     = {June},
    year      = {2024},
    pages     = {10324-10335}
}

@article{VEGS,
  author       = {Sungwon Hwang and
                  Min{-}Jung Kim and
                  Taewoong Kang and
                  Jayeon Kang and
                  Jaegul Choo},
  title        = {{VEGS:} View Extrapolation of Urban Scenes in 3D Gaussian Splatting
                  using Learned Priors},
  journal      = {CoRR},
  volume       = {abs/2407.02945},
  year         = {2024},
  doi          = {10.48550/ARXIV.2407.02945},
  eprinttype    = {arXiv},
  eprint       = {2407.02945},
  timestamp    = {Tue, 13 Aug 2024 08:03:52 +0200},
  bibsource    = {dblp computer science bibliography, https://dblp.org}
}
%biburl       = {https://dblp.org/rec/journals/corr/abs-2407-02945.bib},
%url          = {https://doi.org/10.48550/arXiv.2407.02945}

@article{Yu2024SGDSV,
  title={SGD: Street View Synthesis with Gaussian Splatting and Diffusion Prior},
  author={Zhongrui Yu and Haoran Wang and Jinze Yang and Hanzhang Wang and Zeke Xie and Yunfeng Cai and Jiale Cao and Zhong Ji and Mingming Sun},
  journal={ArXiv},
  year={2024},
  volume={abs/2403.20079},
}
% url={https://api.semanticscholar.org/CorpusID:268793959}

@article{chen2023periodic,
  title={Periodic Vibration Gaussian: Dynamic Urban Scene Reconstruction and Real-time Rendering},
  author={Chen, Yurui and Gu, Chun and Jiang, Junzhe and Zhu, Xiatian and Zhang, Li},
  journal={arXiv:2311.18561},
  year={2023},
}

@article{chen2024omnire,
    title={OmniRe: Omni Urban Scene Reconstruction},
    author={Chen, Ziyu and Yang, Jiawei and Huang, Jiahui and Lutio, Riccardo de and Esturo, Janick Martinez and Ivanovic, Boris and Litany, Or and Gojcic, Zan and Fidler, Sanja and Pavone, Marco and Song, Li and Wang, Yue},
    journal={arXiv preprint arXiv:2408.16760},
    year={2024}
}

@article{gieruc20246imgto3d,
      title={6Img-to-3D: Few-Image Large-Scale Outdoor Driving Scene Reconstruction}, 
      author={Théo Gieruc and Marius Kästingschäfer and Sebastian Bernhard and Mathieu Salzmann},
      year={2024},
      eprint={2404.12378},
      archivePrefix={arXiv},
      primaryClass={cs.CV},
      journal      = {arXiv preprint},
      volume       = {arXiv:2404.12378},
}

@article{guo2023streetsurf,
  title = {StreetSurf: Extending Multi-view Implicit Surface Reconstruction to Street Views},
  author = {Guo, Jianfei and Deng, Nianchen and Li, Xinyang and Bai, Yeqi and Shi, Botian and Wang, Chiyu and Ding, Chenjing and Wang, Dongliang and Li, Yikang},
  journal = {arXiv preprint arXiv:2306.04988},
  year = {2023}
}

@article{irshad2023neo360,
          title={NeO 360: Neural Fields for Sparse View Synthesis of Outdoor Scenes},
          author={Muhammad Zubair Irshad and Sergey Zakharov and Katherine Liu and Vitor Guizilini and Thomas Kollar and Adrien Gaidon and Zsolt Kira and Rares Ambrus},
          journal={Interntaional Conference on Computer Vision (ICCV)},
          year={2023}
        }

@article{khan2024autosplatconstrainedgaussiansplatting,
      title={AutoSplat: Constrained Gaussian Splatting for Autonomous Driving Scene Reconstruction}, 
      author={Mustafa Khan and Hamidreza Fazlali and Dhruv Sharma and Tongtong Cao and Dongfeng Bai and Yuan Ren and Bingbing Liu},
      year={2024},
      eprint={2407.02598},
      archivePrefix={arXiv},
      primaryClass={cs.CV},
      journal      = {arXiv preprint},
      volume       = {arXiv:2407.02598},
}
% url={https://arxiv.org/abs/2407.02598}

@inproceedings{li2022read,
  author = {Li, Zhuopeng and Li, Lu and Zhu, Jianke*},
  title = {READ: Large-Scale Neural Scene Rendering for Autonomous Driving},
  booktitle = {AAAI},
  year = {2023}
}

@article{li2024_VDG,
      title={VDG: Vision-Only Dynamic Gaussian for Driving Simulation}, 
      author={Hao Li and Jingfeng Li and Dingwen Zhang and Chenming Wu and Jieqi Shi and Chen Zhao and Haocheng Feng and Errui Ding and Jingdong Wang and Junwei Han},
      journal={arXiv preprint},
      year={2024},
      eprint={2406.18198},
}

@InProceedings{ml_nsg_2024_CVPR,
    author    = {Fischer, Tobias and Porzi, Lorenzo and Rota Bul\`{o}, Samuel and Pollefeys, Marc and Kontschieder, Peter},
    title     = {Multi-Level Neural Scene Graphs for Dynamic Urban Environments},
    booktitle = {Proceedings of the IEEE/CVF Conference on Computer Vision and Pattern Recognition (CVPR)},
    year      = {2024}
}

@inproceedings{mvsnerf,
              title={Mvsnerf: Fast generalizable radiance field reconstruction from multi-view stereo},
              author={Chen, Anpei and Xu, Zexiang and Zhao, Fuqiang and Zhang, Xiaoshuai and Xiang, Fanbo and Yu, Jingyi and Su, Hao},
              booktitle={Proceedings of the IEEE/CVF International Conference on Computer Vision},
              pages={14124--14133},
              year={2021}
}

@InProceedings{pixelsplat_Charatan_2024_CVPR,
    author    = {Charatan, David and Li, Sizhe Lester and Tagliasacchi, Andrea and Sitzmann, Vincent},
    title     = {pixelSplat: 3D Gaussian Splats from Image Pairs for Scalable Generalizable 3D Reconstruction},
    booktitle = {Proceedings of the IEEE/CVF Conference on Computer Vision and Pattern Recognition (CVPR)},
    month     = {June},
    year      = {2024},
    pages     = {19457-19467}
}

@article{szymanowicz2023viewset_diffusion,
  author    = {Szymanowicz, Stanislaw and Rupprecht, Christian and Vedaldi, Andrea},
  title     = {Viewset Diffusion: (0-)Image-Conditioned 3D Generative Models from 2D Data},
  journal   = {International Conference on Computer Vision},
  year      = {2023},
}

@article{szymanowicz2024flash3d,
      author = {Szymanowicz, Stanislaw and Insafutdinov, Eldar and Zheng, Chuanxia and Campbell, Dylan and Henriques, Joao and Rupprecht, Christian and Vedaldi, Andrea},
      title = {Flash3D: Feed-Forward Generalisable 3D Scene Reconstruction from a Single Image},
      journal = {arxiv},
      year = {2024},
}

@inproceedings{szymanowicz24splatter,
      title={Splatter Image: Ultra-Fast Single-View 3D Reconstruction},
      author={Stanislaw Szymanowicz and Christian Rupprecht and Andrea Vedaldi},
      year={2024},
      booktitle={The IEEE/CVF Conference on Computer Vision and Pattern Recognition (CVPR)},
}

@article{tian2024drivingforwardfeedforward3dgaussian,
      title={DrivingForward: Feed-forward 3D Gaussian Splatting for Driving Scene Reconstruction from Flexible Surround-view Input}, 
      author={Qijian Tian and Xin Tan and Yuan Xie and Lizhuang Ma},
      year={2024},
      eprint={2409.12753},
      archivePrefix={arXiv},
      primaryClass={cs.CV},
      journal      = {arXiv preprint},
      volume       = {arXiv:2409.12753},
}
% url={https://arxiv.org/abs/2409.12753}

@InProceedings{turki2023suds,
    title = {SUDS: Scalable Urban DynaScenes},
    author = {Turki, Haithem and ZhaJason Y and Ferroni, Francesco Ramanan, Deva},
    booktitle = {Computer Vision Pattern Recognition (CVPR)},
    year = {2023}
}

@inproceedings{wang2021ibrnet,
  author    = {Wang, Qianqian and Wang, Zhicheng and Genova, Kyle and Srinivasan, Pratul and Zhou, Howard  and Barron, Jonathan T. and Martin-Brualla, Ricardo and Snavely, Noah and Funkhouser, Thomas},
  title     = {IBRNet: Learning Multi-View Image-Based Rendering},
  booktitle = {CVPR},
  year      = {2021}
}

@inproceedings{wang2024distillnerf,
  title = {DistillNeRF: Perceiving 3D Scenes from Single-Glance Images by Distilling Neural Fields and Foundation Model Features},
  author = {Wang, Letian and Kim, Seung Wook and Yang, Jiawei and Yu, Cunjun and Ivanovic, Boris and Waslander, Steven L. and Wang, Yue and Fidler, Sanja and Pavone, Marco and Karkus, Peter},
  year = {2024},
  booktitle = {Conference on Neural Information Processing Systems},
}

@inproceedings{wewer2024latentsplat,
    title = {{{\textbraceleft}latentSplat{\textbraceright}: {\textbraceleft}A{\textbraceright}utoencoding Variational {\textbraceleft}G{\textbraceright}aussians for Fast Generalizable {\textbraceleft}3D{\textbraceright} Reconstruction}},
    author = {Wewer, Christopher and Raj, Kevin and Ilg, Eddy and Schiele, Bernt and Lenssen, Jan Eric},
    language = {eng},
    publisher = {Springer},
    year = {2024},
    booktitle = {{Computer Vision -- ECCV 2024}},
    series = {{Lecture Notes in Computer Science}},
    address = {Milano, Italy},
    note = {18th European Conference on Computer Vision},
}

@article{wu2023mars,
  author    = {Wu, Zirui and Liu, Tianyu and Luo, Liyi and Zhong, Zhide and Chen, Jianteng and Xiao, Hongmin and Hou, Chao and Lou, Haozhe and Chen, Yuantao and Yang, Runyi and Huang, Yuxin and Ye, Xiaoyu and Yan, Zike and Shi, Yongliang and Liao, Yiyi and Zhao, Hao},
  title     = {MARS: An Instance-aware, Modular and Realistic Simulator for Autonomous Driving},
  journal   = {CICAI},
  year      = {2023},
}

@article{xu2024grm,
      title={GRM: Large Gaussian Reconstruction Model for Efficient 3D Reconstruction and Generation}, 
      author={Xu Yinghao and Shi Zifan and Yifan Wang and Chen Hansheng and Yang Ceyuan and Peng Sida and Shen Yujun and Wetzstein Gordon},
      year={2024},
      eprint={ 2403.14621},
      archivePrefix={arXiv},
      primaryClass={cs.CV},
      journal      = {arXiv preprint},
      volume       = {arXiv:2403.14621},
}

@inproceedings{yan2024street,
    title={Street Gaussians: Modeling Dynamic Urban Scenes with Gaussian Splatting}, 
    author={Yunzhi Yan and Haotong Lin and Chenxu Zhou and Weijie Wang and Haiyang Sun and Kun Zhan and Xianpeng Lang and Xiaowei Zhou and Sida Peng},
    booktitle={ECCV},
    year={2024}
}

@inproceedings{yang2023emernerf,
  title = {EmerNeRF: Emergent Spatial-Temporal Scene Decomposition via Self-Supervision},
  author = {Yang, Jiawei and Ivanovic, Boris and Litany, Or and Weng, Xinshuo and Kim, Seung Wook and Li, Boyi and Che, Tong and Xu, Danfei and Fidler, Sanja and Pavone, Marco and Wang, Yue},
  year = {2024},
  booktitle = {International Conference on Learning Representations},
}

@article{yang2024gaussianobject,
  title   = {GaussianObject: High-Quality 3D Object Reconstruction from Four Views with Gaussian Splatting},
  author  = {Chen Yang and Sikuang Li and Jiemin Fang and Ruofan Liang and
             Lingxi Xie and Xiaopeng Zhang and Wei Shen and Qi Tian},
  journal = {ACM Transactions on Graphics},
  year    = {2024}
}

@inproceedings{yu2020pixelnerf,
      title={{pixelNeRF}: Neural Radiance Fields from One or Few Images},
      author={Alex Yu and Vickie Ye and Matthew Tancik and Angjoo Kanazawa},
      year={2021},
      booktitle={CVPR},
}

@inproceedings{zhou2024drivinggaussian,
  title={Drivinggaussian: Composite gaussian splatting for surrounding dynamic autonomous driving scenes},
  author={Zhou, Xiaoyu and Lin, Zhiwei and Shan, Xiaojun and Wang, Yongtao and Sun, Deqing and Yang, Ming-Hsuan},
  booktitle={Proceedings of the IEEE/CVF Conference on Computer Vision and Pattern Recognition},
  pages={21634--21643},
  year={2024}
}

