@article{agarwal2023gkd,
  title={Gkd: Generalized knowledge distillation for auto-regressive sequence models},
  author={Agarwal, Rishabh and Vieillard, Nino and Stanczyk, Piotr and Ramos, Sabela and Geist, Matthieu and Bachem, Olivier},
  journal={arXiv preprint arXiv:2306.13649},
  year={2023}
}

@inproceedings{aminabadi2022deepspeed,
  title={Deepspeed-inference: enabling efficient inference of transformer models at unprecedented scale},
  author={Aminabadi, Reza Yazdani and Rajbhandari, Samyam and Awan, Ammar Ahmad and Li, Cheng and Li, Du and Zheng, Elton and Ruwase, Olatunji and Smith, Shaden and Zhang, Minjia and Rasley, Jeff and others},
  booktitle={SC22: International Conference for High Performance Computing, Networking, Storage and Analysis},
  pages={1--15},
  year={2022},
  organization={IEEE}
}

@article{du2024sida,
  title={SiDA: Sparsity-Inspired Data-Aware Serving for Efficient and Scalable Large Mixture-of-Experts Models},
  author={Du, Zhixu and Li, Shiyu and Wu, Yuhao and Jiang, Xiangyu and Sun, Jingwei and Zheng, Qilin and Wu, Yongkai and Li, Ang and Li, Hai and Chen, Yiran},
  journal={Proceedings of Machine Learning and Systems},
  volume={6},
  pages={224--238},
  year={2024}
}

@article{eliseev2023fast,
  title={Fast inference of mixture-of-experts language models with offloading},
  author={Eliseev, Artyom and Mazur, Denis},
  journal={arXiv preprint arXiv:2312.17238},
  year={2023}
}

@article{frantar2022gptq,
  title={Gptq: Accurate post-training quantization for generative pre-trained transformers},
  author={Frantar, Elias and Ashkboos, Saleh and Hoefler, Torsten and Alistarh, Dan},
  journal={arXiv preprint arXiv:2210.17323},
  year={2022}
}

@article{frantar2023qmoe,
  title={Qmoe: Practical sub-1-bit compression of trillion-parameter models},
  author={Frantar, Elias and Alistarh, Dan},
  journal={arXiv preprint arXiv:2310.16795},
  year={2023}
}

@inproceedings{frantar2023sparsegpt,
  title={Sparsegpt: Massive language models can be accurately pruned in one-shot},
  author={Frantar, Elias and Alistarh, Dan},
  booktitle={International Conference on Machine Learning},
  pages={10323--10337},
  year={2023},
  organization={PMLR}
}

@article{gu2023knowledge,
  title={Knowledge distillation of large language models},
  author={Gu, Yuxian and Dong, Li and Wei, Furu and Huang, Minlie},
  journal={arXiv preprint arXiv:2306.08543},
  year={2023}
}

@inproceedings{hwang2024pre,
  title={Pre-gated moe: An algorithm-system co-design for fast and scalable mixture-of-expert inference},
  author={Hwang, Ranggi and Wei, Jianyu and Cao, Shijie and Hwang, Changho and Tang, Xiaohu and Cao, Ting and Yang, Mao},
  booktitle={2024 ACM/IEEE 51st Annual International Symposium on Computer Architecture (ISCA)},
  pages={1018--1031},
  year={2024},
  organization={IEEE}
}

@article{jiang2024mixtral,
  title={Mixtral of experts},
  author={Jiang, Albert Q and Sablayrolles, Alexandre and Roux, Antoine and Mensch, Arthur and Savary, Blanche and Bamford, Chris and Chaplot, Devendra Singh and Casas, Diego de las and Hanna, Emma Bou and Bressand, Florian and others},
  journal={arXiv preprint arXiv:2401.04088},
  year={2024}
}

@article{li2023symbolic,
  title={Symbolic chain-of-thought distillation: Small models can also" think" step-by-step},
  author={Li, Liunian Harold and Hessel, Jack and Yu, Youngjae and Ren, Xiang and Chang, Kai-Wei and Choi, Yejin},
  journal={arXiv preprint arXiv:2306.14050},
  year={2023}
}

@article{lin2024awq,
  title={AWQ: Activation-aware Weight Quantization for On-Device LLM Compression and Acceleration},
  author={Lin, Ji and Tang, Jiaming and Tang, Haotian and Yang, Shang and Chen, Wei-Ming and Wang, Wei-Chen and Xiao, Guangxuan and Dang, Xingyu and Gan, Chuang and Han, Song},
  journal={Proceedings of Machine Learning and Systems},
  volume={6},
  pages={87--100},
  year={2024}
}

@article{lu2024not,
  title={Not All Experts are Equal: Efficient Expert Pruning and Skipping for Mixture-of-Experts Large Language Models},
  author={Lu, Xudong and Liu, Qi and Xu, Yuhui and Zhou, Aojun and Huang, Siyuan and Zhang, Bo and Yan, Junchi and Li, Hongsheng},
  journal={arXiv preprint arXiv:2402.14800},
  year={2024}
}

@article{ma2023llm,
  title={Llm-pruner: On the structural pruning of large language models},
  author={Ma, Xinyin and Fang, Gongfan and Wang, Xinchao},
  journal={Advances in neural information processing systems},
  volume={36},
  pages={21702--21720},
  year={2023}
}

@inproceedings{rajbhandari2021zero,
  title={Zero-infinity: Breaking the gpu memory wall for extreme scale deep learning},
  author={Rajbhandari, Samyam and Ruwase, Olatunji and Rasley, Jeff and Smith, Shaden and He, Yuxiong},
  booktitle={Proceedings of the international conference for high performance computing, networking, storage and analysis},
  pages={1--14},
  year={2021}
}

@inproceedings{rajbhandari2022deepspeed,
  title={Deepspeed-moe: Advancing mixture-of-experts inference and training to power next-generation ai scale},
  author={Rajbhandari, Samyam and Li, Conglong and Yao, Zhewei and Zhang, Minjia and Aminabadi, Reza Yazdani and Awan, Ammar Ahmad and Rasley, Jeff and He, Yuxiong},
  booktitle={International conference on machine learning},
  pages={18332--18346},
  year={2022},
  organization={PMLR}
}

@inproceedings{ren2021zero,
  title={Zero-offload: Democratizing $\{$billion-scale$\}$ model training},
  author={Ren, Jie and Rajbhandari, Samyam and Aminabadi, Reza Yazdani and Ruwase, Olatunji and Yang, Shuangyan and Zhang, Minjia and Li, Dong and He, Yuxiong},
  booktitle={2021 USENIX Annual Technical Conference (USENIX ATC 21)},
  pages={551--564},
  year={2021}
}

@inproceedings{sheng2023flexgen,
  title={Flexgen: High-throughput generative inference of large language models with a single gpu},
  author={Sheng, Ying and Zheng, Lianmin and Yuan, Binhang and Li, Zhuohan and Ryabinin, Max and Chen, Beidi and Liang, Percy and R{\'e}, Christopher and Stoica, Ion and Zhang, Ce},
  booktitle={International Conference on Machine Learning},
  pages={31094--31116},
  year={2023},
  organization={PMLR}
}

@article{sun2023simple,
  title={A simple and effective pruning approach for large language models},
  author={Sun, Mingjie and Liu, Zhuang and Bair, Anna and Kolter, J Zico},
  journal={arXiv preprint arXiv:2306.11695},
  year={2023}
}

@inproceedings{xiao2023smoothquant,
  title={Smoothquant: Accurate and efficient post-training quantization for large language models},
  author={Xiao, Guangxuan and Lin, Ji and Seznec, Mickael and Wu, Hao and Demouth, Julien and Han, Song},
  booktitle={International Conference on Machine Learning},
  pages={38087--38099},
  year={2023},
  organization={PMLR}
}

@article{xu2023tensorgpt,
  title={Tensorgpt: Efficient compression of the embedding layer in llms based on the tensor-train decomposition},
  author={Xu, Mingxue and Xu, Yao Lei and Mandic, Danilo P},
  journal={arXiv preprint arXiv:2307.00526},
  year={2023}
}

@article{xue2024moe,
  title={Moe-infinity: Activation-aware expert offloading for efficient moe serving},
  author={Xue, Leyang and Fu, Yao and Lu, Zhan and Mai, Luo and Marina, Mahesh},
  journal={arXiv preprint arXiv:2401.14361},
  year={2024}
}

@article{zhang2022opt,
  title={Opt: Open pre-trained transformer language models},
  author={Zhang, Susan and Roller, Stephen and Goyal, Naman and Artetxe, Mikel and Chen, Moya and Chen, Shuohui and Dewan, Christopher and Diab, Mona and Li, Xian and Lin, Xi Victoria and others},
  journal={arXiv preprint arXiv:2205.01068},
  year={2022}
}

