@inproceedings{Choy2019,
  author    = {Choy, Christopher and Gwak, JunYoung and Savarese, Silvio},
  title     = {{4D} spatio-temporal convnets: {Minkowski} convolutional neural networks},
  booktitle = CVPR,
  year      = {2019}
}

@inproceedings{Graham2018,
  author    = {Benjamin Graham and Martin Engelcke and Laurens van der Maaten},
  title     = {{3D} semantic segmentation with submanifold sparse convolutional networks},
  booktitle = CVPR,
  year      = 2018
}

@article{Guo2021,
  title   = {{PCT}: Point cloud transformer},
  author  = {Guo, Meng-Hao and Cai, Jun-Xiong and Liu, Zheng-Ning and Mu, Tai-Jiang and Martin, Ralph R and Hu, Shi-Min},
  journal = {Comput. Vis. Media},
  volume  = {7},
  number  = {2},
  year    = {2021}
}

@inproceedings{Li2018,
  title     = {{PointCNN}: Convolution on X-transformed points},
  author    = {Li, Yangyan and Bu, Rui and Sun, Mingchao and Wu, Wei and Di, Xinhan and Chen, Baoquan},
  booktitle = NeurIPS,
  year      = {2018}
}

@inproceedings{Maturana2015,
  author    = {Maturana, Daniel and Scherer, Sebastian},
  title     = {{VoxNet}: A {3D} convolutional neural network for real-time object recognition},
  booktitle = {IROS},
  year      = {2015}
}

@inproceedings{Qi2017,
  author    = {Qi, Charles R. and Yi, Li and Su, Hao and Guibas, Leonidas J.},
  title     = {{PointNet++}: Deep hierarchical feature learning on point sets in a metric space},
  booktitle = NeurIPS,
  year      = {2017}
}

@inproceedings{Qi2017a,
  author    = {Charles R. Qi and Hao Su and Kaichun Mo and Leonidas J. Guibas},
  title     = {{PointNet}: Deep learning on point sets for {3D} classification and segmentation},
  booktitle = CVPR,
  year      = {2017}
}

@article{Wang2017,
  author  = {Wang, Peng-Shuai and Liu, Yang and Guo, Yu-Xiao and Sun, Chun-Yu and Tong, Xin},
  title   = {{O-CNN}: Octree-based convolutional neural networks for {3D} shape analysis},
  journal = TOG_SIG,
  year    = {2017},
  volume  = {36},
  number  = {4}
}

@inproceedings{Wu2015,
  author    = {Wu, Zhirong and Song, Shuran and Khosla, Aditya and Yu, Fisher and Zhang, Linguang and Tang, Xiaoou and Xiao, Jianxiong},
  title     = {{3D ShapeNets}: A deep representation for volumetric shape modeling},
  booktitle = CVPR,
  year      = {2015}
}

@inproceedings{Zhao2021,
  title     = {Point transformer},
  author    = {Zhao, Hengshuang and Jiang, Li and Jia, Jiaya and Torr, Philip and Koltun, Vladlen},
  booktitle = ICCV,
  year      = {2021}
}

@article{abdelaal2024ai,
  title={AI in Manufacturing: Market Analysis and Opportunities},
  author={Abdelaal, Mohamed},
  journal={arXiv preprint arXiv:2407.05426},
  year={2024}
}

@article{balasubramaniam2003collision,
  title={Collision-free finishing toolpaths from visibility data},
  author={Balasubramaniam, Mahadevan and Sarma, Sanjay E and Marciniak, Krzyztof},
  journal={Computer-Aided Design},
  volume={35},
  number={4},
  pages={359--374},
  year={2003},
  publisher={Elsevier}
}

@inproceedings{balu2020orthogonal,
  title={Orthogonal distance fields representation for machine-learning based manufacturability analysis},
  author={Balu, Aditya and Ghadai, Sambit and Sarkar, Soumik and Krishnamurthy, Adarsh},
  booktitle={International Design Engineering Technical Conferences and Computers and Information in Engineering Conference},
  volume={83983},
  pages={V009T09A044},
  year={2020},
  organization={American Society of Mechanical Engineers}
}

@article{chen1992computational,
  title={Computational geometry on the sphere with application to automated machining},
  author={Chen, Lin-Lin and Woo, TC},
  journal={ASME Design Technical Conferences},
  year={1992}
}

@inproceedings{chen2010manufactruability,
  title={Manufactruability analysis of infeasible features in polygonal models for web-based rapid prototyping},
  author={Chen, Yong and Xu, Xiaoshu},
  booktitle={2010 International Conference on Manufacturing Automation},
  pages={120--127},
  year={2010},
  organization={IEEE}
}

@article{chen2015collision,
  title={Collision-free tool orientation optimization in five-axis machining of bladed disk},
  author={Chen, Li and Xu, Ke and Tang, Kai},
  journal={Journal of Computational Design and Engineering},
  volume={2},
  number={4},
  pages={197--205},
  year={2015},
  publisher={Oxford University Press}
}

@article{chen2016topology,
  title={Topology optimization for manufacturability based on the visibility map},
  author={Chen, Yonghua and Lu, Jianan and Wei, Ying},
  journal={Computer-Aided Design and Applications},
  volume={13},
  number={1},
  pages={86--94},
  year={2016},
  publisher={Taylor \& Francis}
}

@article{chen2018optimized,
  title={Optimized sequence planning for multi-axis hybrid machining of complex geometries},
  author={Chen, Li and Xu, Ke and Tang, Kai},
  journal={Computers \& Graphics},
  volume={70},
  pages={176--187},
  year={2018},
  publisher={Elsevier}
}

@article{chen2020manufacturability,
  title={Manufacturability analysis and process planning for additive and subtractive hybrid manufacturing of Quasi-rotational parts with columnar features},
  author={Chen, Li and Lau, Tak Yu and Tang, Kai},
  journal={Computer-Aided Design},
  volume={118},
  pages={102759},
  year={2020},
  publisher={Elsevier}
}

@article{chen2021design,
  title={Design for manufacturing: Geometric manufacturability evaluation for five-axis milling},
  author={Chen, Niechen and Frank, Matthew C},
  journal={Journal of Manufacturing Science and Engineering},
  volume={143},
  number={8},
  pages={081007},
  year={2021},
  publisher={American Society of Mechanical Engineers}
}

@article{choi1997c,
  title={C-space approach to tool-path generation for die and mould machining},
  author={Choi, Byoung K and Kim, Dae H and Jerard, Robert B},
  journal={Computer-Aided Design},
  volume={29},
  number={9},
  pages={657--669},
  year={1997},
  publisher={Elsevier}
}

@article{dai2018support,
  title={Support-free volume printing by multi-axis motion},
  author={Dai, Chengkai and Wang, Charlie CL and Wu, Chenming and Lefebvre, Sylvain and Fang, Guoxin and Liu, Yong-Jin},
  journal={ACM Transactions on Graphics (TOG)},
  volume={37},
  number={4},
  pages={1--14},
  year={2018},
  publisher={ACM New York, NY, USA}
}

@article{dhaliwal2003algorithms,
  title={Algorithms for computing global accessibility cones},
  author={Dhaliwal, Savinder and Gupta, Satyandra K and Huang, Jun and Priyadarshi, Alok},
  journal={J. Comput. Inf. Sci. Eng.},
  volume={3},
  number={3},
  pages={200--209},
  year={2003}
}

@article{elber1994accessibility,
  title={Accessibility in 5-axis milling environment},
  author={Elber, Gershon},
  journal={Computer-Aided Design},
  volume={26},
  number={11},
  pages={796--802},
  year={1994},
  publisher={Elsevier}
}

@inproceedings{gal2012fast,
  title={Fast and accurate visibility computation in a 3D urban environment},
  author={Gal, Oren and Doytsher, Yerach},
  booktitle={Proceedings of the Fourth International Conference on Advanced Geographic Information Systems, Applications, and Services, Valencia, Spain},
  pages={105--110},
  year={2012}
}

@article{ghadai2018learning,
  title={Learning localized features in 3D CAD models for manufacturability analysis of drilled holes},
  author={Ghadai, Sambit and Balu, Aditya and Sarkar, Soumik and Krishnamurthy, Adarsh},
  journal={Computer Aided Geometric Design},
  volume={62},
  pages={263--275},
  year={2018},
  publisher={Elsevier}
}

@article{gupta1997automated,
  title={Automated manufacturability analysis: a survey},
  author={Gupta, Satyandra K and Regli, William C and Das, Diganta and Nau, Dana S},
  journal={Research in Engineering Design},
  volume={9},
  pages={168--190},
  year={1997},
  publisher={Springer}
}

@article{han2000manufacturing,
  title={Manufacturing feature recognition from solid models: a status report},
  author={Han, JungHyun and Pratt, Mike and Regli, William C},
  journal={IEEE transactions on robotics and automation},
  volume={16},
  number={6},
  pages={782--796},
  year={2000},
  publisher={IEEE}
}

@article{hoefer2017automated,
  title={Automated manufacturability analysis for conceptual design in new product development},
  author={Hoefer, Michael and Chen, Niechen and Frank, Matthew},
  year={2017}
}

@article{huang2024learning,
  title={Learning Based Toolpath Planner on Diverse Graphs for 3D Printing},
  author={Huang, Yuming and Guo, Yuhu and Su, Renbo and Han, Xingjian and Ding, Junhao and Zhang, Tianyu and Liu, Tao and Wang, Weiming and Fang, Guoxin and Song, Xu and others},
  journal={ACM Transactions on Graphics (TOG)},
  volume={43},
  number={6},
  pages={1--16},
  year={2024},
  publisher={ACM New York, NY, USA}
}

@article{huang5065158hierarchical,
  title={Hierarchical Graph Neural Network for Manufacturability Analysis},
  author={Huang, Bo and Huang, Rui and Li, Xiuling and Zhang, Hang and Wang, Zhen and He, Kai and Zhang, Shusheng},
  journal={SSRN},
  year={2024},
  doi={http://dx.doi.org/10.2139/ssrn.5065158}
}

@article{ilushin2005precise,
  title={Precise global collision detection in multi-axis NC-machining},
  author={Ilushin, Oleg and Elber, Gershon and Halperin, Dan and Wein, Ron and Kim, Myung-Soo},
  journal={Computer-Aided Design},
  volume={37},
  number={9},
  pages={909--920},
  year={2005},
  publisher={Elsevier}
}

@article{jones2021automate,
  title={Automate: A dataset and learning approach for automatic mating of cad assemblies},
  author={Jones, Benjamin and Hildreth, Dalton and Chen, Duowen and Baran, Ilya and Kim, Vladimir G and Schulz, Adriana},
  journal={ACM Transactions on Graphics (TOG)},
  volume={40},
  number={6},
  pages={1--18},
  year={2021},
  publisher={ACM New York, NY, USA}
}

@article{joshi1988graph,
  title={Graph-based heuristics for recognition of machined features from a 3D solid model},
  author={Joshi, Sanjay and Chang, Tien-Chien},
  journal={Computer-aided design},
  volume={20},
  number={2},
  pages={58--66},
  year={1988},
  publisher={Elsevier}
}

@article{joshi2017geometric,
  title={Geometric complexity based process selection for hybrid manufacturing},
  author={Joshi, Anay and Anand, Sam},
  journal={Procedia Manufacturing},
  volume={10},
  pages={578--589},
  year={2017},
  publisher={Elsevier}
}

@article{kailash2001volume,
  title={A volume decomposition approach to machining feature extraction of casting and forging components},
  author={Kailash, SB and Zhang, YF and Fuh, Jerry YH},
  journal={Computer-Aided Design},
  volume={33},
  number={8},
  pages={605--617},
  year={2001},
  publisher={Elsevier}
}

@article{kerbrat2011new,
  title={A new DFM approach to combine machining and additive manufacturing},
  author={Kerbrat, Olivier and Mognol, Pascal and Hasco{\"e}t, Jean-Yves},
  journal={Computers in Industry},
  volume={62},
  number={7},
  pages={684--692},
  year={2011},
  publisher={Elsevier}
}

@book{kim1990convex,
  title={Convex decomposition and solid geometric modeling},
  author={Kim, Yong Se},
  year={1990},
  publisher={Stanford University}
}

@article{lazarov2016length,
  title={Length scale and manufacturability in density-based topology optimization},
  author={Lazarov, Boyan S and Wang, Fengwen and Sigmund, Ole},
  journal={Archive of Applied Mechanics},
  volume={86},
  pages={189--218},
  year={2016},
  publisher={Springer}
}

@article{lee19952,
  title={2-phase approach to global tool interference avoidance in 5-axis machining},
  author={Lee, Yuan-Shin and Chang, Tien-Chien},
  journal={Computer-Aided Design},
  volume={27},
  number={10},
  pages={715--729},
  year={1995},
  publisher={Elsevier}
}

@article{li2006machinability,
  title={Machinability analysis for 3-axis flat end milling},
  author={Li, Ye and Frank, Matthew C},
  year={2006}
}

@article{liang2016accessible,
  title={Accessible regions of tool orientations in multi-axis milling of blisks with a ball-end mill},
  author={Liang, Yongshou and Zhang, Dinghua and Ren, Junxue and Chen, Zezhong C and Xu, Yingying},
  journal={The International Journal of Advanced Manufacturing Technology},
  volume={85},
  pages={1887--1900},
  year={2016},
  publisher={Springer}
}

@article{liu2020sequence,
  title={A sequence planning method for five-axis hybrid manufacturing of complex structural parts},
  author={Liu, Changqing and Li, Yingguang and Jiang, Sen and Li, Zhongyu and Xu, Ke},
  journal={Proceedings of the Institution of Mechanical Engineers, Part B: Journal of Engineering Manufacture},
  volume={234},
  number={3},
  pages={421--430},
  year={2020},
  publisher={SAGE Publications Sage UK: London, England}
}

@article{liu2024neural,
  title={Neural slicer for multi-axis 3D printing},
  author={Liu, Tao and Zhang, Tianyu and Chen, Yongxue and Huang, Yuming and Wang, Charlie CL},
  journal={ACM Transactions on Graphics (TOG)},
  volume={43},
  number={4},
  pages={1--15},
  year={2024},
  publisher={ACM New York, NY, USA}
}

@article{mahdavi2020vdac,
  title={VDAC: volume decompose-and-carve for subtractive manufacturing},
  author={Mahdavi-Amiri, Ali and Yu, Fenggen and Zhao, Haisen and Schulz, Adriana and Zhang, Hao},
  journal={ACM Transactions on Graphics (TOG)},
  volume={39},
  number={6},
  pages={1--15},
  year={2020},
  publisher={ACM New York, NY, USA}
}

@article{makatura2024can1,
  title={How can large language models help humans in design and manufacturing? Part 1: Elements of the LLM-enabled computational design and manufacturing pipeline},
  author={Makatura, Liane and Foshey, Michael and Wang, Bohan and H{\"a}hnlein, Felix and Ma, Pingchuan and Deng, Bolei and Tjandrasuwita, Megan and Spielberg, Andrew and Owens, Crystal and Chen, Peter Yichen and others},
  journal={Harvard Data Science Review},
  number={Special Issue 5},
  year={2024},
  publisher={The MIT Press}
}

@article{makatura2024can2,
  title={How can large language models help humans in design and manufacturing? Part 2: Synthesizing an end-to-end LLM-enabled design and manufacturing workflow},
  author={Makatura, Liane and Foshey, Michael and Wang, Bohan and H{\"a}hnlein, Felix and Ma, Pingchuan and Deng, Bolei and Tjandrasuwita, Megan and Spielberg, Andrew and Owens, Crystal and Chen, Peter Yichen and others},
  journal={Harvard Data Science Review},
  year={2024}
}

@article{manikanta2024machine,
  title={Machine Learning and Artificial Intelligence Supported Machining: A Review and Insights for Future Research},
  author={Manikanta, Javvadi Eswara and Ambhore, Nitin and Dhumal, Amol and Gurajala, Naveen Kumar and Narkhede, Ganesh},
  journal={Journal of The Institution of Engineers (India): Series C},
  pages={1--11},
  year={2024},
  publisher={Springer}
}

@article{patterson2021generation,
  title={Generation and enforcement of process-driven manufacturability constraints: A survey of methods and perspectives for product design},
  author={Patterson, Albert E and Lee, Yong Hoon and Allison, James T},
  journal={Journal of Mechanical Design},
  volume={143},
  number={11},
  pages={110801},
  year={2021},
  publisher={American Society of Mechanical Engineers}
}

@article{patterson2024manufacturability,
  title={Manufacturability-Driven Design of Structured Thermoplastic Materials},
  author={Patterson, Albert E},
  year={2024}
}

@article{peddireddy2021identifying,
  title={Identifying manufacturability and machining processes using deep 3D convolutional networks},
  author={Peddireddy, Dheeraj and Fu, Xingyu and Shankar, Anirudh and Wang, Haobo and Joung, Byung Gun and Aggarwal, Vaneet and Sutherland, John W and Jun, Martin Byung-Guk},
  journal={Journal of Manufacturing Processes},
  volume={64},
  pages={1336--1348},
  year={2021},
  publisher={Elsevier}
}

@article{piovarci2022closed,
  title={Closed-loop control of direct ink writing via reinforcement learning},
  author={Piovarci, Michal and Foshey, Michael and Xu, Jie and Erps, Timothy and Babaei, Vahid and Didyk, Piotr and Rusinkiewicz, Szymon and Matusik, Wojciech and Bickel, Bernd},
  journal={arXiv preprint arXiv:2201.11819},
  year={2022}
}

@article{qu2024deep,
  title={Deep Learning-Based Atmospheric Visibility Detection.},
  author={Qu, Yawei and Fang, Yuxin and Ji, Shengxuan and Yuan, Cheng and Wu, Hao and Zhu, Shengbo and Qin, Haoran and Que, Fan},
  journal={Atmosphere},
  volume={15},
  number={11},
  year={2024}
}

@book{regli1995geometric,
  title={Geometric algorithms for recognition of features from solid models},
  author={Regli III, William Clement},
  year={1995},
  publisher={University of Maryland, College Park}
}

@article{sato2017manufacturability,
  title={Manufacturability evaluation for molded parts using fictitious physical models, and its application in topology optimization},
  author={Sato, Yuki and Yamada, Takayuki and Izui, Kazuhiro and Nishiwaki, Shinji},
  journal={The International Journal of Advanced Manufacturing Technology},
  volume={92},
  pages={1391--1409},
  year={2017},
  publisher={Springer}
}

@article{shi2018manufacturability,
  title={Manufacturability analysis for additive manufacturing using a novel feature recognition technique},
  author={Shi, Yang and Zhang, Yicha and Baek, Steven and De Backer, Wout and Harik, Ramy},
  journal={Computer-Aided Design and Applications},
  volume={15},
  number={6},
  pages={941--952},
  year={2018},
  publisher={Taylor \& Francis}
}

@article{soori2023machine,
  title={Machine learning and artificial intelligence in CNC machine tools, a review},
  author={Soori, Mohsen and Arezoo, Behrooz and Dastres, Roza},
  journal={Sustainable Manufacturing and Service Economics},
  volume={2},
  pages={100009},
  year={2023},
  publisher={Elsevier}
}

@article{spitz2000accessibility,
  title={Accessibility analysis using computer graphics hardware},
  author={Spitz, Steven N and Requicha, Aristides AG},
  journal={IEEE Transactions on Visualization and Computer Graphics},
  volume={6},
  number={3},
  pages={208--219},
  year={2000},
  publisher={IEEE}
}

@inproceedings{spyridi1990accessibility,
  title={Accessibility analysis for the automatic inspection of mechanical parts by coordinate measuring machines},
  author={Spyridi, Antonia J and Requicha, Aristides AG},
  booktitle={Proceedings., IEEE International Conference on Robotics and Automation},
  pages={1284--1289},
  year={1990},
  organization={IEEE}
}

@article{suh1995process,
  title={Process planning for multi-axis NC machining of free surfaces},
  author={Suh, S-H and Kang, J-K},
  journal={International Journal of Production Research},
  volume={33},
  number={10},
  pages={2723--2738},
  year={1995},
  publisher={Taylor \& Francis}
}

@article{uyanik2021machine,
  title={Machine learning based visibility estimation to ensure safer navigation in strait of Istanbul},
  author={Uyan{\i}k, Tayfun and Karatu{\u{g}}, {\c{C}}a{\u{g}}lar and Arslano{\u{g}}lu, Yasin},
  journal={Applied Ocean Research},
  volume={112},
  pages={102693},
  year={2021},
  publisher={Elsevier}
}

@inproceedings{vafaeesefa1998accessibility,
  title={Accessibility analysis in 5-axis machining of sculptured surfaces},
  author={Vafaeesefa, Abbas and ElMaraghy, Hoda A},
  booktitle={Proceedings. 1998 IEEE International Conference on Robotics and Automation (Cat. No. 98CH36146)},
  volume={3},
  pages={2464--2469},
  year={1998},
  organization={IEEE}
}

@article{wang2007automatic,
  title={Automatic generation of gouge-free and angular-velocity-compliant five-axis toolpath},
  author={Wang, Nan and Tang, Kai},
  journal={Computer-Aided Design},
  volume={39},
  number={10},
  pages={841--852},
  year={2007},
  publisher={Elsevier}
}

@article{wang2020smart,
  title={Smart additive manufacturing: Current artificial intelligence-enabled methods and future perspectives},
  author={Wang, YuanBin and Zheng, Pai and Peng, Tao and Yang, HuaYong and Zou, Jun},
  journal={Science China Technological Sciences},
  volume={63},
  number={9},
  pages={1600--1611},
  year={2020},
  publisher={Springer}
}

@article{wang2021structural,
  title={Structural topology optimization considering both performance and manufacturability: strength, stiffness, and connectivity},
  author={Wang, Chao and Xu, Bin and Duan, Zunyi and Rong, Jianhua},
  journal={Structural and Multidisciplinary Optimization},
  volume={63},
  pages={1427--1453},
  year={2021},
  publisher={Springer}
}

@article{woo1994visibility,
  title={Visibility maps and spherical algorithms},
  author={Woo, Tony C},
  journal={Computer-Aided Design},
  volume={26},
  number={1},
  pages={6--16},
  year={1994},
  publisher={Elsevier}
}

@article{wu2019general,
  title={General support-effective decomposition for multi-directional 3-D printing},
  author={Wu, Chenming and Dai, Chengkai and Fang, Guoxin and Liu, Yong-Jin and Wang, Charlie CL},
  journal={IEEE Transactions on Automation Science and Engineering},
  volume={17},
  number={2},
  pages={599--610},
  year={2019},
  publisher={IEEE}
}

@article{xu2023neural,
  title={Neural Packing: from Visual Sensing to Reinforcement Learning},
  author={Xu, Juzhan and Gong, Minglun and Zhang, Hao and Huang, Hui and Hu, Ruizhen},
  journal={ACM Transactions on Graphics (TOG)},
  volume={42},
  number={6},
  pages={1--11},
  year={2023},
  publisher={ACM New York, NY, USA}
}

@article{yan2023automated,
  title={Automated manufacturability analysis and machining process selection using deep generative model and Siamese neural networks},
  author={Yan, Xiaoliang and Melkote, Shreyes},
  journal={Journal of Manufacturing Systems},
  volume={67},
  pages={57--67},
  year={2023},
  publisher={Elsevier}
}

@article{zhang2018featurenet,
  title={Featurenet: Machining feature recognition based on 3d convolution neural network},
  author={Zhang, Zhibo and Jaiswal, Prakhar and Rai, Rahul},
  journal={Computer-Aided Design},
  volume={101},
  pages={12--22},
  year={2018},
  publisher={Elsevier}
}

@article{zhang2020manufacturability,
  title={Manufacturability analysis of metal laser-based powder bed fusion additive manufacturing—a survey},
  author={Zhang, Ying and Yang, Sheng and Zhao, Yaoyao Fiona},
  journal={The International Journal of Advanced Manufacturing Technology},
  volume={110},
  pages={57--78},
  year={2020},
  publisher={Springer}
}

@article{zhang2024machine,
  title={Machine learning-driven 3D printing: A review},
  author={Zhang, Xijun and Chu, Dianming and Zhao, Xinyue and Gao, Chenyu and Lu, Lingxiao and He, Yan and Bai, Wenjuan},
  journal={Applied Materials Today},
  volume={39},
  pages={102306},
  year={2024},
  publisher={Elsevier}
}

@article{zhao2018dscarver,
  title={DSCarver: decompose-and-spiral-carve for subtractive manufacturing},
  author={Zhao, Haisen and Zhang, Hao and Xin, Shiqing and Deng, Yuanmin and Tu, Changhe and Wang, Wenping and Cohen-Or, Daniel and Chen, Baoquan},
  journal={ACM Transactions on Graphics (TOG)},
  volume={37},
  number={4},
  pages={1--14},
  year={2018},
  publisher={ACM New York, NY, USA}
}

@article{zhong2023continuous,
  title={As-continuous-as-possible extrusion-based fabrication of surface models},
  author={Zhong, Fanchao and Xu, Yonglai and Zhao, Haisen and Lu, Lin},
  journal={ACM Transactions on Graphics},
  volume={42},
  number={3},
  pages={1--16},
  year={2023},
  publisher={ACM New York, NY}
}

