@inproceedings{chen2023learning,
  title={Learning to memorize entailment and discourse relations for persona-consistent dialogues},
  author={Chen, Ruijun and Wang, Jin and Yu, Liang-Chih and Zhang, Xuejie},
  booktitle={Proceedings of the AAAI conference on artificial intelligence},
  volume={37},
  number={11},
  pages={12653--12661},
  year={2023}
}

@article{chiang2023can,
  title={Can large language models be an alternative to human evaluations?},
  author={Chiang, Cheng-Han and Lee, Hung-yi},
  journal={arXiv preprint arXiv:2305.01937},
  year={2023}
}

@article{dang2024rlhf,
  title={Rlhf can speak many languages: Unlocking multilingual preference optimization for llms},
  author={Dang, John and Ahmadian, Arash and Marchisio, Kelly and Kreutzer, Julia and {\"U}st{\"u}n, Ahmet and Hooker, Sara},
  journal={arXiv preprint arXiv:2407.02552},
  year={2024}
}

@inproceedings{dinan2020second,
  title={The second conversational intelligence challenge (convai2)},
  author={Dinan, Emily and Logacheva, Varvara and Malykh, Valentin and Miller, Alexander and Shuster, Kurt and Urbanek, Jack and Kiela, Douwe and Szlam, Arthur and Serban, Iulian and Lowe, Ryan and others},
  booktitle={The NeurIPS'18 Competition: From Machine Learning to Intelligent Conversations},
  pages={187--208},
  year={2020},
  organization={Springer}
}

@article{gao2023livechat,
  title={LiveChat: A large-scale personalized dialogue dataset automatically constructed from live streaming},
  author={Gao, Jingsheng and Lian, Yixin and Zhou, Ziyi and Fu, Yuzhuo and Wang, Baoyuan},
  journal={arXiv preprint arXiv:2306.08401},
  year={2023}
}

@article{ghazarian2022deam,
  title={DEAM: Dialogue coherence evaluation using AMR-based semantic manipulations},
  author={Ghazarian, Sarik and Wen, Nuan and Galstyan, Aram and Peng, Nanyun},
  journal={arXiv preprint arXiv:2203.09711},
  year={2022}
}

@article{jandaghi2023faithful,
  title={Faithful persona-based conversational dataset generation with large language models},
  author={Jandaghi, Pegah and Sheng, XiangHai and Bai, Xinyi and Pujara, Jay and Sidahmed, Hakim},
  journal={arXiv preprint arXiv:2312.10007},
  year={2023}
}

@article{kwok2024evaluating,
  title={Evaluating cultural adaptability of a large language model via simulation of synthetic personas},
  author={Kwok, Louis and Bravansky, Michal and Griffin, Lewis D},
  journal={arXiv preprint arXiv:2408.06929},
  year={2024}
}

@inproceedings{lee2022improving,
  title={Improving contextual coherence in variational personalized and empathetic dialogue agents},
  author={Lee, Jing Yang and Lee, Kong Aik and Gan, Woon Seng},
  booktitle={ICASSP 2022-2022 IEEE International Conference on Acoustics, Speech and Signal Processing (ICASSP)},
  pages={7052--7056},
  year={2022},
  organization={IEEE}
}

@article{lee2023p5,
  title={P5: Plug-and-Play Persona Prompting for Personalized Response Selection},
  author={Lee, Joosung and Oh, Minsik and Lee, Donghun},
  journal={arXiv preprint arXiv:2310.06390},
  year={2023}
}

@article{li2016persona,
  title={A persona-based neural conversation model},
  author={Li, Jiwei and Galley, Michel and Brockett, Chris and Spithourakis, Georgios P and Gao, Jianfeng and Dolan, Bill},
  journal={arXiv preprint arXiv:1603.06155},
  year={2016}
}

@inproceedings{li2024dialogues,
  title={Dialogues Are Not Just Text: Modeling Cognition for Dialogue Coherence Evaluation},
  author={Li, Xue and Su, Jia and Yang, Yang and Gao, Zipeng and Duan, Xinyu and Guan, Yi},
  booktitle={Proceedings of the AAAI Conference on Artificial Intelligence},
  volume={38},
  number={17},
  pages={18573--18581},
  year={2024}
}

@inproceedings{lin2004rouge,
  title={Rouge: A package for automatic evaluation of summaries},
  author={Lin, Chin-Yew},
  booktitle={Text summarization branches out},
  pages={74--81},
  year={2004}
}

@article{liu2023g,
  title={G-eval: Nlg evaluation using gpt-4 with better human alignment},
  author={Liu, Yang and Iter, Dan and Xu, Yichong and Wang, Shuohang and Xu, Ruochen and Zhu, Chenguang},
  journal={arXiv preprint arXiv:2303.16634},
  year={2023}
}

@article{liu2024large,
  title={Do Large Language Models Possess Sensitive to Sentiment?},
  author={Liu, Yang and Zhu, Xichou and Shen, Zhou and Liu, Yi and Li, Min and Chen, Yujun and John, Benzi and Ma, Zhenzhen and Hu, Tao and Li, Zhi and others},
  journal={arXiv preprint arXiv:2409.02370},
  year={2024}
}

@article{lu2021fantastically,
  title={Fantastically ordered prompts and where to find them: Overcoming few-shot prompt order sensitivity},
  author={Lu, Yao and Bartolo, Max and Moore, Alastair and Riedel, Sebastian and Stenetorp, Pontus},
  journal={arXiv preprint arXiv:2104.08786},
  year={2021}
}

@inproceedings{madotto2019personalizing,
  title={Personalizing dialogue agents via meta-learning},
  author={Madotto, Andrea and Lin, Zhaojiang and Wu, Chien-Sheng and Fung, Pascale},
  booktitle={Proceedings of the 57th annual meeting of the association for computational linguistics},
  pages={5454--5459},
  year={2019}
}

@article{ouyang2022training,
  title={Training language models to follow instructions with human feedback},
  author={Ouyang, Long and Wu, Jeff and Jiang, Xu and Almeida, Diogo and Wainwright, Carroll L. and Mishkin, Pamela and Zhang, Chong and Agarwal, Sandhini and Slama, Katarina and Ray, Alex and Schulman, John and Hilton, Jacob and Kelton, Fraser and Miller, Luke and Simens, Maddie and Askell, Amanda and Welinder, Peter and Christiano, Paul and Leike, Jan and Lowe, Ryan},
  journal={Advances in Neural Information Processing Systems},
  volume={35},
  pages={27730--27744},
  year={2022}
}

@inproceedings{papineni2002bleu,
  title={Bleu: a method for automatic evaluation of machine translation},
  author={Papineni, Kishore and Roukos, Salim and Ward, Todd and Zhu, Wei-Jing},
  booktitle={Proceedings of the 40th annual meeting of the Association for Computational Linguistics},
  pages={311--318},
  year={2002}
}

@inproceedings{park2023generative,
  title={Generative agents: Interactive simulacra of human behavior},
  author={Park, Joon Sung and O'Brien, Joseph and Cai, Carrie Jun and Morris, Meredith Ringel and Liang, Percy and Bernstein, Michael S},
  booktitle={Proceedings of the 36th annual acm symposium on user interface software and technology},
  pages={1--22},
  year={2023}
}

@article{park2024paireval,
  title={PairEval: Open-domain Dialogue Evaluation with Pairwise Comparison},
  author={Park, ChaeHun and Choi, Minseok and Lee, Dohyun and Choo, Jaegul},
  journal={arXiv preprint arXiv:2404.01015},
  year={2024}
}

@article{qian2017assigning,
  title={Assigning personality/identity to a chatting machine for coherent conversation generation},
  author={Qian, Qiao and Huang, Minlie and Zhao, Haizhou and Xu, Jingfang and Zhu, Xiaoyan},
  journal={arXiv preprint arXiv:1706.02861},
  year={2017}
}

@article{roller2020recipes,
  title={Recipes for building an open-domain chatbot},
  author={Roller, S},
  journal={arXiv preprint arXiv:2004.13637},
  year={2020}
}

@article{samuel2024personagym,
  title={Personagym: Evaluating persona agents and llms},
  author={Samuel, Vinay and Zou, Henry Peng and Zhou, Yue and Chaudhari, Shreyas and Kalyan, Ashwin and Rajpurohit, Tanmay and Deshpande, Ameet and Narasimhan, Karthik and Murahari, Vishvak},
  journal={arXiv preprint arXiv:2407.18416},
  year={2024}
}

@article{shen2024understanding,
  title={Understanding the Capabilities and Limitations of Large Language Models for Cultural Commonsense},
  author={Shen, Siqi and Logeswaran, Lajanugen and Lee, Moontae and Lee, Honglak and Poria, Soujanya and Mihalcea, Rada},
  journal={arXiv preprint arXiv:2405.04655},
  year={2024}
}

@article{shuster2022blenderbot,
  title={Blenderbot 3: a deployed conversational agent that continually learns to responsibly engage},
  author={Shuster, Kurt and Xu, Jing and Komeili, Mojtaba and Ju, Da and Smith, Eric Michael and Roller, Stephen and Ung, Megan and Chen, Moya and Arora, Kushal and Lane, Joshua and others},
  journal={arXiv preprint arXiv:2208.03188},
  year={2022}
}

@article{song2021bob,
  title={BoB: BERT over BERT for training persona-based dialogue models from limited personalized data},
  author={Song, Haoyu and Wang, Yan and Zhang, Kaiyan and Zhang, Wei-Nan and Liu, Ting},
  journal={arXiv preprint arXiv:2106.06169},
  year={2021}
}

@article{wang2023rolellm,
  title={Rolellm: Benchmarking, eliciting, and enhancing role-playing abilities of large language models},
  author={Wang, Zekun Moore and Peng, Zhongyuan and Que, Haoran and Liu, Jiaheng and Zhou, Wangchunshu and Wu, Yuhan and Guo, Hongcheng and Gan, Ruitong and Ni, Zehao and Yang, Jian and others},
  journal={arXiv preprint arXiv:2310.00746},
  year={2023}
}

@inproceedings{wang2024learning,
  title={Learning Personalized Alignment for Evaluating Open-ended Text Generation},
  author={Wang, Danqing and Yang, Kevin and Zhu, Hanlin and Yang, Xiaomeng and Cohen, Andrew and Li, Lei and Tian, Yuandong},
  booktitle={Proceedings of the 2024 Conference on Empirical Methods in Natural Language Processing},
  pages={13274--13292},
  year={2024}
}

@article{wei2022chain,
  title={Chain-of-thought prompting elicits reasoning in large language models},
  author={Wei, Jason and Wang, Xuezhi and Schuurmans, Dale and Bosma, Maarten and Xia, Fei and Chi, Ed and Le, Quoc V and Zhou, Denny and others},
  journal={Advances in neural information processing systems},
  volume={35},
  pages={24824--24837},
  year={2022}
}

@inproceedings{wu2024evaluating,
  title={Evaluating Large Language Models on Social Signal Sensitivity: An Appraisal Theory Approach},
  author={Wu, Zhen and Dutt, Ritam and Rose, Carolyn},
  booktitle={Proceedings of the 1st Human-Centered Large Language Modeling Workshop},
  pages={67--80},
  year={2024}
}

@inproceedings{xu2022cosplay,
  title={Cosplay: Concept set guided personalized dialogue generation across both party personas},
  author={Xu, Chen and Li, Piji and Wang, Wei and Yang, Haoran and Wang, Siyun and Xiao, Chuangbai},
  booktitle={Proceedings of the 45th International ACM SIGIR Conference on Research and Development in Information Retrieval},
  pages={201--211},
  year={2022}
}

@article{yang2023palr,
  title={Palr: Personalization aware llms for recommendation},
  author={Yang, Fan and Chen, Zheng and Jiang, Ziyan and Cho, Eunah and Huang, Xiaojiang and Lu, Yanbin},
  journal={arXiv preprint arXiv:2305.07622},
  year={2023}
}

@article{ye2021towards,
  title={Towards quantifiable dialogue coherence evaluation},
  author={Ye, Zheng and Lu, Liucun and Huang, Lishan and Lin, Liang and Liang, Xiaodan},
  journal={arXiv preprint arXiv:2106.00507},
  year={2021}
}

@article{zhang2018personalizing,
  title={Personalizing dialogue agents: I have a dog, do you have pets too},
  author={Zhang, Saizheng},
  journal={arXiv preprint arXiv:1801.07243},
  year={2018}
}

@article{zhang2019dialogpt,
  title={Dialogpt: Large-Scale generative pre-training for conversational response generation},
  author={Zhang, Y},
  journal={arXiv preprint arXiv:1911.00536},
  year={2019}
}

@article{zhou2023simoap,
  title={SimOAP: Improve coherence and consistency in persona-based dialogue generation via over-sampling and post-evaluation},
  author={Zhou, Junkai and Pang, Liang and Shen, Huawei and Cheng, Xueqi},
  journal={arXiv preprint arXiv:2305.11130},
  year={2023}
}

