@article{111111,
  title={Resource price-aware offloading for edge-cloud collaboration: A
two-timescale online control approach},
  author={Li, Rui and Zhou, Zhi and Chen, Xu and Qing, Ling},
  journal={IEEE Transactions on Cloud Computing},
  volume={10},
  number={1},
  pages={648-661},
  year={2019},
  publisher={IEEE}
}

@inproceedings{dong2022splitnets232323,
  title={Splitnets: Designing neural architectures for efficient distributed computing on head-mounted systems},
  author={Dong, Xin and De Salvo, Barbara and Li, Meng and Liu, Chiao and Qu, Zhongnan and Kung, Hsiang-Tsung and Li, Ziyun},
  booktitle={Proceedings of the IEEE/CVF Conference on Computer Vision and Pattern Recognition (CVPR)},
  pages={12559--12569},
  year={2022}
}

@inproceedings{fang2018nestdnn141414,
  title={Nestdnn: Resource-aware multi-tenant on-device deep learning for continuous mobile vision},
  author={Fang, Biyi and Zeng, Xiao and Zhang, Mi},
  booktitle={Annual International Conference on Mobile Computing and Networking (MobiCom)},
  pages={115--127},
  year={2018}
}

@article{feng2022heterogeneous373737,
  title={Heterogeneous computation and resource allocation for wireless powered federated edge learning systems},
  author={Feng, Jie and Zhang, Wenjing and Pei, Qingqi and Wu, Jinsong and Lin, Xiaodong},
  journal={IEEE Transactions on Communications},
  volume={70},
  number={5},
  pages={3220--3233},
  year={2022},
  publisher={IEEE}
}

@article{grulich2018collaborative383838,
  title={Collaborative edge and cloud neural networks for real-time video processing},
  author={Grulich, Philipp M and Nawab, Faisal},
  journal={Proceedings of the VLDB Endowment},
  volume={11},
  number={12},
  pages={2046--2049},
  year={2018},
  publisher={VLDB Endowment}
}

@inproceedings{gujarati2020serving242424,
  title={Serving $\{$DNNs$\}$ like clockwork: Performance predictability from the bottom up},
  author={Gujarati, Arpan and Karimi, Reza and Alzayat, Safya and Hao, Wei and Kaufmann, Antoine and Vigfusson, Ymir and Mace, Jonathan},
  booktitle={14th USENIX Symposium on Operating Systems Design and Implementation (OSDI)},
  pages={443--462},
  year={2020}
}

@article{kang2017neurosurgeon222222,
  title={Neurosurgeon: Collaborative intelligence between the cloud and mobile edge},
  author={Kang, Yiping and Hauswald, Johann and Gao, Cao and Rovinski, Austin and Mudge, Trevor and Mars, Jason and Tang, Lingjia},
  journal={ACM SIGARCH Computer Architecture News},
  volume={45},
  number={1},
  pages={615--629},
  year={2017}
}

@inproceedings{kim2023moca252525,
  title={MoCA: Memory-centric, adaptive execution for multi-tenant deep neural networks},
  author={Kim, Seah and Genc, Hasan and Nikiforov, Vadim Vadimovich and Asanovi{\'c}, Krste and Nikoli{\'c}, Borivoje and Shao, Yakun Sophia},
  booktitle={2023 IEEE International Symposium on High-Performance Computer Architecture (HPCA)},
  pages={828--841},
  year={2023}
}

@article{kumar2015preference393939,
  title={A preference-based resource allocation in cloud computing systems},
  author={Kumar, Narander and Saxena, Swati},
  journal={Procedia Computer Science},
  volume={57},
  pages={104--111},
  year={2015},
  publisher={Elsevier}
}

@inproceedings{li2023elastic131313,
  title={ELASTIC: Edge workload forecasting based on collaborative cloud-edge deep learning},
  author={Li, Yanan and Yuan, Haitao and Fu, Zhe and Ma, Xiao and Xu, Mengwei and Wang, Shangguang},
  booktitle={Proceedings of the ACM Web Conference (WWW)},
  pages={3056--3066},
  year={2023}
}

@inproceedings{liu2022sniper888,
  title={Sniper: Cloud-edge collaborative inference scheduling with neural network similarity modeling},
  author={Liu, Weihong and Geng, Jiawei and Zhu, Zongwei and Cao, Jing and Lian, Zirui},
  booktitle={ACM/IEEE Design Automation Conference (DAC)},
  pages={505--510},
  year={2022}
}

@article{miao2020intelligent363636,
  title={Intelligent task prediction and computation offloading based on mobile-edge cloud computing},
  author={Miao, Yiming and Wu, Gaoxiang and Li, Miao and Ghoneim, Ahmed and Al-Rakhami, Mabrook and Hossain, M Shamim},
  journal={Future Generation Computer Systems},
  volume={102},
  pages={925--931},
  year={2020},
  publisher={Elsevier}
}

@inproceedings{murad2022dao999,
  title={DAO: Dynamic adaptive offloading for video analytics},
  author={Murad, Taslim and Nguyen, Anh and Yan, Zhisheng},
  booktitle={Proceedings of the 30th ACM International Conference on Multimedia (MM)},
  pages={3017--3025},
  year={2022}
}

@inproceedings{nigade2022jellyfish272727,
  title={Jellyfish: Timely inference serving for dynamic edge networks},
  author={Nigade, Vinod and Bauszat, Pablo and Bal, Henri and Wang, Lin},
  booktitle={2022 IEEE Real-Time Systems Symposium (RTSS)},
  pages={277--290},
  year={2022}
}

@article{qu2021dmro292929,
  title={DMRO: A deep meta reinforcement learning-based task offloading framework for edge-cloud computing},
  author={Qu, Guanjin and Wu, Huaming and Li, Ruidong and Jiao, Pengfei},
  journal={IEEE Transactions on Network and Service Management},
  volume={18},
  number={3},
  pages={3448--3459},
  year={2021}
}

@article{sun2016optimizing353535,
  title={Optimizing resource utilization of a data center},
  author={Sun, Xiang and Ansari, Nirwan and Wang, Ruopeng},
  journal={IEEE Communications Surveys \& Tutorials},
  volume={18},
  number={4},
  pages={2822--2846},
  year={2016},
  publisher={IEEE}
}

@article{sun2021cloud121212,
  title={Cloud-edge collaboration in industrial internet of things: A joint offloading scheme based on resource prediction},
  author={Sun, Zhengjie and Yang, Hui and Li, Chao and Yao, Qiuyan and Wang, Danshi and Zhang, Jie and Vasilakos, Athanasios V},
  journal={IEEE Internet of Things Journal},
  volume={9},
  number={18},
  pages={17014--17025},
  year={2021},
  publisher={IEEE}
}

@article{tang2020deep282828,
  title={Deep reinforcement learning for task offloading in mobile edge computing systems},
  author={Tang, Ming and Wong, Vincent WS},
  journal={IEEE Transactions on Mobile Computing},
  volume={21},
  number={6},
  pages={1985--1997},
  year={2020}
}

@article{xu2020energy101010,
  title={Energy-aware inference offloading for DNN-driven applications in mobile edge clouds},
  author={Xu, Zichuan and Zhao, Liqian and Liang, Weifa and Rana, Omer F and Zhou, Pan and Xia, Qiufen and Xu, Wenzheng and Wu, Guowei},
  journal={IEEE Transactions on Parallel and Distributed Systems},
  volume={32},
  number={4},
  pages={799--814},
  year={2020},
  publisher={IEEE}
}

@inproceedings{yang2023javp666,
  title={JAVP: Joint-aware video processing with edge-cloud collaboration for DNN inference},
  author={Yang, Zheming and Ji, Wen and Guo, Qi and Wang, Zhi},
  booktitle={Proceedings of the 31st ACM International Conference on Multimedia (MM)},
  pages={9152--9160},
  year={2023}
}

@article{yangadaptive262626,
  title={Adaptive joint configuration optimization for collaborative inference in edge-cloud systems},
  author={Yang, Zheming and Ji, Wen and Wang, Zhi},
  journal={SCIENCE CHINA Information Sciences},
  volume={67},
  number={4},
  pages={149103},
  year={2024}
}

