
% Journals

% First the Full Name is given, then the abbreviation used in the AMS Math
% Reviews, with an indication if it could not be found there.
% Note the 2nd overwrites the 1st, so swap them if you want the full name.

 %{AMS}
 @String{AMSTrans = "American Mathematical Society Translations" }
 @String{AMSTrans = "Amer. Math. Soc. Transl." }
 @String{BullAMS = "Bulletin of the American Mathematical Society" }
 @String{BullAMS = "Bull. Amer. Math. Soc." }
 @String{ProcAMS = "Proceedings of the American Mathematical Society" }
 @String{ProcAMS = "Proc. Amer. Math. Soc." }
 @String{TransAMS = "Transactions of the American Mathematical Society" }
 @String{TransAMS = "Trans. Amer. Math. Soc." }

 %ACM
 @String{CACM = "Communications of the {ACM}" }
 @String{CACM = "Commun. {ACM}" }
 @String{CompServ = "Comput. Surveys" }
 @String{JACM = "J. ACM" }
 @String{ACMMathSoft = "{ACM} Transactions on Mathematical Software" }
 @String{ACMMathSoft = "{ACM} Trans. Math. Software" }
 @String{SIGNUM = "{ACM} {SIGNUM} Newsletter" }
 @String{SIGNUM = "{ACM} {SIGNUM} Newslett." }

 @String{AmerSocio = "American Journal of Sociology" }
 @String{AmerStatAssoc = "Journal of the American Statistical Association" }
 @String{AmerStatAssoc = "J. Amer. Statist. Assoc." }
 @String{ApplMathComp = "Applied Mathematics and Computation" }
 @String{ApplMathComp = "Appl. Math. Comput." }
 @String{AmerMathMonthly = "American Mathematical Monthly" }
 @String{AmerMathMonthly = "Amer. Math. Monthly" }
 @String{BIT = "{BIT}" }
 @String{BritStatPsych = "British Journal of Mathematical and Statistical
          Psychology" }
 @String{BritStatPsych = "Brit. J. Math. Statist. Psych." }
 @String{CanMathBull = "Canadian Mathematical Bulletin" }
 @String{CanMathBull = "Canad. Math. Bull." }
 @String{CompApplMath = "Journal of Computational and Applied Mathematics" }
 @String{CompApplMath = "J. Comput. Appl. Math." }
 @String{CompPhys = "Journal of Computational Physics" }
 @String{CompPhys = "J. Comput. Phys." }
 @String{CompStruct = "Computers and Structures" }
 @String{CompStruct = "Comput. \& Structures" }
 @String{CompJour = "The Computer Journal" }
 @String{CompJour = "Comput. J." }
 @String{CompSysSci = "Journal of Computer and System Sciences" }
 @String{CompSysSci = "J. Comput. System Sci." }
 @String{Computing = "Computing" }
 @String{ContempMath = "Contemporary Mathematics" }
 @String{ContempMath = "Contemp. Math." }
 @String{Crelle = "Crelle's Journal" }
 @String{GiornaleMath = "Giornale di Mathematiche" }
 @String{GiornaleMath = "Giorn. Mat." } % didn't find in AMS MR., ibid.

 %IEEE
 @String{Computer = "{IEEE} Computer" }
 @String{IEEETransComp = "{IEEE} Transactions on Computers" }
 @String{IEEETransComp = "{IEEE} Trans. Comput." }
 @String{IEEETransAC = "{IEEE} Transactions on Automatic Control" }
 @String{IEEETransAC = "{IEEE} Trans. Automat. Control" }
 @String{IEEESpec = "{IEEE} Spectrum" } % didn't find in AMS MR
 @String{ProcIEEE = "Proceedings of the {IEEE}" }
 @String{ProcIEEE = "Proc. {IEEE}" } % didn't find in AMS MR
 @String{IEEETransAeroElec = "{IEEE} Transactions on Aerospace and Electronic
     Systems" }
 @String{IEEETransAeroElec = "{IEEE} Trans. Aerospace Electron. Systems" }

 @String{IMANumerAna = "{IMA} Journal of Numerical Analysis" }
 @String{IMANumerAna = "{IMA} J. Numer. Anal." }
 @String{InfProcLet = "Information Processing Letters" }
 @String{InfProcLet = "Inform. Process. Lett." }
 @String{InstMathApp = "Journal of the Institute of Mathematics and
     its Applications" }
 @String{InstMathApp = "J. Inst. Math. Appl." }
 @String{IntControl = "International Journal of Control" }
 @String{IntControl = "Internat. J. Control" }
 @String{IntNumerEng = "International Journal for Numerical Methods in
     Engineering" }
 @String{IntNumerEng = "Internat. J. Numer. Methods Engrg." }
 @String{IntSuper = "International Journal of Supercomputing Applications" }
 @String{IntSuper = "Internat. J. Supercomputing Applic." } % didn't find
%% in AMS MR
 @String{Kibernetika = "Kibernetika" }
 @String{JResNatBurStand = "Journal of Research of the National Bureau
     of Standards" }
 @String{JResNatBurStand = "J. Res. Nat. Bur. Standards" }
 @String{LinAlgApp = "Linear Algebra and its Applications" }
 @String{LinAlgApp = "Linear Algebra Appl." }
 @String{MathAnaAppl = "Journal of Mathematical Analysis and Applications" }
 @String{MathAnaAppl = "J. Math. Anal. Appl." }
 @String{MathAnnalen = "Mathematische Annalen" }
 @String{MathAnnalen = "Math. Ann." }
 @String{MathPhys = "Journal of Mathematical Physics" }
 @String{MathPhys = "J. Math. Phys." }
 @String{MathComp = "Mathematics of Computation" }
 @String{MathComp = "Math. Comp." }
 @String{MathScand = "Mathematica Scandinavica" }
 @String{MathScand = "Math. Scand." }
 @String{TablesAidsComp = "Mathematical Tables and Other Aids to Computation" }
 @String{TablesAidsComp = "Math. Tables Aids Comput." }
 @String{NumerMath = "Numerische Mathematik" }
 @String{NumerMath = "Numer. Math." }
 @String{PacificMath = "Pacific Journal of Mathematics" }
 @String{PacificMath = "Pacific J. Math." }
 @String{ParDistComp = "Journal of Parallel and Distributed Computing" }
 @String{ParDistComp = "J. Parallel and Distrib. Comput." } % didn't find
%% in AMS MR
 @String{ParComputing = "Parallel Computing" }
 @String{ParComputing = "Parallel Comput." }
 @String{PhilMag = "Philosophical Magazine" }
 @String{PhilMag = "Philos. Mag." }
 @String{ProcNAS = "Proceedings of the National Academy of Sciences
                    of the USA" }
 @String{ProcNAS = "Proc. Nat. Acad. Sci. U. S. A." }
 @String{Psychometrika = "Psychometrika" }
 @String{QuartMath = "Quarterly Journal of Mathematics, Oxford, Series (2)" }
 @String{QuartMath = "Quart. J. Math. Oxford Ser. (2)" }
 @String{QuartApplMath = "Quarterly of Applied Mathematics" }
 @String{QuartApplMath = "Quart. Appl. Math." }
 @String{RevueInstStat = "Review of the International Statisical Institute" }
 @String{RevueInstStat = "Rev. Inst. Internat. Statist." }

 %SIAM
 @String{JSIAM = "Journal of the Society for Industrial and Applied
     Mathematics" }
 @String{JSIAM = "J. Soc. Indust. Appl. Math." }
 @String{JSIAMB = "Journal of the Society for Industrial and Applied
     Mathematics, Series B, Numerical Analysis" }
 @String{JSIAMB = "J. Soc. Indust. Appl. Math. Ser. B Numer. Anal." }
 @String{SIAMAlgMeth = "{SIAM} Journal on Algebraic and Discrete Methods" }
 @String{SIAMAlgMeth = "{SIAM} J. Algebraic Discrete Methods" }
 @String{SIAMAppMath = "{SIAM} Journal on Applied Mathematics" }
 @String{SIAMAppMath = "{SIAM} J. Appl. Math." }
 @String{SIAMComp = "{SIAM} Journal on Computing" }
 @String{SIAMComp = "{SIAM} J. Comput." }
 @String{SIAMMatrix = "{SIAM} Journal on Matrix Analysis and Applications" }
 @String{SIAMMatrix = "{SIAM} J. Matrix Anal. Appl." }
 @String{SIAMNumAnal = "{SIAM} Journal on Numerical Analysis" }
 @String{SIAMNumAnal = "{SIAM} J. Numer. Anal." }
 @String{SIAMReview = "{SIAM} Review" }
 @String{SIAMReview = "{SIAM} Rev." }
 @String{SIAMSciStat = "{SIAM} Journal on Scientific and Statistical
     Computing" }
 @String{SIAMSciStat = "{SIAM} J. Sci. Statist. Comput." }

 @String{SoftPracExp = "Software Practice and Experience" }
 @String{SoftPracExp = "Software Prac. Experience" } % didn't find in AMS MR
 @String{StatScience = "Statistical Science" }
 @String{StatScience = "Statist. Sci." }
 @String{Techno = "Technometrics" }
 @String{USSRCompMathPhys = "{USSR} Computational Mathematics and Mathematical
     Physics" }
 @String{USSRCompMathPhys = "{U. S. S. R.} Comput. Math. and Math. Phys." }
 @String{VLSICompSys = "Journal of {VLSI} and Computer Systems" }
 @String{VLSICompSys = "J. {VLSI} Comput. Syst." }
 @String{ZAngewMathMech = "Zeitschrift fur Angewandte Mathematik und
     Mechanik" }
 @String{ZAngewMathMech = "Z. Angew. Math. Mech." }
 @String{ZAngewMathPhys = "Zeitschrift fur Angewandte Mathematik und Physik" }
 @String{ZAngewMathPhys = "Z. Angew. Math. Phys." }

% Publishers % ================================================= |

 @String{Academic = "Academic Press" }
 @String{ACMPress = "{ACM} Press" }
 @String{AdamHilger = "Adam Hilger" }
 @String{AddisonWesley = "Addison-Wesley" }
 @String{AllynBacon = "Allyn and Bacon" }
 @String{AMS = "American Mathematical Society" }
 @String{Birkhauser = "Birkha{\"u}ser" }
 @String{CambridgePress = "Cambridge University Press" }
 @String{Chelsea = "Chelsea" }
 @String{ClaredonPress = "Claredon Press" }
 @String{DoverPub = "Dover Publications" }
 @String{Eyolles = "Eyolles" }
 @String{HoltRinehartWinston = "Holt, Rinehart and Winston" }
 @String{Interscience = "Interscience" }
 @String{JohnsHopkinsPress = "The Johns Hopkins University Press" }
 @String{JohnWileySons = "John Wiley and Sons" }
 @String{Macmillan = "Macmillan" }
 @String{MathWorks = "The Math Works Inc." }
 @String{McGrawHill = "McGraw-Hill" }
 @String{NatBurStd = "National Bureau of Standards" }
 @String{NorthHolland = "North-Holland" }
 @String{OxfordPress = "Oxford University Press" }  %address Oxford or London?
 @String{PergamonPress = "Pergamon Press" }
 @String{PlenumPress = "Plenum Press" }
 @String{PrenticeHall = "Prentice-Hall" }
 @String{SIAMPub = "{SIAM} Publications" }
 @String{Springer = "Springer-Verlag" }
 @String{TexasPress = "University of Texas Press" }
 @String{VanNostrand = "Van Nostrand" }
 @String{WHFreeman = "W. H. Freeman and Co." }

%Entries


@article{yang2023visual111,
  title={Visual E$^2$C: AI-driven visual end-edge-cloud architecture for 6G in low-carbon smart cities},
  author={Yang, Zheming and Hu, Dieli and Guo, Qi and Zuo, Lulu and Ji, Wen},
  journal={IEEE Wireless Communications},
  volume={30},
  number={3},
  pages={204--210},
  year={2023},
  publisher={IEEE}
}


@inproceedings{du2020server222,
  title={Server-driven video streaming for deep learning inference},
  author={Du, Kuntai and Pervaiz, Ahsan and Yuan, Xin and Chowdhery, Aakanksha and Zhang, Qizheng and Hoffmann, Henry and Jiang, Junchen},
  booktitle={ACM Special Interest Group on Data Communication (SIGCOMM)},
  pages={557--570},
  year={2020}
}

@article{hua2023edge333,
  title={Edge computing with artificial intelligence: A machine learning perspective},
  author={Hua, Haochen and Li, Yutong and Wang, Tonghe and Dong, Nanqing and Li, Wei and Cao, Junwei},
  journal={ACM Computing Surveys},
  volume={55},
  number={9},
  pages={1--35},
  year={2023},
}

@inproceedings{wang2023shoggoth444,
  title={Shoggoth: Towards efficient edge-cloud collaborative real-time video inference via adaptive online learning},
  author={Wang, Liang and Lu, Kai and Zhang, Nan and Qu, Xiaoyang and Wang, Jianzong and Wan, Jiguang and Li, Guokuan and Xiao, Jing},
  booktitle={ACM/IEEE Design Automation Conference (DAC)},
  pages={1--6},
  year={2023},
}

@article{duan2022distributed555,
  title={Distributed artificial intelligence empowered by end-edge-cloud computing: A survey},
  author={Duan, Sijing and Wang, Dan and Ren, Ju and Lyu, Feng and Zhang, Ye and Wu, Huaqing and Shen, Xuemin},
  journal={IEEE Communications Surveys \& Tutorials},
  volume={25},
  number={1},
  pages={591--624},
  year={2022}

}


@inproceedings{yang2023javp666,
  title={JAVP: Joint-aware video processing with edge-cloud collaboration for DNN inference},
  author={Yang, Zheming and Ji, Wen and Guo, Qi and Wang, Zhi},
  booktitle={Proceedings of the 31st ACM International Conference on Multimedia (MM)},
  pages={9152--9160},
  year={2023}
}

@article{wang2018dynamic777,
  title={Dynamic resource scheduling in mobile edge cloud with cloud radio access network},
  author={Wang, Xinhou and Wang, Kezhi and Wu, Song and Di, Sheng and Jin, Hai and Yang, Kun and Ou, Shumao},
  journal={IEEE Transactions on Parallel and Distributed Systems},
  volume={29},
  number={11},
  pages={2429--2445},
  year={2018},
  publisher={IEEE}
}


@inproceedings{liu2022sniper888,
  title={Sniper: Cloud-edge collaborative inference scheduling with neural network similarity modeling},
  author={Liu, Weihong and Geng, Jiawei and Zhu, Zongwei and Cao, Jing and Lian, Zirui},
  booktitle={ACM/IEEE Design Automation Conference (DAC)},
  pages={505--510},
  year={2022}
}


@inproceedings{murad2022dao999,
  title={DAO: Dynamic adaptive offloading for video analytics},
  author={Murad, Taslim and Nguyen, Anh and Yan, Zhisheng},
  booktitle={Proceedings of the 30th ACM International Conference on Multimedia (MM)},
  pages={3017--3025},
  year={2022}
}


@article{xu2020energy101010,
  title={Energy-aware inference offloading for DNN-driven applications in mobile edge clouds},
  author={Xu, Zichuan and Zhao, Liqian and Liang, Weifa and Rana, Omer F and Zhou, Pan and Xia, Qiufen and Xu, Wenzheng and Wu, Guowei},
  journal={IEEE Transactions on Parallel and Distributed Systems},
  volume={32},
  number={4},
  pages={799--814},
  year={2020},
  publisher={IEEE}
}


@article{111111,
  title={Resource price-aware offloading for edge-cloud collaboration: A
two-timescale online control approach},
  author={Li, Rui and Zhou, Zhi and Chen, Xu and Qing, Ling},
  journal={IEEE Transactions on Cloud Computing},
  volume={10},
  number={1},
  pages={648-661},
  year={2019},
  publisher={IEEE}
}



@article{sun2021cloud121212,
  title={Cloud-edge collaboration in industrial internet of things: A joint offloading scheme based on resource prediction},
  author={Sun, Zhengjie and Yang, Hui and Li, Chao and Yao, Qiuyan and Wang, Danshi and Zhang, Jie and Vasilakos, Athanasios V},
  journal={IEEE Internet of Things Journal},
  volume={9},
  number={18},
  pages={17014--17025},
  year={2021},
  publisher={IEEE}
}

@inproceedings{li2023elastic131313,
  title={ELASTIC: Edge workload forecasting based on collaborative cloud-edge deep learning},
  author={Li, Yanan and Yuan, Haitao and Fu, Zhe and Ma, Xiao and Xu, Mengwei and Wang, Shangguang},
  booktitle={Proceedings of the ACM Web Conference (WWW)},
  pages={3056--3066},
  year={2023}
}

@inproceedings{fang2018nestdnn141414,
  title={Nestdnn: Resource-aware multi-tenant on-device deep learning for continuous mobile vision},
  author={Fang, Biyi and Zeng, Xiao and Zhang, Mi},
  booktitle={Annual International Conference on Mobile Computing and Networking (MobiCom)},
  pages={115--127},
  year={2018}
}


@article{bagrov2020multiscale151515,
  title={Multiscale structural complexity of natural patterns},
  author={Bagrov, Andrey A and Iakovlev, Ilia A and Iliasov, Askar A and Katsnelson, Mikhail I and Mazurenko, Vladimir V},
  journal={Proceedings of the National Academy of Sciences},
  volume={117},
  number={48},
  pages={30241--30251},
  year={2020},
  publisher={National Acad Sciences}
}


@inproceedings{chen2016combinatorial161616,
  title={Combinatorial multi-armed bandit with general reward functions},
  author={Chen, Wei and Hu, Wei and Li, Fu and Li, Jian and Liu, Yu and Lu, Pinyan},
  journal={Advances in Neural Information Processing Systems (NIPS)},
    pages={1659-1667},
  year={2016}
}


@article{wen2020ua171717,
  title={UA-DETRAC: A new benchmark and protocol for multi-object detection and tracking},
  author={Wen, Longyin and Du, Dawei and Cai, Zhaowei and Lei, Zhen and Chang, Ming-Ching and Qi, Honggang and Lim, Jongwoo and Yang, Ming-Hsuan and Lyu, Siwei},
  journal={Computer Vision and Image Understanding},
  volume={193},
  pages={1--27},
  year={2020},
  publisher={Elsevier}
}

@online{business181818,
	title={{YOLOv5: The friendliest AI architecture you'll ever use}},
	year={2022},
	url = {https://ultralytics.com/yolov5}
}


@article{ouhame2021efficient191919,
  title={An efficient forecasting approach for resource utilization in cloud data center using CNN-LSTM model},
  author={Ouhame, Soukaina and Hadi, Youssef and Ullah, Arif},
  journal={Neural Computing and Applications},
  volume={33},
  pages={10043--10055},
  year={2021},
  publisher={Springer}
}


@inproceedings{gazzaz2022croesus202020,
  title={Croesus: Multi-stage processing and transactions for video-analytics in edge-cloud systems},
  author={Gazzaz, Samaa and Chakraborty, Vishal and Nawab, Faisal},
  booktitle={IEEE International Conference on Data Engineering (ICDE)},
  pages={1463--1476},
  year={2022},
}


@inproceedings{kim2023moca212121,
  title={MoCA: Memory-centric, adaptive execution for multi-tenant deep neural networks},
  author={Kim, Seah and Genc, Hasan and Nikiforov, Vadim Vadimovich and Asanovi{\'c}, Krste and Nikoli{\'c}, Borivoje and Shao, Yakun Sophia},
  booktitle={2023 IEEE International Symposium on High-Performance Computer Architecture (HPCA)},
  pages={828--841},
  year={2023},
  organization={IEEE}
}


@article{kang2017neurosurgeon222222,
  title={Neurosurgeon: Collaborative intelligence between the cloud and mobile edge},
  author={Kang, Yiping and Hauswald, Johann and Gao, Cao and Rovinski, Austin and Mudge, Trevor and Mars, Jason and Tang, Lingjia},
  journal={ACM SIGARCH Computer Architecture News},
  volume={45},
  number={1},
  pages={615--629},
  year={2017}
}

@inproceedings{dong2022splitnets232323,
  title={Splitnets: Designing neural architectures for efficient distributed computing on head-mounted systems},
  author={Dong, Xin and De Salvo, Barbara and Li, Meng and Liu, Chiao and Qu, Zhongnan and Kung, Hsiang-Tsung and Li, Ziyun},
  booktitle={Proceedings of the IEEE/CVF Conference on Computer Vision and Pattern Recognition (CVPR)},
  pages={12559--12569},
  year={2022}
}

@inproceedings{gujarati2020serving242424,
  title={Serving $\{$DNNs$\}$ like clockwork: Performance predictability from the bottom up},
  author={Gujarati, Arpan and Karimi, Reza and Alzayat, Safya and Hao, Wei and Kaufmann, Antoine and Vigfusson, Ymir and Mace, Jonathan},
  booktitle={14th USENIX Symposium on Operating Systems Design and Implementation (OSDI)},
  pages={443--462},
  year={2020}
}

@inproceedings{kim2023moca252525,
  title={MoCA: Memory-centric, adaptive execution for multi-tenant deep neural networks},
  author={Kim, Seah and Genc, Hasan and Nikiforov, Vadim Vadimovich and Asanovi{\'c}, Krste and Nikoli{\'c}, Borivoje and Shao, Yakun Sophia},
  booktitle={2023 IEEE International Symposium on High-Performance Computer Architecture (HPCA)},
  pages={828--841},
  year={2023}
}


@article{yangadaptive262626,
  title={Adaptive joint configuration optimization for collaborative inference in edge-cloud systems},
  author={Yang, Zheming and Ji, Wen and Wang, Zhi},
  journal={SCIENCE CHINA Information Sciences},
  volume={67},
  number={4},
  pages={149103},
  year={2024}
}


@inproceedings{nigade2022jellyfish272727,
  title={Jellyfish: Timely inference serving for dynamic edge networks},
  author={Nigade, Vinod and Bauszat, Pablo and Bal, Henri and Wang, Lin},
  booktitle={2022 IEEE Real-Time Systems Symposium (RTSS)},
  pages={277--290},
  year={2022}
}

@article{tang2020deep282828,
  title={Deep reinforcement learning for task offloading in mobile edge computing systems},
  author={Tang, Ming and Wong, Vincent WS},
  journal={IEEE Transactions on Mobile Computing},
  volume={21},
  number={6},
  pages={1985--1997},
  year={2020}
}

@article{qu2021dmro292929,
  title={DMRO: A deep meta reinforcement learning-based task offloading framework for edge-cloud computing},
  author={Qu, Guanjin and Wu, Huaming and Li, Ruidong and Jiao, Pengfei},
  journal={IEEE Transactions on Network and Service Management},
  volume={18},
  number={3},
  pages={3448--3459},
  year={2021}
}



@inproceedings{padilla2020survey303030,
  title={A survey on performance metrics for object-detection algorithms},
  author={Padilla, Rafael and Netto, Sergio L and Da Silva, Eduardo AB},
  booktitle={International Conference on Systems, Signals and Image Processing (IWSSIP)},
  pages={237--242},
  year={2020}
}


@inproceedings{khani2021real313131,
  title={Real-time video inference on edge devices via adaptive model streaming},
  author={Khani, Mehrdad and Hamadanian, Pouya and Nasr-Esfahany, Arash and Alizadeh, Mohammad},
  booktitle={Proceedings of the IEEE/CVF International Conference on Computer Vision (ICCV)},
  pages={4572--4582},
  year={2021}
}

@article{su2020convolutional323232,
  title={Convolutional tensor-train LSTM for spatio-temporal learning},
  author={Su, Jiahao and Byeon, Wonmin and Kossaifi, Jean and Huang, Furong and Kautz, Jan and Anandkumar, Anima},
  journal={Advances in Neural Information Processing Systems (NIPS)},
  volume={33},
  pages={13714--13726},
  year={2020}
}


@article{pang2020adaptive333333,
  title={Adaptive preference-aware co-location for improving resource utilization of power constrained datacenters},
  author={Pang, Pu and Chen, Quan and Zeng, Deze and Guo, Minyi},
  journal={IEEE Transactions on Parallel and Distributed Systems},
  volume={32},
  number={2},
  pages={441--456},
  year={2020},
  publisher={IEEE}
}


@article{ali2020res343434,
  title={RES: Real-time video stream analytics using edge enhanced clouds},
  author={Ali, Muhammad and Anjum, Ashiq and Rana, Omer and Zamani, Ali Reza and Balouek-Thomert, Daniel and Parashar, Manish},
  journal={IEEE Transactions on Cloud Computing},
  volume={10},
  number={2},
  pages={792--804},
  year={2020},
  publisher={IEEE}
}



@article{sun2016optimizing353535,
  title={Optimizing resource utilization of a data center},
  author={Sun, Xiang and Ansari, Nirwan and Wang, Ruopeng},
  journal={IEEE Communications Surveys \& Tutorials},
  volume={18},
  number={4},
  pages={2822--2846},
  year={2016},
  publisher={IEEE}
}


@article{miao2020intelligent363636,
  title={Intelligent task prediction and computation offloading based on mobile-edge cloud computing},
  author={Miao, Yiming and Wu, Gaoxiang and Li, Miao and Ghoneim, Ahmed and Al-Rakhami, Mabrook and Hossain, M Shamim},
  journal={Future Generation Computer Systems},
  volume={102},
  pages={925--931},
  year={2020},
  publisher={Elsevier}
}


@article{feng2022heterogeneous373737,
  title={Heterogeneous computation and resource allocation for wireless powered federated edge learning systems},
  author={Feng, Jie and Zhang, Wenjing and Pei, Qingqi and Wu, Jinsong and Lin, Xiaodong},
  journal={IEEE Transactions on Communications},
  volume={70},
  number={5},
  pages={3220--3233},
  year={2022},
  publisher={IEEE}
}


@article{grulich2018collaborative383838,
  title={Collaborative edge and cloud neural networks for real-time video processing},
  author={Grulich, Philipp M and Nawab, Faisal},
  journal={Proceedings of the VLDB Endowment},
  volume={11},
  number={12},
  pages={2046--2049},
  year={2018},
  publisher={VLDB Endowment}
}

@article{kumar2015preference393939,
  title={A preference-based resource allocation in cloud computing systems},
  author={Kumar, Narander and Saxena, Swati},
  journal={Procedia Computer Science},
  volume={57},
  pages={104--111},
  year={2015},
  publisher={Elsevier}
}


@article{li2018learning404040,
  title={Learning IoT in edge: Deep learning for the internet of things with edge computing},
  author={Li, He and Ota, Kaoru and Dong, Mianxiong},
  journal={IEEE Network},
  volume={32},
  number={1},
  pages={96--101},
  year={2018},
  publisher={IEEE}
}


@article{ji2020crowd414141,
  title={Crowd V-IoE: Visual internet of everything architecture in AI-driven fog computing},
  author={Ji, Wen and Liang, Bing and Wang, Yuqin and Qiu, Rui and Yang, Zheming},
  journal={IEEE Wireless Communications},
  volume={27},
  number={2},
  pages={51--57},
  year={2020},
  publisher={IEEE}
}

@article{zhou2019edge424242,
  title={Edge intelligence: Paving the last mile of artificial intelligence with edge computing},
  author={Zhou, Zhi and Chen, Xu and Li, En and Zeng, Liekang and Luo, Ke and Zhang, Junshan},
  journal={Proceedings of the IEEE},
  volume={107},
  number={8},
  pages={1738--1762},
  year={2019},
  publisher={IEEE}
}


@inproceedings{meng2019dedas434343,
  title={Dedas: Online task dispatching and scheduling with bandwidth constraint in edge computing},
  author={Meng, Jiaying and Tan, Haisheng and Xu, Chao and Cao, Wanli and Liu, Liuyan and Li, Bojie},
  booktitle={IEEE Conference on Computer Communications (INFOCOM)},
  pages={2287--2295},
  year={2019} }
}

@article{kherraf2019optimized444444,
  title={Optimized provisioning of edge computing resources with heterogeneous workload in IoT networks},
  author={Kherraf, Nouha and Alameddine, Hyame Assem and Sharafeddine, Sanaa and Assi, Chadi M and Ghrayeb, Ali},
  journal={IEEE Transactions on Network and Service Management},
  volume={16},
  number={2},
  pages={459--474},
  year={2019},
  publisher={IEEE}
}


@inproceedings{li2021appealnet454545,
  title={AppealNet: An efficient and highly-accurate edge/cloud collaborative architecture for DNN inference},
  author={Li, Min and Li, Yu and Tian, Ye and Jiang, Li and Xu, Qiang},
  booktitle={ACM/IEEE Design Automation Conference (DAC)},
  pages={409--414},
  year={2021}
}

@article{yang2022cnnpc464646,
  title={CNNPC: End-edge-cloud collaborative CNN inference with joint model partition and compression},
  author={Yang, Shusen and Zhang, Zhanhua and Zhao, Cong and Song, Xin and Guo, Siyan and Li, Hailiang},
  journal={IEEE Transactions on Parallel and Distributed Systems},
  volume={33},
  number={12},
  pages={4039--4056},
  year={2022},
  publisher={IEEE}
}


@article{li2019edge474747,
  title={Edge AI: On-demand accelerating deep neural network inference via edge computing},
  author={Li, En and Zeng, Liekang and Zhou, Zhi and Chen, Xu},
  journal={IEEE Transactions on Wireless Communications},
  volume={19},
  number={1},
  pages={447--457},
  year={2019},
  publisher={IEEE}
}














