@inproceedings{ahn_as_2022,
  title={Do As I Can, Not As I Say: Grounding Language in Robotic Affordances},
  author={Michael Ahn and Anthony Brohan and Noah Brown and Yevgen Chebotar and Omar Cortes and Byron David and Chelsea Finn and Keerthana Gopalakrishnan and Karol Hausman and Alexander Herzog and Daniel Ho and Jasmine Hsu and Julian Ibarz and Brian Ichter and Alex Irpan and Eric Jang and Rosario M Jauregui Ruano and Kyle Jeffrey and Sally Jesmonth and Nikhil Jayant Joshi and Ryan C. Julian and Dmitry Kalashnikov and Yuheng Kuang and Kuang-Huei Lee and Sergey Levine and Yao Lu and Linda Luu and Carolina Parada and Peter Pastor and Jornell Quiambao and Kanishka Rao and Jarek Rettinghouse and Diego M Reyes and Pierre Sermanet and Nicolas Sievers and Clayton Tan and Alexander Toshev and Vincent Vanhoucke and F. Xia and Ted Xiao and Peng Xu and Sichun Xu and Mengyuan Yan},
  booktitle={Conference on Robot Learning},
  year={2022},
}

@article{baranes_active_2013,
	title = {Active learning of inverse models with intrinsically motivated goal exploration in robots},
	volume = {61},
	issn = {0921-8890},
	doi = {10.1016/j.robot.2012.05.008},
	pages = {49--73},
	number = {1},
	journal = {Robotics and Autonomous Systems},
	shortjournal = {Robotics and Autonomous Systems},
	author = {Baranes, Adrien and Oudeyer, Pierre-Yves},
	urldate = {2025-01-20},
	year = {2013},
	keywords = {Motor development, Active learning, Developmental robotics, Autonomous motor learning, Competence based intrinsic motivation, Curiosity-driven task space exploration, Goal babbling, Inverse models},}

@inproceedings{carta_grounding_2023,
	title = {Grounding Large Language Models in Interactive Environments with Online Reinforcement Learning},
	eventtitle = {International Conference on Machine Learning},
	pages = {3676--3713},
	booktitle = {Proceedings of the 40th International Conference on Machine Learning},
	publisher = {{PMLR}},
	author = {Carta, Thomas and Romac, Clément and Wolf, Thomas and Lamprier, Sylvain and Sigaud, Olivier and Oudeyer, Pierre-Yves},
	urldate = {2023-10-18},
	year = {2023},
	langid = {english},
	note = {{ISSN}: 2640-3498},
}

@inproceedings{castanetSL23,
  author       = {Nicolas Castanet and
                  Olivier Sigaud and
                  Sylvain Lamprier},
  editor       = {Andreas Krause and
                  Emma Brunskill and
                  Kyunghyun Cho and
                  Barbara Engelhardt and
                  Sivan Sabato and
                  Jonathan Scarlett},
  title        = {Stein Variational Goal Generation for adaptive Exploration in Multi-Goal
                  Reinforcement Learning},
  booktitle    = {International Conference on Machine Learning, {ICML} 2023, 23-29 July
                  2023, Honolulu, Hawaii, {USA}},
  series       = {Proceedings of Machine Learning Research},
  volume       = {202},
  pages        = {3714--3731},
  publisher    = {{PMLR}},
  year         = {2023},
  timestamp    = {Mon, 28 Aug 2023 17:23:08 +0200},
  bibsource    = {dblp computer science bibliography, https://dblp.org}
}

@article{colas_autotelic_2022,
	title = {Autotelic agents with intrinsically motivated goal-conditioned reinforcement learning: a short survey},
	volume = {74},
	shorttitle = {Autotelic agents with intrinsically motivated goal-conditioned reinforcement learning},
	pages = {1159--1199},
	journal = {Journal of Artificial Intelligence Research},
	author = {Colas, Cédric and Karch, Tristan and Sigaud, Olivier and Oudeyer, Pierre-Yves},
	urldate = {2025-01-27},
	year = {2022},
}

@inproceedings{colas_curious_2019,
  title={{CURIOUS}: intrinsically motivated modular multi-goal reinforcement learning},
  author={Colas, C{\'e}dric and Fournier, Pierre and Chetouani, Mohamed and Sigaud, Olivier and Oudeyer, Pierre-Yves},
  booktitle={International conference on machine learning},
  pages={1331--1340},
  year={2019},
  organization={PMLR}
}

@inproceedings{florensa_automatic_2018,
  title={Automatic Goal Generation for Reinforcement Learning Agents},
  author={David Held and Xinyang Geng and Carlos Florensa and P. Abbeel},
  booktitle={International Conference on Machine Learning},
  year={2017},
}

@misc{fournier_accuracy-based_2018,
	title = {Accuracy-based Curriculum Learning in Deep Reinforcement Learning},
	doi = {10.48550/arXiv.1806.09614},
	number = {{arXiv}:1806.09614},
	publisher = {{arXiv}},
	author = {Fournier, Pierre and Sigaud, Olivier and Chetouani, Mohamed and Oudeyer, Pierre-Yves},
	urldate = {2025-01-20},
	year = {2018},
	eprinttype = {arxiv},
	eprint = {1806.09614 [cs]},
	keywords = {Computer Science - Artificial Intelligence, Computer Science - Machine Learning, Statistics - Machine Learning},
}

@misc{gaven2024sacglam,
      title={SAC-GLAM: Improving Online RL for LLM agents with Soft Actor-Critic and Hindsight Relabeling}, 
      author={Loris Gaven and Clement Romac and Thomas Carta and Sylvain Lamprier and Olivier Sigaud and Pierre-Yves Oudeyer},
      year={2024},
      eprint={2410.12481},
      archivePrefix={arXiv},
      primaryClass={cs.LG},
}

@inproceedings{hao2023rap,
    title = "Reasoning with Language Model is Planning with World Model",
    author = "Hao, Shibo  and
      Gu, Yi  and
      Ma, Haodi  and
      Hong, Joshua  and
      Wang, Zhen  and
      Wang, Daisy  and
      Hu, Zhiting",
    editor = "Bouamor, Houda  and
      Pino, Juan  and
      Bali, Kalika",
    booktitle = "Proceedings of the 2023 Conference on Empirical Methods in Natural Language Processing",
    year = "2023",
    address = "Singapore",
    publisher = "Association for Computational Linguistics",
    doi = "10.18653/v1/2023.emnlp-main.507",
    pages = "8154--8173",
}

@inproceedings{huang_language_2022,
  title={Language models as zero-shot planners: Extracting actionable knowledge for embodied agents},
  author={Huang, Wenlong and Abbeel, Pieter and Pathak, Deepak and Mordatch, Igor},
  booktitle={International conference on machine learning},
  pages={9118--9147},
  year={2022},
  organization={PMLR}
}

@misc{kanitscheider_multi-task_2021,
	title = {Multi-task curriculum learning in a complex, visual, hard-exploration domain: Minecraft},
	doi = {10.48550/arXiv.2106.14876},
	shorttitle = {Multi-task curriculum learning in a complex, visual, hard-exploration domain},
	number = {{arXiv}:2106.14876},
	publisher = {{arXiv}},
	author = {Kanitscheider, Ingmar and Huizinga, Joost and Farhi, David and Guss, William Hebgen and Houghton, Brandon and Sampedro, Raul and Zhokhov, Peter and Baker, Bowen and Ecoffet, Adrien and Tang, Jie and Klimov, Oleg and Clune, Jeff},
	urldate = {2025-01-20},
	year = {2021},
	eprinttype = {arxiv},
	eprint = {2106.14876 [cs]},
	keywords = {Computer Science - Machine Learning, Statistics - Machine Learning},
}

@article{kovac_grimgep_2023,
  author={Kovač, Grgur and Laversanne-Finot, Adrien and Oudeyer, Pierre-Yves},
  journal={IEEE Transactions on Cognitive and Developmental Systems}, 
  title={GRIMGEP: Learning Progress for Robust Goal Sampling in Visual Deep Reinforcement Learning}, 
  year={2023},
  volume={15},
  number={3},
  pages={1396-1407},
  keywords={Task analysis;Reinforcement learning;Clustering algorithms;Space exploration;Visualization;Training;Robots;Goal exploration;learning progress;reinforcement learning (RL)},
  doi={10.1109/TCDS.2022.3216911}
}

@inproceedings{kumar_practice_2024,
title={Practice Makes Perfect: Planning to Learn Skill Parameter Policies}, 
author={Nishanth Kumar and Tom Silver and Willie McClinton and Linfeng Zhao and Stephen Proulx and Tomás Lozano-Pérez and Leslie Pack Kaelbling and Jennifer Barry},
year={2024},
booktitle={Robotics: Science and Systems (RSS)}
}

@InProceedings{laversanne-finot_curiosity_2018,
  title = 	 {Curiosity Driven Exploration of Learned Disentangled Goal Spaces},
  author =       {Laversanne-Finot, Adrien and Pere, Alexandre and Oudeyer, Pierre-Yves},
  booktitle = 	 {Proceedings of The 2nd Conference on Robot Learning},
  pages = 	 {487--504},
  year = 	 {2018},
  editor = 	 {Billard, Aude and Dragan, Anca and Peters, Jan and Morimoto, Jun},
  volume = 	 {87},
  series = 	 {Proceedings of Machine Learning Research},
  month = 	 {29--31 Oct},
  publisher =    {PMLR},
  pdf = 	 {http://proceedings.mlr.press/v87/laversanne-finot18a/laversanne-finot18a.pdf},
}

@misc{matiisen_teacher-student_2017,
  author={Matiisen, Tambet and Oliver, Avital and Cohen, Taco and Schulman, John},
  journal={IEEE Transactions on Neural Networks and Learning Systems}, 
  title={Teacher–Student Curriculum Learning}, 
  year={2020},
  volume={31},
  number={9},
  pages={3732-3740},
  keywords={Task analysis;Training;Reinforcement learning;Supervised learning;Robots;Navigation;Active learning;curriculum learning;deep reinforcement learning;learning progress},
  doi={10.1109/TNNLS.2019.2934906}}
}

@article{oudeyer_intrinsic_2007,
	title = {Intrinsic Motivation Systems for Autonomous Mental Development},
	volume = {11},
	issn = {1941-0026},
	doi = {10.1109/TEVC.2006.890271},
	pages = {265--286},
	number = {2},
	journal = {{IEEE} Transactions on Evolutionary Computation},
	author = {Oudeyer, Pierre-Yves and Kaplan, Frdric and Hafner, Verena V.},
	urldate = {2025-01-17},
	year = {2007},
	note = {Conference Name: {IEEE} Transactions on Evolutionary Computation},
	keywords = {Computer science, Psychology, reinforcement learning, Cognitive robotics, Humans, Active learning, curiosity, intrinsic motivation, Autonomous mental development, autonomy, behavior, complexity, Computational intelligence, development, developmental trajectory, epigenetic robotics, Intelligent robots, Laboratories, learning, Neuroscience, Pediatrics, values},
}

@inproceedings{pitis_maximum_2020,
	title = {Maximum {Entropy} {Gain} {Exploration} for {Long} {Horizon} {Multi}-goal {Reinforcement} {Learning}},
	language = {en},
	urldate = {2025-01-28},
	booktitle = {Proceedings of the 37th {International} {Conference} on {Machine} {Learning}},
	publisher = {PMLR},
	author = {Pitis, Silviu and Chan, Harris and Zhao, Stephen and Stadie, Bradly and Ba, Jimmy},
	month = nov,
	year = {2020},
	note = {ISSN: 2640-3498},
	pages = {7750--7761},
}

@inproceedings{pong_skew-fit_2020,
  title={Skew-Fit: State-Covering Self-Supervised Reinforcement Learning},
  author={Vitchyr H. Pong and Murtaza Dalal and Steven Lin and Ashvin Nair and Shikhar Bahl and Sergey Levine},
  booktitle={International Conference on Machine Learning},
  year={2019},
}

@inproceedings{portelas_automatic_2020,
  title={Automatic Curriculum Learning For Deep RL: A Short Survey},
  author={R{\'e}my Portelas and C{\'e}dric Colas and Lilian Weng and Katja Hofmann and Pierre-Yves Oudeyer},
  booktitle={International Joint Conference on Artificial Intelligence},
  year={2020},
}

@inproceedings{portelas_teacher_2019,
  title={Teacher algorithms for curriculum learning of deep rl in continuously parameterized environments},
  author={Portelas, R{\'e}my and Colas, C{\'e}dric and Hofmann, Katja and Oudeyer, Pierre-Yves},
  booktitle={Conference on Robot Learning},
  pages={835--853},
  year={2020},
  organization={PMLR}
}

@inproceedings{racaniere_automated_2020,
title={Automated curriculum generation through setter-solver interactions},
author={Sebastien Racaniere and Andrew Lampinen and Adam Santoro and David Reichert and Vlad Firoiu and Timothy Lillicrap},
booktitle={International Conference on Learning Representations},
year={2020},
}

@inproceedings{shinn2023reflexion,
 author = {Shinn, Noah and Cassano, Federico and Gopinath, Ashwin and Narasimhan, Karthik and Yao, Shunyu},
 booktitle = {Advances in Neural Information Processing Systems},
 editor = {A. Oh and T. Naumann and A. Globerson and K. Saenko and M. Hardt and S. Levine},
 pages = {8634--8652},
 publisher = {Curran Associates, Inc.},
 title = {Reflexion: language agents with verbal reinforcement learning},
 volume = {36},
 year = {2023}
}

@inproceedings{stout_competence_2010,
	title = {Competence progress intrinsic motivation},
	doi = {10.1109/DEVLRN.2010.5578835},
	eventtitle = {2010 {IEEE} 9th International Conference on Development and Learning},
	pages = {257--262},
	booktitle = {2010 {IEEE} 9th International Conference on Development and Learning},
	author = {Stout, Andrew and Barto, Andrew G.},
	urldate = {2025-01-22},
	year = {2010},
	note = {{ISSN}: 2161-9476},
	keywords = {Proposals, Learning, Robots, Conferences, Equations, Knowledge based systems, Markov processes},
}

@misc{wang_voyager_2023,
title={Voyager: An Open-Ended Embodied Agent with Large Language Models},
author={Guanzhi Wang and Yuqi Xie and Yunfan Jiang and Ajay Mandlekar and Chaowei Xiao and Yuke Zhu and Linxi Fan and Anima Anandkumar},
journal={Transactions on Machine Learning Research},
issn={2835-8856},
year={2024},
}

@inproceedings{warde-farley_unsupervised_2018,
title={Unsupervised Control Through Non-Parametric Discriminative Rewards},
author={David Warde-Farley and Tom Van de Wiele and Tejas Kulkarni and Catalin Ionescu and Steven Hansen and Volodymyr Mnih},
booktitle={International Conference on Learning Representations},
year={2019},
}

@misc{wen_entropy-regularized_2024,
	title = {Entropy-Regularized Token-Level Policy Optimization for Large Language Models},
	number = {{arXiv}:2402.06700},
	publisher = {{arXiv}},
	author = {Wen, Muning and Deng, Cheng and Wang, Jun and Zhang, Weinan and Wen, Ying},
	urldate = {2024-02-15},
	year = {2024},
	eprinttype = {arxiv},
	eprint = {2402.06700 [cs]},
	keywords = {Computer Science - Artificial Intelligence, Computer Science - Machine Learning},
}

@misc{wen_reinforcing_2024,
title={Reinforcing {LLM} Agents via Policy Optimization with Action Decomposition},
author={Muning Wen and Ziyu Wan and Jun Wang and Weinan Zhang and Ying Wen},
booktitle={The Thirty-eighth Annual Conference on Neural Information Processing Systems},
year={2024},
}

@inproceedings{yao2022react,
 title={ReAct: Synergizing Reasoning and Acting in Language Models},
  author={Yao, Shunyu and Zhao, Jeffrey and Yu, Dian and Du, Nan and Shafran, Izhak and Narasimhan, Karthik and Cao, Yuan},
 booktitle = {International Conference on Learning Representations (ICLR)},
 year = {2022}
}

@inproceedings{zhang_omni_2024,
title={{OMNI}: Open-endedness via Models of human Notions of Interestingness},
author={Jenny Zhang and Joel Lehman and Kenneth Stanley and Jeff Clune},
booktitle={The Twelfth International Conference on Learning Representations},
year={2024},
}

@InProceedings{zhou_archer_2024,
  title = 	 {{A}r{CH}er: Training Language Model Agents via Hierarchical Multi-Turn {RL}},
  author =       {Zhou, Yifei and Zanette, Andrea and Pan, Jiayi and Levine, Sergey and Kumar, Aviral},
  booktitle = 	 {Proceedings of the 41st International Conference on Machine Learning},
  pages = 	 {62178--62209},
  year = 	 {2024},
  editor = 	 {Salakhutdinov, Ruslan and Kolter, Zico and Heller, Katherine and Weller, Adrian and Oliver, Nuria and Scarlett, Jonathan and Berkenkamp, Felix},
  volume = 	 {235},
  series = 	 {Proceedings of Machine Learning Research},
  month = 	 {21--27 Jul},
  publisher =    {PMLR},
  pdf = 	 {https://raw.githubusercontent.com/mlresearch/v235/main/assets/zhou24t/zhou24t.pdf},
}

