@incollection{Bengio+chapter2007,
author = {Bengio, Yoshua and LeCun, Yann},
booktitle = {Large Scale Kernel Machines},
publisher = {MIT Press},
title = {Scaling Learning Algorithms Towards {AI}},
year = {2007}
}

@article{baldassarre2012intrinsically,
  title={Intrinsically motivated learning systems: an overview},
  author={Baldassarre, Gianluca and Mirolli, Marco},
  journal={Intrinsically motivated learning in natural and artificial systems},
  pages={1--14},
  year={2012},
  publisher={Springer}
}

@article{doroudi2019s,
  title={Where’s the reward? a review of reinforcement learning for instructional sequencing},
  author={Doroudi, Shayan and Aleven, Vincent and Brunskill, Emma},
  journal={International Journal of Artificial Intelligence in Education},
  volume={29},
  pages={568--620},
  year={2019},
  publisher={Springer}
}

@article{clement2015multi,
  title={Multi-Armed Bandits for Intelligent Tutoring Systems},
  author={Clement, Benjamin and Roy, Didier and Oudeyer, Pierre-Yves and Lopes, Manuel},
  journal={Journal of Educational Data Mining},
  volume={7},
  number={2},
  year={2015},
  publisher={Citeseer}
}

@inproceedings{castanetSL23,
  author       = {Nicolas Castanet and
                  Olivier Sigaud and
                  Sylvain Lamprier},
  editor       = {Andreas Krause and
                  Emma Brunskill and
                  Kyunghyun Cho and
                  Barbara Engelhardt and
                  Sivan Sabato and
                  Jonathan Scarlett},
  title        = {Stein Variational Goal Generation for adaptive Exploration in Multi-Goal
                  Reinforcement Learning},
  booktitle    = {International Conference on Machine Learning, {ICML} 2023, 23-29 July
                  2023, Honolulu, Hawaii, {USA}},
  series       = {Proceedings of Machine Learning Research},
  volume       = {202},
  pages        = {3714--3731},
  publisher    = {{PMLR}},
  year         = {2023},
  timestamp    = {Mon, 28 Aug 2023 17:23:08 +0200},
  bibsource    = {dblp computer science bibliography, https://dblp.org}
}

@article{Hinton06,
author = {Hinton, Geoffrey E. and Osindero, Simon and Teh, Yee Whye},
journal = {Neural Computation},
pages = {1527--1554},
title = {A Fast Learning Algorithm for Deep Belief Nets},
volume = {18},
year = {2006}
}

@book{goodfellow2016deep,
title={Deep learning},
author={Goodfellow, Ian and Bengio, Yoshua and Courville, Aaron and Bengio, Yoshua},
volume={1},
year={2016},
publisher={MIT Press}
}

@article{colas_vygotskian_2022,
  title={Language and culture internalization for human-like autotelic AI},
  author={C{\'e}dric Colas and Tristan Karch and Cl{\'e}ment Moulin-Frier and Pierre-Yves Oudeyer},
  journal={Nat. Mac. Intell.},
  year={2022},
  volume={4},
  pages={1068-1076},
}

@inproceedings{ahn_as_2022,
  title={Do As I Can, Not As I Say: Grounding Language in Robotic Affordances},
  author={Michael Ahn and Anthony Brohan and Noah Brown and Yevgen Chebotar and Omar Cortes and Byron David and Chelsea Finn and Keerthana Gopalakrishnan and Karol Hausman and Alexander Herzog and Daniel Ho and Jasmine Hsu and Julian Ibarz and Brian Ichter and Alex Irpan and Eric Jang and Rosario M Jauregui Ruano and Kyle Jeffrey and Sally Jesmonth and Nikhil Jayant Joshi and Ryan C. Julian and Dmitry Kalashnikov and Yuheng Kuang and Kuang-Huei Lee and Sergey Levine and Yao Lu and Linda Luu and Carolina Parada and Peter Pastor and Jornell Quiambao and Kanishka Rao and Jarek Rettinghouse and Diego M Reyes and Pierre Sermanet and Nicolas Sievers and Clayton Tan and Alexander Toshev and Vincent Vanhoucke and F. Xia and Ted Xiao and Peng Xu and Sichun Xu and Mengyuan Yan},
  booktitle={Conference on Robot Learning},
  year={2022},
}

@article{colas_language_2020,
	title = {Language as a Cognitive Tool to Imagine Goals in Curiosity-Driven Exploration},
	journal = {{arXiv}:2002.09253 [cs]},
	author = {Colas, Cédric and Karch, Tristan and Lair, Nicolas and Dussoux, Jean-Michel and Moulin-Frier, Clément and Dominey, Peter Ford and Oudeyer, Pierre-Yves},
	urldate = {2022-03-16},
	year = {2020},
	eprinttype = {arxiv},
	eprint = {2002.09253},
	keywords = {Computer Science - Artificial Intelligence, Computer Science - Computation and Language, Computer Science - Machine Learning},
}

@article{openai_asymmetric_2021,
	title = {Asymmetric self-play for automatic goal discovery in robotic manipulation},
	journal = {{arXiv}:2101.04882 [cs]},
	author = {{OpenAI}, {OpenAI} and Plappert, Matthias and Sampedro, Raul and Xu, Tao and Akkaya, Ilge and Kosaraju, Vineet and Welinder, Peter and D'Sa, Ruben and Petron, Arthur and Pinto, Henrique P. d O. and Paino, Alex and Noh, Hyeonwoo and Weng, Lilian and Yuan, Qiming and Chu, Casey and Zaremba, Wojciech},
	urldate = {2021-03-29},
	year = {2021},
	eprinttype = {arxiv},
	eprint = {2101.04882},
	keywords = {Computer Science - Artificial Intelligence, Computer Science - Computer Vision and Pattern Recognition, Computer Science - Machine Learning, Computer Science - Robotics},
}

@article{dennis_emergent_2020,
	title = {Emergent Complexity and Zero-shot Transfer via Unsupervised Environment Design},
	volume = {33},
	journal = {Advances in Neural Information Processing Systems},
	author = {Dennis, Michael and Jaques, Natasha and Vinitsky, Eugene and Bayen, Alexandre and Russell, Stuart and Critch, Andrew and Levine, Sergey},
	urldate = {2020-11-30},
	year = {2020},
	langid = {english},
}

@inproceedings{jiang_prioritized_2020,
  title={Prioritized Level Replay},
  author={Minqi Jiang and Edward Grefenstette and Tim Rockt{\"a}schel},
  booktitle={International Conference on Machine Learning},
  year={2020},
}

@inproceedings{florensa_automatic_2018,
  title={Automatic Goal Generation for Reinforcement Learning Agents},
  author={David Held and Xinyang Geng and Carlos Florensa and P. Abbeel},
  booktitle={International Conference on Machine Learning},
  year={2017},
}

@inproceedings{huang_language_2022,
  title={Language models as zero-shot planners: Extracting actionable knowledge for embodied agents},
  author={Huang, Wenlong and Abbeel, Pieter and Pathak, Deepak and Mordatch, Igor},
  booktitle={International conference on machine learning},
  pages={9118--9147},
  year={2022},
  organization={PMLR}
}
@inproceedings{romac_teachmyagent_2021,
	title = {{TeachMyAgent}: a Benchmark for Automatic Curriculum Learning in Deep {RL}},
	shorttitle = {{TeachMyAgent}},
	abstract = {Training autonomous agents able to generalize to multiple tasks is a key target of Deep Reinforcement Learning ({DRL}) research. In parallel to improving {DRL} algorithms themselves, Automatic Curricul...},
	eventtitle = {International Conference on Machine Learning},
	pages = {9052--9063},
	booktitle = {International Conference on Machine Learning},
	publisher = {{PMLR}},
	author = {Romac, Clément and Portelas, Rémy and Hofmann, Katja and Oudeyer, Pierre-Yves},
	urldate = {2021-07-15},
	year = {2021},
	langid = {english},
	note = {{ISSN}: 2640-3498},
}

@article{klink_self-paced_2020,
  title={Self-paced deep reinforcement learning},
  author={Klink, Pascal and D'Eramo, Carlo and Peters, Jan R and Pajarinen, Joni},
  journal={Advances in Neural Information Processing Systems},
  volume={33},
  pages={9216--9227},
  year={2020}
}

@article{openai_solving_2019,
	title = {Solving Rubik's Cube with a Robot Hand},
	journal = {{arXiv}:1910.07113 [cs, stat]},
	author = {{OpenAI} and Akkaya, Ilge and Andrychowicz, Marcin and Chociej, Maciek and Litwin, Mateusz and {McGrew}, Bob and Petron, Arthur and Paino, Alex and Plappert, Matthias and Powell, Glenn and Ribas, Raphael and Schneider, Jonas and Tezak, Nikolas and Tworek, Jerry and Welinder, Peter and Weng, Lilian and Yuan, Qiming and Zaremba, Wojciech and Zhang, Lei},
	urldate = {2020-03-01},
	year = {2019},
	eprinttype = {arxiv},
	eprint = {1910.07113},
	keywords = {Computer Science - Artificial Intelligence, Computer Science - Computer Vision and Pattern Recognition, Computer Science - Machine Learning, Computer Science - Robotics, Statistics - Machine Learning},
}

@inproceedings{carta_grounding_2023,
	title = {Grounding Large Language Models in Interactive Environments with Online Reinforcement Learning},
	eventtitle = {International Conference on Machine Learning},
	pages = {3676--3713},
	booktitle = {Proceedings of the 40th International Conference on Machine Learning},
	publisher = {{PMLR}},
	author = {Carta, Thomas and Romac, Clément and Wolf, Thomas and Lamprier, Sylvain and Sigaud, Olivier and Oudeyer, Pierre-Yves},
	urldate = {2023-10-18},
	year = {2023},
	langid = {english},
	note = {{ISSN}: 2640-3498},
}

@misc{wen_entropy-regularized_2024,
	title = {Entropy-Regularized Token-Level Policy Optimization for Large Language Models},
	number = {{arXiv}:2402.06700},
	publisher = {{arXiv}},
	author = {Wen, Muning and Deng, Cheng and Wang, Jun and Zhang, Weinan and Wen, Ying},
	urldate = {2024-02-15},
	year = {2024},
	eprinttype = {arxiv},
	eprint = {2402.06700 [cs]},
	keywords = {Computer Science - Artificial Intelligence, Computer Science - Machine Learning},
}

@InProceedings{zhou_archer_2024,
  title = 	 {{A}r{CH}er: Training Language Model Agents via Hierarchical Multi-Turn {RL}},
  author =       {Zhou, Yifei and Zanette, Andrea and Pan, Jiayi and Levine, Sergey and Kumar, Aviral},
  booktitle = 	 {Proceedings of the 41st International Conference on Machine Learning},
  pages = 	 {62178--62209},
  year = 	 {2024},
  editor = 	 {Salakhutdinov, Ruslan and Kolter, Zico and Heller, Katherine and Weller, Adrian and Oliver, Nuria and Scarlett, Jonathan and Berkenkamp, Felix},
  volume = 	 {235},
  series = 	 {Proceedings of Machine Learning Research},
  month = 	 {21--27 Jul},
  publisher =    {PMLR},
  pdf = 	 {https://raw.githubusercontent.com/mlresearch/v235/main/assets/zhou24t/zhou24t.pdf},
}


@misc{wang_voyager_2023,
title={Voyager: An Open-Ended Embodied Agent with Large Language Models},
author={Guanzhi Wang and Yuqi Xie and Yunfan Jiang and Ajay Mandlekar and Chaowei Xiao and Yuke Zhu and Linxi Fan and Anima Anandkumar},
journal={Transactions on Machine Learning Research},
issn={2835-8856},
year={2024},
}

@misc{wang_jarvis-1_2023,
  title={Jarvis-1: Open-world multi-task agents with memory-augmented multimodal language models},
  author={Wang, Zihao and Cai, Shaofei and Liu, Anji and Jin, Yonggang and Hou, Jinbing and Zhang, Bowei and Lin, Haowei and He, Zhaofeng and Zheng, Zilong and Yang, Yaodong and others},
  journal={IEEE Transactions on Pattern Analysis and Machine Intelligence},
  year={2024},
  publisher={IEEE}
}

@misc{zhai_fine-tuning_2024,
title={Fine-Tuning Large Vision-Language Models as Decision-Making Agents via Reinforcement Learning},
author={Yuexiang Zhai and Hao Bai and Zipeng Lin and Jiayi Pan and Shengbang Tong and Yifei Zhou and Alane Suhr and Saining Xie and Yann LeCun and Yi Ma and Sergey Levine},
booktitle={The Thirty-eighth Annual Conference on Neural Information Processing Systems},
year={2024},
}

@misc{wen_reinforcing_2024,
title={Reinforcing {LLM} Agents via Policy Optimization with Action Decomposition},
author={Muning Wen and Ziyu Wan and Jun Wang and Weinan Zhang and Ying Wen},
booktitle={The Thirty-eighth Annual Conference on Neural Information Processing Systems},
year={2024},
}


@misc{abdulhai_lmrl_2023,
	title = {{LMRL} Gym: Benchmarks for Multi-Turn Reinforcement Learning with Language Models},
	shorttitle = {{LMRL} Gym},
	number = {{arXiv}:2311.18232},
	publisher = {{arXiv}},
	author = {Abdulhai, Marwa and White, Isadora and Snell, Charlie and Sun, Charles and Hong, Joey and Zhai, Yuexiang and Xu, Kelvin and Levine, Sergey},
	urldate = {2023-12-12},
	year = {2023},
	eprinttype = {arxiv},
	eprint = {2311.18232 [cs]},
	keywords = {Computer Science - Artificial Intelligence, Computer Science - Computation and Language, Computer Science - Machine Learning},
}


@misc{jiang_learning_2023,
	title = {Learning Curricula in Open-Ended Worlds},
	number = {{arXiv}:2312.03126},
	publisher = {{arXiv}},
	author = {Jiang, Minqi},
	urldate = {2024-09-22},
	year = {2023},
	langid = {english},
	eprinttype = {arxiv},
	eprint = {2312.03126 [cs]},
	keywords = {Computer Science - Artificial Intelligence, Computer Science - Machine Learning},
}

@inproceedings{samvelyan_maestro_2022,
title={{MAESTRO}: Open-Ended Environment Design for Multi-Agent Reinforcement Learning},
author={Mikayel Samvelyan and Akbir Khan and Michael D Dennis and Minqi Jiang and Jack Parker-Holder and Jakob Nicolaus Foerster and Roberta Raileanu and Tim Rockt{\"a}schel},
booktitle={The Eleventh International Conference on Learning Representations },
year={2023},
}

@misc{parker-holder_evolving_2023,
  title={Evolving curricula with regret-based environment design},
  author={Parker-Holder, Jack and Jiang, Minqi and Dennis, Michael and Samvelyan, Mikayel and Foerster, Jakob and Grefenstette, Edward and Rockt{\"a}schel, Tim},
  booktitle={International Conference on Machine Learning},
  pages={17473--17498},
  year={2022},
  organization={PMLR}
}


@inproceedings{pathak_curiosity-driven_2017,
	title = {Curiosity-driven Exploration by Self-supervised Prediction},
	eventtitle = {International Conference on Machine Learning},
	pages = {2778--2787},
	booktitle = {Proceedings of the 34th International Conference on Machine Learning},
	publisher = {{PMLR}},
	author = {Pathak, Deepak and Agrawal, Pulkit and Efros, Alexei A. and Darrell, Trevor},
	urldate = {2024-10-18},
	year = {2017},
	langid = {english},
	note = {{ISSN}: 2640-3498},
}


@article{silver_mastering_2017,
	title = {Mastering the game of Go without human knowledge},
	volume = {550},
	rights = {2017 Macmillan Publishers Limited, part of Springer Nature. All rights reserved.},
	issn = {1476-4687},
	doi = {10.1038/nature24270},
	pages = {354--359},
	number = {7676},
	journal = {Nature},
	author = {Silver, David and Schrittwieser, Julian and Simonyan, Karen and Antonoglou, Ioannis and Huang, Aja and Guez, Arthur and Hubert, Thomas and Baker, Lucas and Lai, Matthew and Bolton, Adrian and Chen, Yutian and Lillicrap, Timothy and Hui, Fan and Sifre, Laurent and van den Driessche, George and Graepel, Thore and Hassabis, Demis},
	urldate = {2024-09-22},
	year = {2017},
	langid = {english},
	note = {Publisher: Nature Publishing Group},
	keywords = {Computational science, Computer science, Reward},
}

@article{murayama_process_2019,
	title = {Process Account of Curiosity and Interest: A Reward-Learning Perspective},
	volume = {31},
	issn = {1573-336X},
	doi = {10.1007/s10648-019-09499-9},
	shorttitle = {Process Account of Curiosity and Interest},
	pages = {875--895},
	number = {4},
	journal = {Educational Psychology Review},
	shortjournal = {Educ Psychol Rev},
	author = {Murayama, Kou and {FitzGibbon}, Lily and Sakaki, Michiko},
	urldate = {2024-09-22},
	year = {2019},
	langid = {english},
	keywords = {Artificial Intelligence, Folk psychology, Incentive learning, Information seeking, Intrinsic motivation, Intrinsic rewards, Reinforcement learning},
}

@inproceedings{jiang2020wordcraft,
title={WordCraft: An Environment for Benchmarking Commonsense Agents},
author={Minqi Jiang and Jelena Luketina and Nantas Nardelli and Pasquale Minervini and Philip Torr and Shimon Whiteson and Tim Rockt{\"a}schel},
booktitle={Language in Reinforcement Learning Workshop at ICML 2020},
year={2020},
}

@inproceedings{johnson2016malmo,
  title={The Malmo Platform for Artificial Intelligence Experimentation.},
  author={Johnson, Matthew and Hofmann, Katja and Hutton, Tim and Bignell, David},
  booktitle={Ijcai},
  volume={16},
  pages={4246--4247},
  year={2016}
}

@inproceedings{hafner2021benchmarking,
title={Benchmarking the Spectrum of Agent Capabilities},
author={Danijar Hafner},
booktitle={International Conference on Learning Representations},
year={2022},
}

@inproceedings{wei2022cot,
 author = {Wei, Jason and Wang, Xuezhi and Schuurmans, Dale and Bosma, Maarten and ichter, brian and Xia, Fei and Chi, Ed and Le, Quoc V and Zhou, Denny},
 booktitle = {Advances in Neural Information Processing Systems},
 editor = {S. Koyejo and S. Mohamed and A. Agarwal and D. Belgrave and K. Cho and A. Oh},
 pages = {24824--24837},
 publisher = {Curran Associates, Inc.},
 title = {Chain-of-Thought Prompting Elicits Reasoning in Large Language Models},
 volume = {35},
 year = {2022}
}

@inproceedings{yao2022react,
 title={ReAct: Synergizing Reasoning and Acting in Language Models},
  author={Yao, Shunyu and Zhao, Jeffrey and Yu, Dian and Du, Nan and Shafran, Izhak and Narasimhan, Karthik and Cao, Yuan},
 booktitle = {International Conference on Learning Representations (ICLR)},
 year = {2022}
}

@inproceedings{hao2023rap,
    title = "Reasoning with Language Model is Planning with World Model",
    author = "Hao, Shibo  and
      Gu, Yi  and
      Ma, Haodi  and
      Hong, Joshua  and
      Wang, Zhen  and
      Wang, Daisy  and
      Hu, Zhiting",
    editor = "Bouamor, Houda  and
      Pino, Juan  and
      Bali, Kalika",
    booktitle = "Proceedings of the 2023 Conference on Empirical Methods in Natural Language Processing",
    year = "2023",
    address = "Singapore",
    publisher = "Association for Computational Linguistics",
    doi = "10.18653/v1/2023.emnlp-main.507",
    pages = "8154--8173",
}

@inproceedings{shinn2023reflexion,
 author = {Shinn, Noah and Cassano, Federico and Gopinath, Ashwin and Narasimhan, Karthik and Yao, Shunyu},
 booktitle = {Advances in Neural Information Processing Systems},
 editor = {A. Oh and T. Naumann and A. Globerson and K. Saenko and M. Hardt and S. Levine},
 pages = {8634--8652},
 publisher = {Curran Associates, Inc.},
 title = {Reflexion: language agents with verbal reinforcement learning},
 volume = {36},
 year = {2023}
}

@inproceedings{yao2023retroformer,
title={Retroformer: Retrospective Large Language Agents with Policy Gradient Optimization},
author={Weiran Yao and Shelby Heinecke and Juan Carlos Niebles and Zhiwei Liu and Yihao Feng and Le Xue and Rithesh R N and Zeyuan Chen and Jianguo Zhang and Devansh Arpit and Ran Xu and Phil L Mui and Huan Wang and Caiming Xiong and Silvio Savarese},
booktitle={The Twelfth International Conference on Learning Representations},
year={2024},
}


@article{schmidhuber_powerplay_2013,
	title = {{PowerPlay}: Training an Increasingly General Problem Solver by Continually Searching for the Simplest Still Unsolvable Problem},
	volume = {4},
	issn = {1664-1078},
	doi = {10.3389/fpsyg.2013.00313},
	shorttitle = {{PowerPlay}},
	journal = {Frontiers in Psychology},
	shortjournal = {Front. Psychol.},
	author = {Schmidhuber, Jürgen},
	urldate = {2024-09-25},
	year = {2013},
	note = {Publisher: Frontiers},
	keywords = {creativity, curiosity, general problem solver, intrinsic motivation, problem discovery, skill learning, task invention},
}

@article{Sigaud2023ADO,
  title={A Definition of Open-Ended Learning Problems for Goal-Conditioned Agents},
  author={Olivier Sigaud and Gianluca Baldassarre and C{\'e}dric Colas and St{\'e}phane Doncieux and Richard J. Duro and Nicolas Perrin-Gilbert and Vieri Giuliano Santucci},
  journal={ArXiv},
  year={2023},
  volume={abs/2311.00344},
}

@inproceedings{Hu2021LoRALA,
title={Lo{RA}: Low-Rank Adaptation of Large Language Models},
author={Edward J Hu and yelong shen and Phillip Wallis and Zeyuan Allen-Zhu and Yuanzhi Li and Shean Wang and Lu Wang and Weizhu Chen},
booktitle={International Conference on Learning Representations},
year={2022},
}

@inproceedings{Dettmers2023QLoRAEF,
title={{QL}o{RA}: Efficient Finetuning of Quantized {LLM}s},
author={Tim Dettmers and Artidoro Pagnoni and Ari Holtzman and Luke Zettlemoyer},
booktitle={Thirty-seventh Conference on Neural Information Processing Systems},
year={2023},
}

@article{ryu2024curricullm,
  title={CurricuLLM: Automatic Task Curricula Design for Learning Complex Robot Skills using Large Language Models},
  author={Ryu, Kanghyun and Liao, Qiayuan and Li, Zhongyu and Sreenath, Koushil and Mehr, Negar},
  journal={arXiv preprint arXiv:2409.18382},
  year={2024}
}

@misc{gaven2024sacglam,
      title={SAC-GLAM: Improving Online RL for LLM agents with Soft Actor-Critic and Hindsight Relabeling}, 
      author={Loris Gaven and Clement Romac and Thomas Carta and Sylvain Lamprier and Olivier Sigaud and Pierre-Yves Oudeyer},
      year={2024},
      eprint={2410.12481},
      archivePrefix={arXiv},
      primaryClass={cs.LG},
}

@misc{matthews2024kinetixinvestigatingtraininggeneral,
      title={Kinetix: Investigating the Training of General Agents through Open-Ended Physics-Based Control Tasks}, 
      author={Michael Matthews and Michael Beukman and Chris Lu and Jakob Foerster},
      year={2024},
      eprint={2410.23208},
      archivePrefix={arXiv},
      primaryClass={cs.LG},
}

***** LP works *****

@inproceedings{lopes_strategic_2012,
	title = {The strategic student approach for life-long exploration and learning},
	doi = {10.1109/DevLrn.2012.6400807},
	eventtitle = {2012 {IEEE} International Conference on Development and Learning and Epigenetic Robotics ({ICDL})},
	pages = {1--8},
	booktitle = {2012 {IEEE} International Conference on Development and Learning and Epigenetic Robotics ({ICDL})},
	author = {Lopes, Manuel and Oudeyer, Pierre-Yves},
	urldate = {2025-01-17},
	year = {2012},
	note = {{ISSN}: 2161-9476},
	keywords = {Machine learning, Estimation, Greedy algorithms, Learning systems, Optimization, Resource management, Time measurement},
}

@inproceedings{portelas_teacher_2019,
  title={Teacher algorithms for curriculum learning of deep rl in continuously parameterized environments},
  author={Portelas, R{\'e}my and Colas, C{\'e}dric and Hofmann, Katja and Oudeyer, Pierre-Yves},
  booktitle={Conference on Robot Learning},
  pages={835--853},
  year={2020},
  organization={PMLR}
}

@article{baranes_r-iac_2009,
	title = {R-{IAC}: Robust Intrinsically Motivated Exploration and Active Learning},
	volume = {1},
	issn = {1943-0612},
	doi = {10.1109/TAMD.2009.2037513},
	shorttitle = {R-{IAC}},
	pages = {155--169},
	number = {3},
	journal = {{IEEE} Transactions on Autonomous Mental Development},
	author = {Baranes, Adrien and Oudeyer, Pierre-Yves},
	urldate = {2025-01-17},
	year = {2009},
	note = {Conference Name: {IEEE} Transactions on Autonomous Mental Development},
	keywords = {Psychology, Machine learning, Humans, Robot sensing systems, Active learning, developmental robotics, exploration, intrinsic motivation, artificial curiosity, Intelligent sensors, Open source software, Orbital robotics, Robot kinematics, Robustness, sensorimotor learning, Software tools},
}

@article{oudeyer_intrinsic_2007,
	title = {Intrinsic Motivation Systems for Autonomous Mental Development},
	volume = {11},
	issn = {1941-0026},
	doi = {10.1109/TEVC.2006.890271},
	pages = {265--286},
	number = {2},
	journal = {{IEEE} Transactions on Evolutionary Computation},
	author = {Oudeyer, Pierre-Yves and Kaplan, Frdric and Hafner, Verena V.},
	urldate = {2025-01-17},
	year = {2007},
	note = {Conference Name: {IEEE} Transactions on Evolutionary Computation},
	keywords = {Computer science, Psychology, reinforcement learning, Cognitive robotics, Humans, Active learning, curiosity, intrinsic motivation, Autonomous mental development, autonomy, behavior, complexity, Computational intelligence, development, developmental trajectory, epigenetic robotics, Intelligent robots, Laboratories, learning, Neuroscience, Pediatrics, values},
}

@inproceedings{hester_intrinsically_2012,
	title = {Intrinsically motivated model learning for a developing curious agent},
	doi = {10.1109/DevLrn.2012.6400802},
	eventtitle = {2012 {IEEE} International Conference on Development and Learning and Epigenetic Robotics ({ICDL})},
	pages = {1--6},
	booktitle = {2012 {IEEE} International Conference on Development and Learning and Epigenetic Robotics ({ICDL})},
	author = {Hester, Todd and Stone, Peter},
	urldate = {2025-01-17},
	year = {2012},
	note = {{ISSN}: 2161-9476},
	keywords = {Predictive models, Accuracy, Heuristic algorithms, Mathematical model, Prediction algorithms, Presses, Vegetation},
}

@incollection{kaplan_intrinsically_2007,
	location = {Berlin, Heidelberg},
	title = {Intrinsically Motivated Machines},
	isbn = {978-3-540-77296-5},
	pages = {303--314},
	booktitle = {50 Years of Artificial Intelligence: Essays Dedicated to the 50th Anniversary of Artificial Intelligence},
	publisher = {Springer},
	author = {Kaplan, Frédéric and Oudeyer, Pierre-Yves},
	editor = {Lungarella, Max and Iida, Fumiya and Bongard, Josh and Pfeifer, Rolf},
	urldate = {2025-01-17},
	year = {2007},
	langid = {english},
	doi = {10.1007/978-3-540-77296-5_27},
}

@article{baranes_active_2013,
	title = {Active learning of inverse models with intrinsically motivated goal exploration in robots},
	volume = {61},
	issn = {0921-8890},
	doi = {10.1016/j.robot.2012.05.008},
	pages = {49--73},
	number = {1},
	journal = {Robotics and Autonomous Systems},
	shortjournal = {Robotics and Autonomous Systems},
	author = {Baranes, Adrien and Oudeyer, Pierre-Yves},
	urldate = {2025-01-20},
	year = {2013},
	keywords = {Motor development, Active learning, Developmental robotics, Autonomous motor learning, Competence based intrinsic motivation, Curiosity-driven task space exploration, Goal babbling, Inverse models},}

@inproceedings{lopes_exploration_2012,
	title = {Exploration in Model-based Reinforcement Learning by Empirically Estimating Learning Progress},
	volume = {25},
	booktitle = {Advances in Neural Information Processing Systems},
	publisher = {Curran Associates, Inc.},
	author = {Lopes, Manuel and Lang, Tobias and Toussaint, Marc and Oudeyer, Pierre-yves},
	urldate = {2025-01-20},
	year = {2012},
}

@inproceedings{forestier_modular_2016,
	location = {Daejeon, South Korea},
	title = {Modular Active Curiosity-Driven Discovery of Tool Use},
	series = {Proceedings of the 2016 {IEEE}/{RSJ} International Conference on Intelligent Robots and Systems},
	booktitle = {Proceedings of the 2016 {IEEE}/{RSJ} International Conference on Intelligent Robots and Systems},
	author = {Forestier, Sébastien and Oudeyer, Pierre-Yves},
	urldate = {2025-01-20},
	year = {2016},
}

@article{moulin-frier_self-organization_2014,
	title = {Self-organization of early vocal development in infants and machines: the role of intrinsic motivation},
	volume = {4},
	issn = {1664-1078},
	doi = {10.3389/fpsyg.2013.01006},
	shorttitle = {Self-organization of early vocal development in infants and machines},
	journal = {Frontiers in Psychology},
	shortjournal = {Front. Psychol.},
	author = {Moulin-Frier, Clément and Nguyen, Sao Mai and Oudeyer, Pierre-Yves},
	urldate = {2025-01-20},
	year = {2014},
	note = {Publisher: Frontiers},
	keywords = {intrinsic motivation, curiosity-driven learning, goal babbling, Imitation, Interactive Learning, self-organization, Vocal Development},
}

@inproceedings{moulin-frier_exploration_2013,
	title = {Exploration strategies in developmental robotics: A unified probabilistic framework},
	doi = {10.1109/DevLrn.2013.6652535},
	shorttitle = {Exploration strategies in developmental robotics},
	eventtitle = {2013 {IEEE} Third Joint International Conference on Development and Learning and Epigenetic Robotics ({ICDL})},
	pages = {1--6},
	booktitle = {2013 {IEEE} Third Joint International Conference on Development and Learning and Epigenetic Robotics ({ICDL})},
	author = {Moulin-Frier, Clément and Oudeyer, Pierre-Yves},
	urldate = {2025-01-20},
	year = {2013},
	note = {{ISSN}: 2161-9476},
	keywords = {Robot sensing systems, Computational modeling, Time measurement, Aerospace electronics, End effectors, Probabilistic logic},
}

@article{nguyen_active_2012,
  title={Active choice of teachers, learning strategies and goals for a socially guided intrinsic motivation learner},
  author={Nguyen, Sao Mai and Oudeyer, Pierre-Yves},
  journal={Paladyn},
  volume={3},
  number={3},
  pages={136--146},
  year={2012},
  publisher={Springer}
}

@misc{matiisen_teacher-student_2017,
  author={Matiisen, Tambet and Oliver, Avital and Cohen, Taco and Schulman, John},
  journal={IEEE Transactions on Neural Networks and Learning Systems}, 
  title={Teacher–Student Curriculum Learning}, 
  year={2020},
  volume={31},
  number={9},
  pages={3732-3740},
  keywords={Task analysis;Training;Reinforcement learning;Supervised learning;Robots;Navigation;Active learning;curriculum learning;deep reinforcement learning;learning progress},
  doi={10.1109/TNNLS.2019.2934906}}
}

@misc{fournier_accuracy-based_2018,
	title = {Accuracy-based Curriculum Learning in Deep Reinforcement Learning},
	doi = {10.48550/arXiv.1806.09614},
	number = {{arXiv}:1806.09614},
	publisher = {{arXiv}},
	author = {Fournier, Pierre and Sigaud, Olivier and Chetouani, Mohamed and Oudeyer, Pierre-Yves},
	urldate = {2025-01-20},
	year = {2018},
	eprinttype = {arxiv},
	eprint = {1806.09614 [cs]},
	keywords = {Computer Science - Artificial Intelligence, Computer Science - Machine Learning, Statistics - Machine Learning},
}

@inproceedings{graves_automated_2017,
	title = {Automated Curriculum Learning for Neural Networks},
	eventtitle = {International Conference on Machine Learning},
	pages = {1311--1320},
	booktitle = {Proceedings of the 34th International Conference on Machine Learning},
	publisher = {{PMLR}},
	author = {Graves, Alex and Bellemare, Marc G. and Menick, Jacob and Munos, Rémi and Kavukcuoglu, Koray},
	urldate = {2025-01-20},
	year = {2017},
	langid = {english},
	note = {{ISSN}: 2640-3498},
}

@misc{kanitscheider_multi-task_2021,
	title = {Multi-task curriculum learning in a complex, visual, hard-exploration domain: Minecraft},
	doi = {10.48550/arXiv.2106.14876},
	shorttitle = {Multi-task curriculum learning in a complex, visual, hard-exploration domain},
	number = {{arXiv}:2106.14876},
	publisher = {{arXiv}},
	author = {Kanitscheider, Ingmar and Huizinga, Joost and Farhi, David and Guss, William Hebgen and Houghton, Brandon and Sampedro, Raul and Zhokhov, Peter and Baker, Bowen and Ecoffet, Adrien and Tang, Jie and Klimov, Oleg and Clune, Jeff},
	urldate = {2025-01-20},
	year = {2021},
	eprinttype = {arxiv},
	eprint = {2106.14876 [cs]},
	keywords = {Computer Science - Machine Learning, Statistics - Machine Learning},
}

@inproceedings{zhang_omni_2024,
title={{OMNI}: Open-endedness via Models of human Notions of Interestingness},
author={Jenny Zhang and Joel Lehman and Kenneth Stanley and Jeff Clune},
booktitle={The Twelfth International Conference on Learning Representations},
year={2024},
}

@inproceedings{khamassi_active_2017,
	title = {Active Exploration and Parameterized Reinforcement Learning Applied to a Simulated Human-Robot Interaction Task},
	doi = {10.1109/IRC.2017.33},
	eventtitle = {2017 First {IEEE} International Conference on Robotic Computing ({IRC})},
	pages = {28--35},
	booktitle = {2017 First {IEEE} International Conference on Robotic Computing ({IRC})},
	author = {Khamassi, Mehdi and Velentzas, George and Tsitsimis, Theodore and Tzafestas, Costas},
	urldate = {2025-01-20},
	year = {2017},
	keywords = {reinforcement learning, Robots, active exploration, Electronic mail, Gaussian distribution, human-robot interaction, Human-robot interaction, Learning (artificial intelligence), meta-learning, multi-arm bandit, Uncertainty, Upper bound},
}

@article{schweighofer_meta-learning_2003,
	title = {Meta-learning in Reinforcement Learning},
	volume = {16},
	issn = {0893-6080},
	doi = {10.1016/S0893-6080(02)00228-9},
	pages = {5--9},
	number = {1},
	journal = {Neural Networks},
	shortjournal = {Neural Networks},
	author = {Schweighofer, Nicolas and Doya, Kenji},
	urldate = {2025-01-20},
	year = {2003},
	keywords = {Reinforcement learning, Dopamine, Dynamic environment, Meta-learning, Meta-parameters, Neuromodulation, {TD} error},
}

@inproceedings{kumar_practice_2024,
title={Practice Makes Perfect: Planning to Learn Skill Parameter Policies}, 
author={Nishanth Kumar and Tom Silver and Willie McClinton and Linfeng Zhao and Stephen Proulx and Tomás Lozano-Pérez and Leslie Pack Kaelbling and Jennifer Barry},
year={2024},
booktitle={Robotics: Science and Systems (RSS)}
}

@article{chartouny_why_2025,
	title = {Why learning progress needs absolute values: Comment on Poli et al. (2024)},
	volume = {61},
	issn = {0953-816X},
	doi = {10.1111/ejn.16635},
	shorttitle = {Why learning progress needs absolute values},
	pages = {e16635},
	number = {1},
	journal = {The European Journal of Neuroscience},
	shortjournal = {Eur J Neurosci},
	author = {Chartouny, Augustin and Girard, Benoît and Khamassi, Mehdi},
	urldate = {2025-01-21},
	year = {2025},
	pmid = {39638776},
	pmcid = {PMC11664492},
}

@inproceedings{pathak_self-supervised_2019,
	title = {Self-Supervised Exploration via Disagreement},
	eventtitle = {International Conference on Machine Learning},
	pages = {5062--5071},
	booktitle = {Proceedings of the 36th International Conference on Machine Learning},
	publisher = {{PMLR}},
	author = {Pathak, Deepak and Gandhi, Dhiraj and Gupta, Abhinav},
	urldate = {2025-01-21},
	year = {2019},
	langid = {english},
	note = {{ISSN}: 2640-3498},
}

@misc{achiam_surprise-based_2017,
	title = {Surprise-Based Intrinsic Motivation for Deep Reinforcement Learning},
	doi = {10.48550/arXiv.1703.01732},
	number = {{arXiv}:1703.01732},
	publisher = {{arXiv}},
	author = {Achiam, Joshua and Sastry, Shankar},
	urldate = {2025-01-21},
	year = {2017},
	eprinttype = {arxiv},
	eprint = {1703.01732 [cs]},
	keywords = {Computer Science - Machine Learning},
}

@article{kidd2015psychology,
  title={The psychology and neuroscience of curiosity},
  author={Kidd, Celeste and Hayden, Benjamin Y},
  journal={Neuron},
  volume={88},
  number={3},
  pages={449--460},
  year={2015},
  publisher={Elsevier}
}

@article{sayali2023learning,
  title={Learning progress mediates the link between cognitive effort and task engagement},
  author={Sayal{\i}, Ceyda and Heling, Emma and Cools, Roshan},
  journal={Cognition},
  volume={236},
  pages={105418},
  year={2023},
  publisher={Elsevier}
}


@article{leonard2023young,
  title={Young children calibrate effort based on the trajectory of their performance.},
  author={Leonard, Julia A and Cordrey, Skyler R and Liu, Hunter Z and Mackey, Allyson P},
  journal={Developmental Psychology},
  volume={59},
  number={3},
  pages={609},
  year={2023},
  publisher={American Psychological Association}
}


@article{poli2024exploration,
  title={Exploration in 4-year-old children is guided by learning progress and novelty},
  author={Poli, Francesco and Meyer, Marlene and Mars, Rogier B and Hunnius, Sabine},
  journal={Child Development},
  year={2024},
  publisher={Wiley Online Library}
}


@article{poli2024curiosity,
  title={Curiosity and the dynamics of optimal exploration},
  author={Poli, Francesco and O’Reilly, Jill X and Mars, Rogier B and Hunnius, Sabine},
  journal={Trends in Cognitive Sciences},
  volume={28},
  number={5},
  pages={441--453},
  year={2024},
  publisher={Elsevier}
}

@article{kaplan2007progress,
  title={The progress-drive hypothesis: an interpretation of early imitation},
  author={Kaplan, Fr{\'e}d{\'e}ric and Oudeyer, Pierre-Yves},
  journal={Models and mechanisms of imitation and social learning: Behavioural, social and communication dimensions},
  pages={361--377},
  year={2007},
  publisher={Cambridge University Press, to appear}
}


@article{berlyne1954theory,
  title={A theory of human curiosity},
  author={Berlyne, Daniel Ellis},
  journal={British Journal of Psychology},
  year={1954},
}

@article{colas2022language,
  title={Language and culture internalization for human-like autotelic AI},
  author={Colas, C{\'e}dric and Karch, Tristan and Moulin-Frier, Cl{\'e}ment and Oudeyer, Pierre-Yves},
  journal={Nature Machine Intelligence},
  volume={4},
  number={12},
  pages={1068--1076},
  year={2022},
  publisher={Nature Publishing Group UK London}
}

@article{gottlieb2018towards,
  title={Towards a neuroscience of active sampling and curiosity},
  author={Gottlieb, Jacqueline and Oudeyer, Pierre-Yves},
  journal={Nature Reviews Neuroscience},
  volume={19},
  number={12},
  pages={758--770},
  year={2018},
  publisher={Nature Publishing Group UK London}
}

@article{kaplan2007search,
  title={In search of the neural circuits of intrinsic motivation},
  author={Kaplan, Frederic and Oudeyer, Pierre-Yves},
  journal={Frontiers in neuroscience},
  volume={1},
  pages={9},
  year={2007},
  publisher={Frontiers}
}

@inproceedings{lopes2012strategic,
  title={The strategic student approach for life-long exploration and learning},
  author={Lopes, Manuel and Oudeyer, Pierre-Yves},
  booktitle={2012 IEEE international conference on development and learning and epigenetic robotics (ICDL)},
  pages={1--8},
  year={2012},
  organization={IEEE}
}

@article{jiang2023general,
  title={General intelligence requires rethinking exploration},
  author={Jiang, Minqi and Rockt{\"a}schel, Tim and Grefenstette, Edward},
  journal={Royal Society Open Science},
  volume={10},
  number={6},
  pages={230539},
  year={2023},
  publisher={The Royal Society}
}

@article{oudeyer2016evolution,
  title={How evolution may work through curiosity-driven developmental process},
  author={Oudeyer, Pierre-Yves and Smith, Linda B},
  journal={Topics in Cognitive Science},
  volume={8},
  number={2},
  pages={492--502},
  year={2016},
  publisher={Wiley Online Library}
}



@article{ten_humans_2021,
	title = {Humans monitor learning progress in curiosity-driven exploration},
	volume = {12},
	rights = {2021 The Author(s)},
	issn = {2041-1723},
	doi = {10.1038/s41467-021-26196-w},
	pages = {5972},
	number = {1},
	journal = {Nature Communications},
	shortjournal = {Nat Commun},
	author = {Ten, Alexandr and Kaushik, Pramod and Oudeyer, Pierre-Yves and Gottlieb, Jacqueline},
	urldate = {2025-01-21},
	year = {2021},
	langid = {english},
	note = {Publisher: Nature Publishing Group},
	keywords = {Psychology, Human behaviour},
}

@article{ten_intrinsic_2021,
	title = {Intrinsic Rewards in Human Curiosity-Driven Exploration: An Empirical Study},
	volume = {43},
	shorttitle = {Intrinsic Rewards in Human Curiosity-Driven Exploration},
	number = {43},
	journal = {Proceedings of the Annual Meeting of the Cognitive Science Society},
	author = {Ten, Alexandr and Gottlieb, Jacqueline and Oudeyer, Pierre-Yves},
	urldate = {2025-01-21},
	year = {2021},
	langid = {english},
}

@inproceedings{stout_competence_2010,
	title = {Competence progress intrinsic motivation},
	doi = {10.1109/DEVLRN.2010.5578835},
	eventtitle = {2010 {IEEE} 9th International Conference on Development and Learning},
	pages = {257--262},
	booktitle = {2010 {IEEE} 9th International Conference on Development and Learning},
	author = {Stout, Andrew and Barto, Andrew G.},
	urldate = {2025-01-22},
	year = {2010},
	note = {{ISSN}: 2161-9476},
	keywords = {Proposals, Learning, Robots, Conferences, Equations, Knowledge based systems, Markov processes},
}

@misc{aubret_survey_2019,
	title = {A survey on intrinsic motivation in reinforcement learning},
	doi = {10.48550/arXiv.1908.06976},
	number = {{arXiv}:1908.06976},
	publisher = {{arXiv}},
	author = {Aubret, Arthur and Matignon, Laetitia and Hassas, Salima},
	urldate = {2025-01-22},
	year = {2019},
	eprinttype = {arxiv},
	eprint = {1908.06976 [cs]},
	keywords = {Computer Science - Artificial Intelligence, Computer Science - Machine Learning},
}

@inproceedings{kim_active_2020,
  title={Active world model learning with progress curiosity},
  author={Kim, Kuno and Sano, Megumi and De Freitas, Julian and Haber, Nick and Yamins, Daniel},
  booktitle={International conference on machine learning},
  pages={5306--5315},
  year={2020},
  organization={PMLR}
}

@article{schmidhuber_formal_2010,
	title = {Formal Theory of Creativity, Fun, and Intrinsic Motivation (1990–2010)},
	volume = {2},
	issn = {1943-0612},
	doi = {10.1109/TAMD.2010.2056368},
	pages = {230--247},
	number = {3},
	journal = {{IEEE} Transactions on Autonomous Mental Development},
	author = {Schmidhuber, Jürgen},
	urldate = {2025-01-22},
	year = {2010},
	note = {Conference Name: {IEEE} Transactions on Autonomous Mental Development},
	keywords = {Psychology, Predictive models, Active learning, Computational intelligence, Intelligent robots, Pediatrics, aesthetics theory, art, Art, attention, Data compression, developmental psychology, Eyes, Feedback, Fingers, formal theory of creativity, fun, humor, limited computational resources, music, novel patterns, novelty, science, surprise, typology of intrinsic motivation},
}

@inproceedings{portelas_automatic_2020,
  title={Automatic Curriculum Learning For Deep RL: A Short Survey},
  author={R{\'e}my Portelas and C{\'e}dric Colas and Lilian Weng and Katja Hofmann and Pierre-Yves Oudeyer},
  booktitle={International Joint Conference on Artificial Intelligence},
  year={2020},
}

@inproceedings{colas_curious_2019,
  title={{CURIOUS}: intrinsically motivated modular multi-goal reinforcement learning},
  author={Colas, C{\'e}dric and Fournier, Pierre and Chetouani, Mohamed and Sigaud, Olivier and Oudeyer, Pierre-Yves},
  booktitle={International conference on machine learning},
  pages={1331--1340},
  year={2019},
  organization={PMLR}
}

@inproceedings{akakzia_grounding_2021,
  title={Grounding Language to Autonomously-Acquired Skills via Goal Generation},
  author={Ahmed Akakzia and C{\'e}dric Colas and Pierre-Yves Oudeyer and Mohamed Chetouani and Olivier Sigaud},
  booktitle={International Conference on Learning Representations},
  year={2021},
}

@article{forestier_intrinsically_2022,
author = {Forestier, S\'{e}bastien and Portelas, R\'{e}my and Mollard, Yoan and Oudeyer, Pierre-Yves},
title = {Intrinsically motivated goal exploration processes with automatic curriculum learning},
year = {2022},
issue_date = {January 2022},
publisher = {JMLR.org},
journal = {Journal of Machine Learning Research},
volume = {23},
number = {1},
issn = {1532-4435},
month = jan,
articleno = {152},
numpages = {41},
keywords = {automatic curriculum learning, robotics, modularity, curiosity-driven learning, goal exploration, population-based IMGEP, autotelic agents, intrinsic motivations, open-ended learning, developmental AI, developmental learning}
}


@INBOOK{schmidhuber_possibility_1991,
  author={Meyer, Jean-Arcady and Wilson, Stewart W.},
  booktitle={From Animals to Animats: Proceedings of the First International Conference on Simulation of Adaptive Behavior}, 
  title={A Possibility for Implementing Curiosity and Boredom in Model-Building Neural Controllers}, 
  year={1991},
  volume={},
  number={},
  pages={222-227},
  keywords={},
  doi={}
}


@article{oudeyer_what_2007,
	title = {What is intrinsic motivation? A typology of computational approaches},
	volume = {1},
	shorttitle = {What is intrinsic motivation?},
	pages = {108},
	journal = {Frontiers in neurorobotics},
	author = {Oudeyer, Pierre-Yves and Kaplan, Frederic},
	urldate = {2025-01-22},
	year = {2007},
	note = {Publisher: Frontiers},
}


@InProceedings{laversanne-finot_curiosity_2018,
  title = 	 {Curiosity Driven Exploration of Learned Disentangled Goal Spaces},
  author =       {Laversanne-Finot, Adrien and Pere, Alexandre and Oudeyer, Pierre-Yves},
  booktitle = 	 {Proceedings of The 2nd Conference on Robot Learning},
  pages = 	 {487--504},
  year = 	 {2018},
  editor = 	 {Billard, Aude and Dragan, Anca and Peters, Jan and Morimoto, Jun},
  volume = 	 {87},
  series = 	 {Proceedings of Machine Learning Research},
  month = 	 {29--31 Oct},
  publisher =    {PMLR},
  pdf = 	 {http://proceedings.mlr.press/v87/laversanne-finot18a/laversanne-finot18a.pdf},
}


@inproceedings{blaes_control_2019,
	title = {Control What You Can: Intrinsically Motivated Task-Planning Agent},
	volume = {32},
	shorttitle = {Control What You Can},
	booktitle = {Advances in Neural Information Processing Systems},
	publisher = {Curran Associates, Inc.},
	author = {Blaes, Sebastian and Vlastelica Pogančić, Marin and Zhu, Jiajie and Martius, Georg},
	urldate = {2025-01-24},
	year = {2019},
}

@article{kovac_grimgep_2023,
  author={Kovač, Grgur and Laversanne-Finot, Adrien and Oudeyer, Pierre-Yves},
  journal={IEEE Transactions on Cognitive and Developmental Systems}, 
  title={GRIMGEP: Learning Progress for Robust Goal Sampling in Visual Deep Reinforcement Learning}, 
  year={2023},
  volume={15},
  number={3},
  pages={1396-1407},
  keywords={Task analysis;Reinforcement learning;Clustering algorithms;Space exploration;Visualization;Training;Robots;Goal exploration;learning progress;reinforcement learning (RL)},
  doi={10.1109/TCDS.2022.3216911}
}

@article{raffel_exploring_2020,
	title = {Exploring the Limits of Transfer Learning with a Unified Text-to-Text Transformer},
	volume = {21},
	issn = {1533-7928},
	pages = {1--67},
	number = {140},
	journal = {Journal of Machine Learning Research},
	author = {Raffel, Colin and Shazeer, Noam and Roberts, Adam and Lee, Katherine and Narang, Sharan and Matena, Michael and Zhou, Yanqi and Li, Wei and Liu, Peter J.},
	urldate = {2022-02-09},
	year = {2020},
}

@article{colas_autotelic_2022,
	title = {Autotelic agents with intrinsically motivated goal-conditioned reinforcement learning: a short survey},
	volume = {74},
	shorttitle = {Autotelic agents with intrinsically motivated goal-conditioned reinforcement learning},
	pages = {1159--1199},
	journal = {Journal of Artificial Intelligence Research},
	author = {Colas, Cédric and Karch, Tristan and Sigaud, Olivier and Oudeyer, Pierre-Yves},
	urldate = {2025-01-27},
	year = {2022},
}

@inproceedings{pourcel_aces_2024,
title={{ACES}: Generating a Diversity of Challenging Programming Puzzles with Autotelic Generative Models},
author={Julien Pourcel and C{\'e}dric Colas and Gaia Molinaro and Pierre-Yves Oudeyer and Laetitia Teodorescu},
booktitle={The Thirty-eighth Annual Conference on Neural Information Processing Systems},
year={2024},
}


@inproceedings{colas_augmenting_2023,
	title = {Augmenting autotelic agents with large language models},
	pages = {205--226},
	booktitle = {Conference on Lifelong Learning Agents},
	publisher = {{PMLR}},
	author = {Colas, Cédric and Teodorescu, Laetitia and Oudeyer, Pierre-Yves and Yuan, Xingdi and Côté, Marc-Alexandre},
	urldate = {2025-01-27},
}

@article{JMLR:v9:vandermaaten08a,
  author  = {Laurens van der Maaten and Geoffrey Hinton},
  title   = {Visualizing Data using t-SNE},
  journal = {Journal of Machine Learning Research},
  year    = {2008},
  volume  = {9},
  number  = {86},
  pages   = {2579--2605},
}


@inproceedings{racaniere_automated_2020,
title={Automated curriculum generation through setter-solver interactions},
author={Sebastien Racaniere and Andrew Lampinen and Adam Santoro and David Reichert and Vlad Firoiu and Timothy Lillicrap},
booktitle={International Conference on Learning Representations},
year={2020},
}

@inproceedings{pong_skew-fit_2020,
  title={Skew-Fit: State-Covering Self-Supervised Reinforcement Learning},
  author={Vitchyr H. Pong and Murtaza Dalal and Steven Lin and Ashvin Nair and Shikhar Bahl and Sergey Levine},
  booktitle={International Conference on Machine Learning},
  year={2019},
}

@inproceedings{warde-farley_unsupervised_2018,
title={Unsupervised Control Through Non-Parametric Discriminative Rewards},
author={David Warde-Farley and Tom Van de Wiele and Tejas Kulkarni and Catalin Ionescu and Steven Hansen and Volodymyr Mnih},
booktitle={International Conference on Learning Representations},
year={2019},
}

@inproceedings{pitis_maximum_2020,
	title = {Maximum {Entropy} {Gain} {Exploration} for {Long} {Horizon} {Multi}-goal {Reinforcement} {Learning}},
	language = {en},
	urldate = {2025-01-28},
	booktitle = {Proceedings of the 37th {International} {Conference} on {Machine} {Learning}},
	publisher = {PMLR},
	author = {Pitis, Silviu and Chan, Harris and Zhao, Stephen and Stadie, Bradly and Ba, Jimmy},
	month = nov,
	year = {2020},
	note = {ISSN: 2640-3498},
	pages = {7750--7761},
}