% Use this file for citations not found in the ACL Anthology (contained in "anthology.bib").

@article{gao2024listenership,
  title={Listenership always matters: active listening ability in L2 business English paired speaking tasks},
  author={Gao, Rena and Wang, Menghan},
  journal={International Review of Applied Linguistics in Language Teaching},
  number={0},
  year={2024},
  publisher={De Gruyter}
}
@article{gehweiler2024classification,
  title={Classification of intent in moderating online discussions: An empirical evaluation},
  author={Gehweiler, Christoph and Lobachev, Oleg},
  journal={Decision Analytics Journal},
  volume={10},
  pages={100418},
  year={2024},
  publisher={Elsevier}
}

@article{cho2024boteval,
  title={BotEval: Facilitating Interactive Human Evaluation},
  author={Cho, Hyundong and Gowda, Thamme and Huang, Yuyang and Lu, Zixun and Tong, Tianli and May, Jonathan},
  journal={arXiv preprint arXiv:2407.17770},
  year={2024}
}

-------------------moderation-------------------------------

@article{asterhan2010online,
  title={Online moderation of synchronous e-argumentation},
  author={Asterhan, Christa SC and Schwarz, Baruch B},
  journal={International Journal of Computer-Supported Collaborative Learning},
  volume={5},
  pages={259--282},
  year={2010},
  publisher={Springer}
}

@article{wright2009role,
  title={The role of the moderator: Problems and possibilities for government-run online discussion forums},
  author={Wright, Scott},
  journal={Online deliberation: Design, research, and practice},
  pages={233--242},
  year={2009},
  publisher={CSLI Publications Stanford, CA}
}

@article{trenel2009facilitation,
  title={Facilitation and inclusive deliberation},
  author={Tr{\'e}nel, Matthias},
  journal={Online deliberation: Design, research, and practice},
  pages={253--257},
  year={2009},
  publisher={Center for the Study of Language and Information Stanford, CA}
}


@article{cullen2022practicing,
  title={Practicing moderation: Community moderation as reflective practice},
  author={Cullen, Amanda LL and Kairam, Sanjay R},
  journal={Proceedings of the ACM on Human-computer Interaction},
  volume={6},
  number={CSCW1},
  pages={1--32},
  year={2022},
  publisher={ACM New York, NY, USA}
}

@article{camacho2002addressing,
  title={Addressing conflict rooted in diversity: The role of the facilitator},
  author={Camacho, Sandra F},
  journal={Social Work with Groups},
  volume={24},
  number={3-4},
  pages={135--152},
  year={2002},
  publisher={Taylor \& Francis}
}

@article{grimmelmann2015virtues,
  title={The virtues of moderation},
  author={Grimmelmann, James},
  journal={Yale JL \& Tech.},
  volume={17},
  pages={42},
  year={2015},
  publisher={HeinOnline}
}

@inproceedings{park2012facilitative,
  title={Facilitative moderation for online participation in eRulemaking},
  author={Park, Joonsuk and Klingel, Sally and Cardie, Claire and Newhart, Mary and Farina, Cynthia and Vallb{\'e}, Joan-Josep},
  booktitle={Proceedings of the 13th Annual International Conference on Digital Government Research},
  pages={173--182},
  year={2012}
}

@article{hsieh2012effect,
  title={The effect of moderator’s facilitative strategies on online synchronous discussions},
  author={Hsieh, Ya-Hui and Tsai, Chin-Chung},
  journal={Computers in Human Behavior},
  volume={28},
  number={5},
  pages={1708--1716},
  year={2012},
  publisher={Elsevier}
}

@article{vasodavan2020moderation,
  title={E-moderation skills in discussion forums: Patterns of online interactions for knowledge construction},
  author={Vasodavan, Vinothini and DeWitt, Dorothy and Alias, Norlidah and Noh, Mariani Md},
  journal={Pertanika Journal of Social Sciences and Humanities},
  volume={28},
  number={4},
  pages={3025--3045},
  year={2020},
  publisher={Universiti Putra Malaysia}
}

@article{lim2011critical,
  title={Critical thinking in asynchronous online discussion: An investigation of student facilitation techniques.},
  author={Lim, Sze Chung Raymond and Cheung, Wing Sum and Hew, Khe Foon},
  journal={New Horizons in Education},
  volume={59},
  number={1},
  pages={52--65},
  year={2011},
  publisher={ERIC}
}

-------------------SL group discussion participation problem-------


-- Non-participation problem
@incollection{norton2014non,
  title={Non-participation, imagined communities and the language classroom},
  author={Norton, Bonny},
  booktitle={Learner contributions to language learning},
  pages={159--171},
  year={2014},
  publisher={Routledge}
}

@article{jones1999silence,
  title={From Silence to Talk: Cross-Cultural Ideas onStudents Participation in Academic Group Discussion},
  author={Jones, Jeremy F},
  journal={English for specific Purposes},
  volume={18},
  number={3},
  pages={243--259},
  year={1999},
  publisher={Elsevier}
}

@article{king2013silence,
  title={Silence in the second language classrooms of Japanese universities},
  author={King, Jim},
  journal={Applied linguistics},
  volume={34},
  number={3},
  pages={325--343},
  year={2013},
  publisher={Oxford University Press}
}


@article{lee2009speaking,
  title={Speaking up: Six Korean students’ oral participation in class discussions in US graduate seminars},
  author={Lee, Given},
  journal={English for Specific Purposes},
  volume={28},
  number={3},
  pages={142--156},
  year={2009},
  publisher={Elsevier}
}

@article{li2006don,
  title={Why don't you speak up?: East Asian students' participation patterns in American and Chinese ESL classrooms},
  author={Li, Xiaoshi and Jia, Xuerui},
  journal={Intercultural Communication Studies},
  volume={15},
  number={1},
  pages={192},
  year={2006},
  publisher={IAICS; 1999}
}

@article{yang2010doing,
  title={Doing a group presentation: Negotiations and challenges experienced by five Chinese ESL students of commerce at a Canadian university},
  author={Yang, Luxin},
  journal={Language Teaching Research},
  volume={14},
  number={2},
  pages={141--160},
  year={2010},
  publisher={Sage Publications Sage UK: London, England}
}

@article{mak2011exploration,
  title={An exploration of speaking-in-class anxiety with Chinese ESL learners},
  author={Mak, Barley},
  journal={System},
  volume={39},
  number={2},
  pages={202--214},
  year={2011},
  publisher={Elsevier}
}

-- lack of self-confidence and lack of affiliation motives to communicate in a group
@article{de2009learners,
  title={Learners’ perceptions and attitudes: Implications for willingness to communicate in an L2 classroom},
  author={de Saint L{\'e}ger, Diane and Storch, Neomy},
  journal={System},
  volume={37},
  number={2},
  pages={269--285},
  year={2009},
  publisher={Elsevier}
}


-------------------SL peer group learning-----------------------

-- use of small group discussion to improve SL learning.
@article{crisianita2022use,
  title={THE USE OF SMALL-GROUP DISCUSSION TO IMRPOVE STUDENTS’SPEAKING SKILL},
  author={Crisianita, Sintya and Mandasari, Berlinda},
  journal={Journal of English Language Teaching and Learning},
  volume={3},
  number={1},
  pages={61--66},
  year={2022}
}

-- peer led facilitation
@article{ismail2015role,
  title={The Role of Peer Facilitator in Enhancing English Language Proficiency in a Simulated Environment.},
  author={Ismail, Nur Salina and Atek, Engku Suhaimi Engku and Azmi, Mohd Nazri Latiff and Mohamad, Mahani},
  journal={English Language Teaching},
  volume={8},
  number={2},
  pages={78--85},
  year={2015},
  publisher={ERIC}
}

-- facilitator for cultural gap
@article{osman2007interaction,
  title={Interaction, facilitation, and deep learning in cross-cultural chat: A case study},
  author={Osman, Gihan and Herring, Susan C},
  journal={The Internet and Higher Education},
  volume={10},
  number={2},
  pages={125--141},
  year={2007},
  publisher={Elsevier}
}

@article{myers2007enabling,
  title={Enabling talk: How the facilitator shapes a focus group},
  author={Myers, Greg},
  year={2007},
  publisher={Walter de Gruyter}
}

@inproceedings{braham2009acknowledgement,
  title={Acknowledgement of others' contributions as a peer facilitation skill in online discussions},
  author={Braham, Julia and Piela, Anna},
  booktitle={Collected Conference Papers and Abstracts September 2009},
  pages={103},
  year={2009}
}

@article{hew2008attracting,
  title={Attracting student participation in asynchronous online discussions: A case study of peer facilitation},
  author={Hew, Khe Foon and Cheung, Wing Sum},
  journal={Computers \& Education},
  volume={51},
  number={3},
  pages={1111--1124},
  year={2008},
  publisher={Elsevier}
}

@article{young2016student,
  title={Student facilitation in peer-led literature group discussions},
  author={Young, Chase and Mohr, Kathleen AJ},
  journal={Journal of Classroom Interaction},
  pages={42--60},
  year={2016},
  publisher={JSTOR}
}

-- Moderator instruction help reduce anxiety.
@inproceedings{hamzah2016effect,
  title={The Effect of Participation Instruction on ESL Students' Speaking Skills and Language Anxiety},
  author={Hamzah, Mohd Hilmi and Asokan, Thivya},
  booktitle={International Conference of Higher Order Thinking Skills 2016 in Conjunction with 2nd International Seminar on Science and Mathematics Education},
  pages={1--11},
  year={2016}
}

@article{gagne2013cooperative,
  title={Cooperative learning tasks in a Grade 6 intensive ESL class: Role of scaffolding},
  author={Gagn{\'e}, Nathalie and Parks, Susan},
  journal={Language teaching research},
  volume={17},
  number={2},
  pages={188--209},
  year={2013},
  publisher={Sage Publications Sage UK: London, England}
}

@article{kayi2013scaffolding,
  title={Scaffolding language learning in an academic ESL classroom},
  author={Kayi-Aydar, Hayriye},
  journal={ELT journal},
  volume={67},
  number={3},
  pages={324--335},
  year={2013},
  publisher={Oxford University Press UK}
}

-- more comfortable speaking online than face to face.
@article{freiermuth2001native,
  title={Native speakers or non-native speakers: Who has the floor? Online and face-to-face interaction in culturally mixed small groups},
  author={Freiermuth, Mark R},
  journal={Computer assisted language learning},
  volume={14},
  number={2},
  pages={169--199},
  year={2001},
  publisher={Taylor \& Francis}
}

-- non-native speakers as a group took fewer turns and produced fewer language functions during oral discussion of writing
@article{zhu2001interaction,
  title={Interaction and feedback in mixed peer response groups},
  author={Zhu, Wei},
  journal={Journal of second language writing},
  volume={10},
  number={4},
  pages={251--276},
  year={2001},
  publisher={Elsevier}
}

-- peer to peer discussion is benefitial in SL learning.
@article{swain20029,
  title={9. Peer-peer dialogue as a means of second language learning},
  author={Swain, Merrill and Brooks, Lindsay and Tocalli-Beller, Agustina},
  journal={Annual review of applied linguistics},
  volume={22},
  pages={171},
  year={2002},
  publisher={Cambridge University Press}
}

@article{pica1985role,
  title={The role of group work in classroom second language acquisition},
  author={Pica, Teresa and Doughty, Catherine},
  journal={Studies in second language acquisition},
  volume={7},
  number={2},
  pages={233--248},
  year={1985},
  publisher={Cambridge University Press}
}

@article{hudgins1986teaching,
  title={Teaching critical thinking skills to fourth and fifth graders through teacher-led small-group discussions},
  author={Hudgins, Bryce B and Edelman, Sybil},
  journal={The journal of educational research},
  pages={333--342},
  year={1986},
  publisher={JSTOR}
}


@inproceedings{schroeder2024fora,
  title={Fora: A corpus and framework for the study of facilitated dialogue},
  author={Schroeder, Hope and Roy, Deb and Kabbara, Jad},
  booktitle={Proceedings of the 62nd Annual Meeting of the Association for Computational Linguistics (Volume 1: Long Papers)},
  pages={13985--14001},
  year={2024}
}

@article{green1997developing,
  title={Developing discussion skills in the ESL classroom},
  author={Green, Christopher F and Christopher, Elsie R and Lam, Jacqueline},
  journal={ELT journal},
  volume={51},
  number={2},
  pages={135--143},
  year={1997},
  publisher={Oxford University Press}
}

@article{dai2023second,
  title={What do second language speakers really need for real-world interaction? A needs analysis of L2 Chinese interactional competence},
  author={Dai, David Wei},
  journal={Language Teaching Research},
  pages={13621688221144836},
  year={2023},
  publisher={SAGE Publications Sage UK: London, England}
}

@article{reddington2018managing,
  title={Managing participation in the adult ESL classroom: Engagement and exit practices},
  author={Reddington, Elizabeth},
  journal={Classroom Discourse},
  volume={9},
  number={2},
  pages={132--149},
  year={2018},
  publisher={Taylor \& Francis}
}

@article{chen2024whow,
  title={WHoW: A Cross-domain Approach for Analysing Conversation Moderation},
  author={Chen, Ming-Bin and Frermann, Lea and Lau, Jey Han},
  journal={arXiv preprint arXiv:2410.15551},
  year={2024}
}

@article{sampson2024emergence,
  title={The emergence of gratitude in L2 group discussion: A small-lens study},
  author={Sampson, Richard J},
  journal={System},
  volume={123},
  pages={103300},
  year={2024},
  publisher={Elsevier}
}

@phdthesis{turnbull2015effects,
  title={The effects of L1 and L2 group discussions on L2 reading comprehension},
  author={Turnbull, Blake Alexander},
  year={2015},
  school={University of Otago}
}



@article{wu2025data,
  title={Data from role plays and elicited conversations: What do they show about L2 interactional competence?},
  author={Wu, Jingxuan and Roever, Carsten},
  journal={Research Methods in Applied Linguistics},
  volume={4},
  number={1},
  pages={100165},
  year={2025},
  publisher={Elsevier}
}

@article{grootendorst2022bertopic,
  title={BERTopic: Neural topic modeling with a class-based TF-IDF procedure},
  author={Grootendorst, Maarten},
  journal={arXiv preprint arXiv:2203.05794},
  year={2022}
}

@article{mcinnes2018umap,
  title={Umap: Uniform manifold approximation and projection for dimension reduction},
  author={McInnes, Leland and Healy, John and Melville, James},
  journal={arXiv preprint arXiv:1802.03426},
  year={2018}
}

@inproceedings{mahajan2022towards,
  title={Towards evaluation of multi-party dialogue systems},
  author={Mahajan, Khyati and Santhanam, Sashank and Shaikh, Samira},
  booktitle={Proceedings of the 15th International Conference on Natural Language Generation},
  pages={278--287},
  year={2022}
}

@article{zhou2024llm,
  title={An LLM Feature-based Framework for Dialogue Constructiveness Assessment},
  author={Zhou, Lexin and Farag, Youmna and Vlachos, Andreas},
  journal={arXiv preprint arXiv:2406.14760},
  year={2024}
}


@article{han2022measuring,
  title={Measuring and improving semantic diversity of dialogue generation},
  author={Han, Seungju and Kim, Beomsu and Chang, Buru},
  journal={arXiv preprint arXiv:2210.05725},
  year={2022}
}

@inproceedings{chen2023automatic,
  title={Automatic Evaluate Dialogue Appropriateness by Using Dialogue Act},
  author={Chen, Bao and Wang, Yuanjie and Liu, Zeming and Guo, Yuhang},
  booktitle={Findings of the Association for Computational Linguistics: EMNLP 2023},
  pages={7361--7372},
  year={2023}
}

@article{lin2023llm,
  title={Llm-eval: Unified multi-dimensional automatic evaluation for open-domain conversations with large language models},
  author={Lin, Yen-Ting and Chen, Yun-Nung},
  journal={arXiv preprint arXiv:2305.13711},
  year={2023}
}

@inproceedings{takehi2023open,
  title={Open-Domain Dialogue Quality Evaluation: Deriving Nugget-level Scores from Turn-level Scores},
  author={Takehi, Rikiya and Watanabe, Akihisa and Sakai, Tetsuya},
  booktitle={Proceedings of the Annual International ACM SIGIR Conference on Research and Development in Information Retrieval in the Asia Pacific Region},
  pages={40--45},
  year={2023}
}

@article{yossatorn2022thai,
  title={Thai EFL university students’ productions of the English past counterfactuals and their influences from interlanguage fossilization},
  author={Yossatorn, Yossiri and Binali, Theerapong and Chokthawikit, Sirisira and Weng, Cathy},
  journal={SAGE Open},
  volume={12},
  number={1},
  pages={21582440221079892},
  year={2022},
  publisher={SAGE Publications Sage CA: Los Angeles, CA}
}

@misc{openai2024api,
  title        = {OpenAI API},
  author       = {{OpenAI}},
  year         = 2024,
  howpublished = {OpenAI, \url{https://openai.com/index/hello-gpt-4o/}},
  note         = {Accessed: 2024-11-20}
}

@article{cohan2020specter,
  title={Specter: Document-level representation learning using citation-informed transformers},
  author={Cohan, Arman and Feldman, Sergey and Beltagy, Iz and Downey, Doug and Weld, Daniel S},
  journal={arXiv preprint arXiv:2004.07180},
  year={2020}
}



@inproceedings{rehurek_lrec,
      title = {{Software Framework for Topic Modelling with Large Corpora}},
      author = {Radim {\v R}eh{\r u}{\v r}ek and Petr Sojka},
      booktitle = {{Proceedings of the LREC 2010 Workshop on New
           Challenges for NLP Frameworks}},
      pages = {45--50},
      year = 2010,
      month = May,
      day = 22,
      publisher = {ELRA},
      address = {Valletta, Malta},
      note={\url{http://is.muni.cz/publication/884893/en}},
      language={English}
}



=================For ESL group discussion=================

@article{higuchi2023impact,
  title={Impact of studying abroad on language skill development: Regression discontinuity evidence from Japanese university students},
  author={Higuchi, Yuki and Nakamuro, Makiko and Roever, Carsten and Sasaki, Miyuki and Yashima, Tomoko},
  journal={Journal of the Japanese and International Economies},
  volume={70},
  pages={101284},
  year={2023},
  publisher={Elsevier}
}

@article{hessel2017new,
  title={A new take on individual differences in L2 proficiency gain during study abroad},
  author={Hessel, Gianna},
  journal={System},
  volume={66},
  pages={39--55},
  year={2017},
  publisher={Elsevier}
}

@article{tan2020influence,
  title={Influence of Small Group Discussion on the English Oral Communication Self-Efficacy of Filipino ESL Learners in Central Luzon.},
  author={Tan, Richard K and Polong, Ronald B and Collates, Leila M and Torres, Joel M},
  journal={TESOL International Journal},
  volume={15},
  number={1},
  pages={100--106},
  year={2020},
  publisher={ERIC}
}

@article{lam2006gauging,
  title={Gauging the effects of ESL oral communication strategy teaching: A multi-method approach},
  author={Lam, Yuen Kwan Wendy},
  journal={Electronic Journal of Foreign Language Teaching},
  volume={3},
  number={2},
  pages={142--157},
  year={2006},
  publisher={National University of Singapore}
}


@article{rao2019enhancing,
  title={Enhancing Effective Oral Communication Skills Among The EFL/ESL Learners},
  author={Rao, Paruralli Sprinivas},
  journal={Alford Council Of International English \& Literature Journal},
  volume={2},
  pages={62--74},
  year={2019}
}


@article{maarof2018effect,
  title={The effect of role-play and simulation approach on enhancing ESL oral communication skills},
  author={Maarof, Nooreiny and others},
  journal={International Journal of Research in English Education},
  volume={3},
  number={3},
  pages={63--71},
  year={2018},
  publisher={International Journal of Research in English Education}
}

@article{pino2010english,
  title={English teachers' moderating and participating in OCPs},
  author={Pino-Silva, Juan and Mayora, Carlos A},
  journal={System},
  volume={38},
  number={2},
  pages={262--271},
  year={2010},
  publisher={Elsevier}
}

@book{webster2012teaching,
  title={Teaching EFL Online: An e-moderator's report},
  author={Webster, Andrew R},
  year={2012},
  publisher={BoD--Books on Demand}
}

===================Dialogue evaluation================
====classroom language dialogue eval============
@article{long2024evaluating,
  title={Evaluating large language models in analysing classroom dialogue},
  author={Long, Yun and Luo, Haifeng and Zhang, Yu},
  journal={npj Science of Learning},
  volume={9},
  number={1},
  pages={60},
  year={2024},
  publisher={Nature Publishing Group UK London}
}

========================LLM===================
@article{de2023evaluation,
  title={An evaluation on large language model outputs: Discourse and memorization},
  author={de Wynter, Adrian and Wang, Xun and Sokolov, Alex and Gu, Qilong and Chen, Si-Qing},
  journal={Natural Language Processing Journal},
  volume={4},
  pages={100024},
  year={2023},
  publisher={Elsevier}
}

===================human evaluation==========

@article{tam2024framework,
  title={A framework for human evaluation of large language models in healthcare derived from literature review},
  author={Tam, Thomas Yu Chow and Sivarajkumar, Sonish and Kapoor, Sumit and Stolyar, Alisa V and Polanska, Katelyn and McCarthy, Karleigh R and Osterhoudt, Hunter and Wu, Xizhi and Visweswaran, Shyam and Fu, Sunyang and others},
  journal={NPJ Digital Medicine},
  volume={7},
  number={1},
  pages={258},
  year={2024},
  publisher={Nature Publishing Group UK London}
}

@article{sai2020improving,
  title={Improving dialog evaluation with a multi-reference adversarial dataset and large scale pretraining},
  author={Sai, Ananya B and Mohankumar, Akash Kumar and Arora, Siddhartha and Khapra, Mitesh M},
  journal={Transactions of the Association for Computational Linguistics},
  volume={8},
  pages={810--827},
  year={2020},
  publisher={MIT Press One Rogers Street, Cambridge, MA 02142-1209, USA journals-info~…}
}

@inproceedings{ou-etal-2024-dialogbench,
    title = "{D}ialog{B}ench: Evaluating {LLM}s as Human-like Dialogue Systems",
    author = "Ou, Jiao  and
      Lu, Junda  and
      Liu, Che  and
      Tang, Yihong  and
      Zhang, Fuzheng  and
      Zhang, Di  and
      Gai, Kun",
    editor = "Duh, Kevin  and
      Gomez, Helena  and
      Bethard, Steven",
    booktitle = "Proceedings of the 2024 Conference of the North American Chapter of the Association for Computational Linguistics: Human Language Technologies (Volume 1: Long Papers)",
    month = jun,
    year = "2024",
    address = "Mexico City, Mexico",
    publisher = "Association for Computational Linguistics",
    url = "https://aclanthology.org/2024.naacl-long.341",
    doi = "10.18653/v1/2024.naacl-long.341",
    pages = "6137--6170"
}

@article{smith2022human,
  title={Human evaluation of conversations is an open problem: comparing the sensitivity of various methods for evaluating dialogue agents},
  author={Smith, Eric Michael and Hsu, Orion and Qian, Rebecca and Roller, Stephen and Boureau, Y-Lan and Weston, Jason},
  journal={arXiv preprint arXiv:2201.04723},
  year={2022}
}


@article{o2018use,
  title={The use of focus group discussion methodology: Insights from two decades of application in conservation},
  author={O. Nyumba, Tobias and Wilson, Kerrie and Derrick, Christina J and Mukherjee, Nibedita},
  journal={Methods in Ecology and evolution},
  volume={9},
  number={1},
  pages={20--32},
  year={2018},
  publisher={Wiley Online Library}
}

@article{mckenzie2000hope,
  title={" I hope this goes somewhere": Evaluation of an online discussion group},
  author={McKenzie, Wendy and Murphy, David},
  journal={Australasian Journal of Educational Technology},
  volume={16},
  number={3},
  year={2000}
}

@article{rus2012automated,
  title={Automated Discovery of Speech Act Categories in Educational Games.},
  author={Rus, Vasile and Moldovan, Cristian and Niraula, Nobal and Graesser, Arthur C},
  journal={International Educational Data Mining Society},
  year={2012},
  publisher={ERIC}
}


@inproceedings{gao-etal-2025-interaction,
    title = "Interaction Matters: An Evaluation Framework for Interactive Dialogue Assessment on {E}nglish Second Language Conversations",
    author = "Gao, Rena  and
      Roever, Carsten  and
      Lau, Jey Han",
    editor = "Rambow, Owen  and
      Wanner, Leo  and
      Apidianaki, Marianna  and
      Al-Khalifa, Hend  and
      Eugenio, Barbara Di  and
      Schockaert, Steven",
    booktitle = "Proceedings of the 31st International Conference on Computational Linguistics",
    month = jan,
    year = "2025",
    address = "Abu Dhabi, UAE",
    publisher = "Association for Computational Linguistics",
    url = "https://aclanthology.org/2025.coling-main.729/",
    pages = "10977--11012",
    abstract = "We present an evaluation framework for interactive dialogue assessment in the context of English as a Second Language (ESL) speakers. Our framework collects dialogue-level interactivity labels (e.g., topic management; 4 labels in total) and micro-level span features (e.g., backchannels; 17 features in total). Given our annotated data, we study how the micro-level features influence the (higher level) interactivity quality of ESL dialogues by constructing various machine learning-based models. Our results demonstrate that certain micro-level features strongly correlate with interactivity quality, like reference words (e.g., she, her, he), revealing new insights about the interaction between higher-level dialogue quality and lower-level fundamental linguistic signals. Our framework also provides a means to assess ESL communication, which is useful for language assessment."
}

@article{chawla2022social,
  title={Social influence dialogue systems: A survey of datasets and models for social influence tasks},
  author={Chawla, Kushal and Shi, Weiyan and Zhang, Jingwen and Lucas, Gale and Yu, Zhou and Gratch, Jonathan},
  journal={arXiv preprint arXiv:2210.05664},
  year={2022}
}

@article{d1985speech,
  title={Speech act theory in quantitative research on interpersonal behavior},
  author={D'Andrade, Roy G and Wish, Myron},
  journal={Discourse Processes},
  volume={8},
  number={2},
  pages={229--259},
  year={1985},
  publisher={Taylor \& Francis}
}

@article{gao2024cnima,
  title={Cnima: A universal evaluation framework and automated approach for assessing second language dialogues},
  author={Gao, Rena and Wu, Jingxuan and Roever, Carsten and Wu, Xuetong and Wu, Jing and Lv, Long and Lau, Jey Han},
  journal={arXiv preprint arXiv:2408.16518},
  year={2024}
}

@article{brown1983discourse,
  title={Discourse analysis},
  author={Brown, Gillian},
  journal={Cambridge: Cambridge UP},
  year={1983}
}

@article{yeomans2022conversational,
  title={The Conversational Circumplex: Identifying, prioritizing, and pursuing informational and relational motives in conversation},
  author={Yeomans, Michael and Schweitzer, Maurice E and Brooks, Alison Wood},
  journal={Current Opinion in Psychology},
  volume={44},
  pages={293--302},
  year={2022},
  publisher={Elsevier}
}

@inproceedings{shriberg2004icsi,
  title={The ICSI meeting recorder dialog act (MRDA) corpus},
  author={Shriberg, Elizabeth and Dhillon, Raj and Bhagat, Sonali and Ang, Jeremy and Carvey, Hannah},
  booktitle={Proceedings of the 5th SIGdial Workshop on Discourse and Dialogue at HLT-NAACL 2004},
  pages={97--100},
  year={2004}
}

@article{neusiedler2024engaging,
  title={Engaging with the voice of the other through echoing: insights from participatory art},
  author={Neusiedler, Alice},
  journal={Culture and Organization},
  pages={1--18},
  year={2024},
  publisher={Taylor \& Francis}
}

@article{mcclure2011we,
  title={From “I am” to “we could be”: Creating dialogic learning communities in ESOL teacher education},
  author={McClure, Greg and Vasconcelos, Erika Fran{\c{c}}a de S},
  journal={Pedagogies: An International Journal},
  volume={6},
  number={2},
  pages={104--122},
  year={2011},
  publisher={Taylor \& Francis}
}


}