@inproceedings{yu2020bdd100k,
  title={Bdd100k: A diverse driving dataset for heterogeneous multitask learning},
  author={Yu, Fisher and Chen, Haofeng and Wang, Xin and Xian, Wenqi and Chen, Yingying and Liu, Fangchen and Madhavan, Vashisht and Darrell, Trevor},
  booktitle={CVPR},
  pages={2636--2645},
  year={2020}
}


@article{pang2020tju,
  title={TJU-DHD: A diverse high-resolution dataset for object detection},
  author={Pang, Yanwei and Cao, Jiale and Li, Yazhao and Xie, Jin and Sun, Hanqing and Gong, Jinfeng},
  journal={IEEE Trans. Image Process.},
  volume={30},
  pages={207--219},
  year={2020},
  publisher={IEEE}
}


@article{braun2018eurocity,
  title={The eurocity persons dataset: A novel benchmark for object detection},
  author={Braun, Markus and Krebs, Sebastian and Flohr, Fabian and Gavrila, Dariu M},
  journal={arXiv preprint arXiv:1805.07193},
  year={2018}
}

@inproceedings{zhao2019m2det,
  title={M2det: A single-shot object detector based on multi-level feature pyramid network},
  author={Zhao, Qijie and Sheng, Tao and Wang, Yongtao and Tang, Zhi and Chen, Ying and Cai, Ling and Ling, Haibin},
  booktitle={AAAI},
  volume={33},
  number={1},
  pages={9259--9266},
  year={2019}
}


@inproceedings{zhang2018single,
  title={Single-shot refinement neural network for object detection},
  author={Zhang, Shifeng and Wen, Longyin and Bian, Xiao and Lei, Zhen and Li, Stan Z},
  booktitle={CVPR},
  pages={4203--4212},
  year={2018}
}


@article{redmon2018yolov3,
  title={Yolov3: An incremental improvement},
  author={Redmon, Joseph and Farhadi, Ali},
  journal={arXiv preprint arXiv:1804.02767},
  year={2018}
}

@inproceedings{felzenszwalb2010cascade,
  title={Cascade object detection with deformable part models},
  author={Felzenszwalb, Pedro F and Girshick, Ross B and McAllester, David},
  booktitle={CVPR},
  pages={2241--2248},
  year={2010}
}

@article{felzenszwalb2009object,
  title={Object detection with discriminatively trained part-based models},
  author={Felzenszwalb, Pedro F and Girshick, Ross B and McAllester, David and Ramanan, Deva},
  journal={IEEE TPAMI},
  volume={32},
  number={9},
  pages={1627--1645},
  year={2009}
}

@inproceedings{girshick2015fast,
  title={Fast R-CNN},
  author={Girshick, Ross},
  booktitle={ICCV},
  pages={1440--1448},
  year={2015}
}


@article{ren2015faster,
  title={Faster R-CNN: Towards real-time object detection with region proposal networks},
  author={Ren, Shaoqing and He, Kaiming and Girshick, Ross and Sun, Jian},
  journal={NeurIPS},
  volume={28},
  pages={91--99},
  year={2015}
}


@inproceedings{girshick2014rich,
  title={Rich feature hierarchies for accurate object detection and semantic segmentation},
  author={Girshick, Ross and Donahue, Jeff and Darrell, Trevor and Malik, Jitendra},
  booktitle={CVPR},
  pages={580--587},
  year={2014}
}


@inproceedings{redmon2016you,
  title={You only look once: Unified, real-time object detection},
  author={Redmon, Joseph and Divvala, Santosh and Girshick, Ross and Farhadi, Ali},
  booktitle={CVPR},
  pages={779--788},
  year={2016}
}


@inproceedings{liu2016ssd,
  title={SSD: Single shot multibox detector},
  author={Liu, Wei and Anguelov, Dragomir and Erhan, Dumitru and Szegedy, Christian and Reed, Scott and Fu, Cheng-Yang and Berg, Alexander C},
  booktitle={ECCV},
  pages={21--37},
  year={2016}
}


@article{he2015spatial,
  title={Spatial pyramid pooling in deep convolutional networks for visual recognition},
  author={He, Kaiming and Zhang, Xiangyu and Ren, Shaoqing and Sun, Jian},
  journal={IEEE TPAMI},
  volume={37},
  number={9},
  pages={1904--1916},
  year={2015}
}


@inproceedings{STARoptimization,
  title={Optimization of spatial, temporal and amplitude resolution for rate-constrained video coding and scalable video adaptation},
  author={Hu, Hao and Ma, Zhan and Wang, Yao},
  booktitle={ICIP},
  pages={717--720},
  year={2012}
}


@inproceedings{lin2014microsoft,
  title={Microsoft COCO: Common objects in context},
  author={Lin, Tsung-Yi and Maire, Michael and Belongie, Serge and Hays, James and Perona, Pietro and Ramanan, Deva and Doll{\'a}r, Piotr and Zitnick, C Lawrence},
  booktitle={ECCV},
  pages={740--755},
  year={2014}
}


@inproceedings{zhao2019m2det,
  title={M2det: A single-shot object detector based on multi-level feature pyramid network},
  author={Zhao, Qijie and Sheng, Tao and Wang, Yongtao and Tang, Zhi and Chen, Ying and Cai, Ling and Ling, Haibin},
  booktitle={AAAI},
  pages={9259--9266},
  year={2019}
}



@book{Yao-videobook,
  title={Video processing and communications},
  author={Wang, Yao and Ostermann, J{\"o}rn and Zhang, Ya-Qin},
  volume={1},
  year={2002},
  publisher={Prentice hall Upper Saddle River, NJ}
}

@article{H265,
  title={Overview of the high efficiency video coding (HEVC) standard},
  author={Sullivan, Gary J and Ohm, Jens-Rainer and Han, Woo-Jin and Wiegand, Thomas},
  journal={IEEE Trans. Circuits Syst. Video Technol.},
  volume={22},
  number={12},
  pages={1649--1668},
  year={2012}
}


@inproceedings{YOLO,
  title={You only look once: Unified, real-time object detection},
  author={Redmon, Joseph and Divvala, Santosh and Girshick, Ross and Farhadi, Ali},
  booktitle={CVPR},
  pages={779--788},
  year={2016}
}




@misc{YOLO5scale,
  author = {YOLOv5},
  title = {YOLOv5 model with 5 scales},
  year = {2020},
  publisher = {GitHub},
  journal = {GitHub repository},
  howpublished = {\url{https://github.com/ultralytics/yolov5}}
}


@inproceedings{li2019cross,
  title={Cross-Safe: A computer vision-based approach to make all intersection-related pedestrian signals accessible for the visually impaired},
  author={Li, Xiang and Cui, Hanzhang and Rizzo, John-Ross and Wong, Edward and Fang, Yi},
  booktitle={Science and Information Conference},
  pages={132--146},
  year={2019},
  organization={Springer}
}

@inproceedings{shrestha2020active,
  title={Active crowd analysis for pandemic risk mitigation for blind or visually impaired persons},
  author={Shrestha, Samridha and Lu, Daohan and Tian, Hanlin and Cao, Qiming and Liu, Julie and Rizzo, John-Ross and Seiple, William H and Porfiri, Maurizio and Fang, Yi},
  booktitle={ECCV},
  pages={422--439},
  year={2020}
}

@article{dai2016r,
  title={R-fcn: Object detection via region-based fully convolutional networks},
  author={Dai, Jifeng and Li, Yi and He, Kaiming and Sun, Jian},
  journal={Advances in Neural Information Processing Systems},
  volume={29},
  year={2016}
}

@article{pascolini2012global,
  title={Global estimates of visual impairment: 2010},
  author={Pascolini, Donatella and Mariotti, Silvio Paolo},
  journal={British Journal of Ophthalmology},
  volume={96},
  number={5},
  pages={614--618},
  year={2012},
  publisher={BMJ Publishing Group Ltd}
}

@article{haymes2002relationship,
  title={Relationship between vision impairment and ability to perform activities of daily living},
  author={Haymes, Sharon A and Johnston, Alan W and Heyes, Anthony D},
  journal={Ophthalmic and Physiological Optics},
  volume={22},
  number={2},
  pages={79--91},
  year={2002},
  publisher={Wiley Online Library}
}

@article{kempen2012impact,
  title={The impact of low vision on activities of daily living, symptoms of depression, feelings of anxiety and social support in community-living older adults seeking vision rehabilitation services},
  author={Kempen, Gertrudis IJM and Ballemans, Judith and Ranchor, Adelita V and van Rens, Ger HMB and Zijlstra, GA},
  journal={Quality of life research},
  volume={21},
  number={8},
  pages={1405--1411},
  year={2012},
  publisher={Springer}
}

@inproceedings{deng2009imagenet,
  title={ImageNet: A large-scale hierarchical image database},
  author={Deng, Jia and Dong, Wei and Socher, Richard and Li, Li-Jia and Li, Kai and Fei-Fei, Li},
  booktitle={CVPR},
  pages={248--255},
  year={2009}
}





@article{ou2014q,
  title={Q-STAR: A perceptual video quality model considering impact of spatial, temporal, and amplitude resolutions},
  author={Ou, Yen-Fu and Xue, Yuanyi and Wang, Yao},
  journal={IEEE Trans. Image Process.},
  volume={23},
  number={6},
  pages={2473--2486},
  year={2014}
}


@inproceedings{ma2013analytical,
  title={Analytical rate model for compressed video considering impacts of spatial, temporal and amplitude resolutions},
  author={Ma, Zhan and Fernandes, Felix CA and Wang, Yao},
  booktitle={ICME Workshops},
  pages={1--6},
  year={2013},
  organization={IEEE}
}

@article{ma2012rate,
  title={Rate model for compressed video considering impacts of spatial, temporal and amplitude resolutions and its applications for video coding and adaptation},
  author={Ma, Zhan and Hu, Hao and Xu, Meng and Wang, Yao},
  journal={arXiv preprint arXiv:1206.2625},
  year={2012}
}

@inproceedings{wang2021real,
  title={Real-ESRGAN: Training real-world blind super-resolution with pure synthetic data},
  author={Wang, Xintao and Xie, Liangbin and Dong, Chao and Shan, Ying},
  booktitle={ICCV},
  pages={1905--1914},
  year={2021}
}


@misc{FFmpeg,
  author = {{FFmpeg project}},
  title = {{FFmpeg}},
  year = {2013},
  howpublished = {\url{https://ffmpeg.org/}},
  version = {4.3.1}
}

@misc{BPG,
  author = {{BPG project}},
  title = {{BPG Image format}},
  year = {2018},
  howpublished = {\url{https://bellard.org/bpg/}},
  version = {0.9.8}
}


@inproceedings{aqqa2019understanding,
  title={Understanding How Video Quality Affects Object Detection Algorithms.},
  author={Aqqa, Miloud and Mantini, Pranav and Shah, Shishir K},
  booktitle={VISIGRAPP (5: VISAPP)},
  pages={96--104},
  year={2019}
}

@inproceedings{koumaras2012benchmarking,
  title={Benchmarking the encoding efficiency of h. 265/hevc and h. 264/avc},
  author={Koumaras, Harilaos and Kourtis, Michail-Alexandros and Martakos, Drakoulis},
  booktitle={Future Network \& Mobile Summit},
  pages={1--7},
  year={2012},
  organization={IEEE}
}

@inproceedings{lowe1999object,
  title={Object recognition from local scale-invariant features},
  author={Lowe, David G},
  booktitle={ICCV},
  volume={2},
  pages={1150--1157},
  year={1999}
}


@inproceedings{dalal2005histograms,
  title={Histograms of oriented gradients for human detection},
  author={Dalal, Navneet and Triggs, Bill},
  booktitle={CVPR},
  volume={1},
  pages={886--893},
  year={2005}
}


@inproceedings{papageorgiou1998general,
  title={A general framework for object detection},
  author={Papageorgiou, Constantine P and Oren, Michael and Poggio, Tomaso},
  booktitle={ICCV},
  pages={555--562},
  year={1998}
}



@article{viola2004robust,
  title={Robust real-time face detection},
  author={Viola, Paul and Jones, Michael J},
  journal={International Journal of Computer Vision},
  volume={57},
  number={2},
  pages={137--154},
  year={2004},
  publisher={Springer}
}

@inproceedings{zhu2019learning,
  title={Learning object-specific distance from a monocular image},
  author={Zhu, Jing and Fang, Yi},
  booktitle={ICCV},
  pages={3839--3848},
  year={2019}
}


@inproceedings{liu2018path,
  title={Path aggregation network for instance segmentation},
  author={Liu, Shu and Qi, Lu and Qin, Haifang and Shi, Jianping and Jia, Jiaya},
  booktitle={CVPR},
  pages={8759--8768},
  year={2018}
}

@article{yuan2021network,
  title={Network-Aware 5G Edge Computing for Object Detection: Augmenting Wearables to "See" More, Farther and Faster},
  author={Yuan, Zhongzheng and Azzino, Tommy and Hao, Yu and Lyu, Yixuan and Pei, Haoyang and Boldini, Alain and Mezzavilla, Marco and Beheshti, Mahya and Porfiri, Maurizio and Hudson, Todd and others},
  journal={arXiv preprint arXiv:2112.13194},
  year={2021}
}

@inproceedings{hao2022detect,
  title={Detect and Approach: Close-Range Navigation Support for People with Blindness and Low Vision},
  author={Hao, Yu and Feng, Junchi and Rizzo, John-Ross and Wang, Yao and Fang, Yi},
  booktitle={ECCV},
  pages={607--622},
  year={2022}
}

@article{zeng2022robotic,
  title={Robotic pick-and-place of novel objects in clutter with multi-affordance grasping and cross-domain image matching},
  author={Zeng, Andy and Song, Shuran and Yu, Kuan-Ting and Donlon, Elliott and Hogan, Francois R and Bauza, Maria and Ma, Daolin and Taylor, Orion and Liu, Melody and Romo, Eudald and others},
  journal={International Journal of Robotics Research},
  volume={41},
  number={7},
  pages={690--705},
  year={2022},
  publisher={SAGE Publications Sage UK: London, England}
}

@inproceedings{murali20206,
  title={6-dof grasping for target-driven object manipulation in clutter},
  author={Murali, Adithyavairavan and Mousavian, Arsalan and Eppner, Clemens and Paxton, Chris and Fox, Dieter},
  booktitle={ICRA},
  pages={6232--6238},
  year={2020}
}

@article{sun2021gater,
  title={Gater: Learning grasp-action-target embeddings and relations for task-specific grasping},
  author={Sun, Ming and Gao, Yue},
  journal={IEEE Robotics and Automation Letters},
  volume={7},
  number={1},
  pages={618--625},
  year={2021},
  publisher={IEEE}
}


@inproceedings{laskey2016robot,
  title={Robot grasping in clutter: Using a hierarchy of supervisors for learning from demonstrations},
  author={Laskey, Michael and Lee, Jonathan and Chuck, Caleb and Gealy, David and Hsieh, Wesley and Pokorny, Florian T and Dragan, Anca D and Goldberg, Ken},
  booktitle={CASE},
  pages={827--834},
  year={2016}
}

@article{devlin2018bert,
  title={BERT: Pre-training of deep bidirectional transformers for language understanding},
  author={Devlin, Jacob and Chang, Ming-Wei and Lee, Kenton and Toutanova, Kristina},
  journal={arXiv preprint arXiv:1810.04805},
  year={2018}
}

@inproceedings{radford2021learning,
  title={Learning transferable visual models from natural language supervision},
  author={Radford, Alec and Kim, Jong Wook and Hallacy, Chris and Ramesh, Aditya and Goh, Gabriel and Agarwal, Sandhini and Sastry, Girish and Askell, Amanda and Mishkin, Pamela and Clark, Jack and others},
  booktitle={ICML},
  pages={8748--8763},
  year={2021}
}

@article{xu2023joint,
  title={A Joint Modeling of Vision-Language-Action for Target-oriented Grasping in Clutter},
  author={Xu, Kechun and Zhao, Shuqi and Zhou, Zhongxiang and Li, Zizhang and Pi, Huaijin and Zhu, Yifeng and Wang, Yue and Xiong, Rong},
  journal={arXiv preprint arXiv:2302.12610},
  year={2023}
}

@article{tang2023task,
  title={Task-Oriented Grasp Prediction with Visual-Language Inputs},
  author={Tang, Chao and Huang, Dehao and Meng, Lingxiao and Liu, Weiyu and Zhang, Hong},
  journal={arXiv preprint arXiv:2302.14355},
  year={2023}
}

@article{ahn2022can,
  title={Do as I can, not as I say: Grounding language in robotic affordances},
  author={Ahn, Michael and Brohan, Anthony and Brown, Noah and Chebotar, Yevgen and Cortes, Omar and David, Byron and Finn, Chelsea and Fu, Chuyuan and Gopalakrishnan, Keerthana and Hausman, Karol and others},
  journal={arXiv preprint arXiv:2204.01691},
  year={2022}
}

@inproceedings{radford2023robust,
  title={Robust speech recognition via large-scale weak supervision},
  author={Radford, Alec and Kim, Jong Wook and Xu, Tao and Brockman, Greg and McLeavey, Christine and Sutskever, Ilya},
  booktitle={ICML},
  pages={28492--28518},
  year={2023}
}

@article{liu2023grounding,
  title={Grounding DINO: Marrying DINO with grounded pre-training for open-set object detection},
  author={Liu, Shilong and Zeng, Zhaoyang and Ren, Tianhe and Li, Feng and Zhang, Hao and Yang, Jie and Li, Chunyuan and Yang, Jianwei and Su, Hang and Zhu, Jun and others},
  journal={arXiv preprint arXiv:2303.05499},
  year={2023}
}

@article{mahler2017dex,
  title={Dex-net 2.0: Deep learning to plan robust grasps with synthetic point clouds and analytic grasp metrics},
  author={Mahler, Jeffrey and Liang, Jacky and Niyaz, Sherdil and Laskey, Michael and Doan, Richard and Liu, Xinyu and Ojea, Juan Aparicio and Goldberg, Ken},
  journal={arXiv preprint arXiv:1703.09312},
  year={2017}
}

@article{chu2018real,
  title={Real-world multiobject, multigrasp detection},
  author={Chu, Fu-Jen and Xu, Ruinian and Vela, Patricio A},
  journal={IEEE Robotics and Automation Letters},
  volume={3},
  number={4},
  pages={3355--3362},
  year={2018},
  publisher={IEEE}
}

@inproceedings{mousavian2019,
  title={6-dof graspnet: Variational grasp generation for object manipulation},
  author={Mousavian, Arsalan and Eppner, Clemens and Fox, Dieter},
  booktitle={ICCV},
  pages={2901--2910},
  year={2019}
}

@inproceedings{hatori2018interactively,
  title={Interactively picking real-world objects with unconstrained spoken language instructions},
  author={Hatori, Jun and Kikuchi, Yuta and Kobayashi, Sosuke and Takahashi, Kuniyuki and Tsuboi, Yuta and Unno, Yuya and Ko, Wilson and Tan, Jethro},
  booktitle={ICRA},
  pages={3774--3781},
  year={2018}
}

@article{shridhar2018interactive,
  title={Interactive visual grounding of referring expressions for human-robot interaction},
  author={Shridhar, Mohit and Hsu, David},
  journal={arXiv preprint arXiv:1806.03831},
  year={2018}
}

@article{yao2023tree,
  title={Tree of thoughts: Deliberate problem solving with large language models},
  author={Yao, Shunyu and Yu, Dian and Zhao, Jeffrey and Shafran, Izhak and Griffiths, Thomas L and Cao, Yuan and Narasimhan, Karthik},
  journal={arXiv preprint arXiv:2305.10601},
  year={2023}
}

@article{wei2022chain,
  title={Chain-of-thought prompting elicits reasoning in large language models},
  author={Wei, Jason and Wang, Xuezhi and Schuurmans, Dale and Bosma, Maarten and Xia, Fei and Chi, Ed and Le, Quoc V and Zhou, Denny and others},
  journal={Advances in Neural Information Processing Systems},
  volume={35},
  pages={24824--24837},
  year={2022}
}

@article{ge2023chain,
  title={Chain of Thought Prompt Tuning in Vision Language Models},
  author={Ge, Jiaxin and Luo, Hongyin and Qian, Siyuan and Gan, Yulu and Fu, Jie and Zhan, Shanghang},
  journal={arXiv preprint arXiv:2304.07919},
  year={2023}
}


@inproceedings{redmon2016you,
  title={You only look once: Unified, real-time object detection},
  author={Redmon, Joseph and Divvala, Santosh and Girshick, Ross and Farhadi, Ali},
  booktitle={CVPR},
  pages={779--788},
  year={2016}
}

@inproceedings{girshick2015fast,
  title={Fast R-CNN},
  author={Girshick, Ross},
  booktitle={ICCV},
  pages={1440--1448},
  year={2015}
}

@inproceedings{radford2021learning,
  title={Learning transferable visual models from natural language supervision},
  author={Radford, Alec and Kim, Jong Wook and Hallacy, Chris and Ramesh, Aditya and Goh, Gabriel and Agarwal, Sandhini and Sastry, Girish and Askell, Amanda and Mishkin, Pamela and Clark, Jack and others},
  booktitle={ICML},
  pages={8748--8763},
  year={2021},
  organization={PMLR}
}

@article{floridi2020gpt,
  title={GPT-3: Its nature, scope, limits, and consequences},
  author={Floridi, Luciano and Chiriatti, Massimo},
  journal={Minds and Machines},
  volume={30},
  pages={681--694},
  year={2020},
  publisher={Springer}
}

@article{minderer2205simple,
  title={Simple open-vocabulary object detection with vision transformers. arXiv 2022},
  author={Minderer, M and Gritsenko, A and Stone, A and Neumann, M and Weissenborn, D and Dosovitskiy, A and Mahendran, A and Arnab, A and Dehghani, M and Shen, Z and others},
  journal={arXiv preprint arXiv:2205.06230}
}

@inproceedings{kamath2021mdetr,
  title={Mdetr-modulated detection for end-to-end multi-modal understanding},
  author={Kamath, Aishwarya and Singh, Mannat and LeCun, Yann and Synnaeve, Gabriel and Misra, Ishan and Carion, Nicolas},
  booktitle={ICCV},
  pages={1780--1790},
  year={2021}
}

@article{schulman2017proximal,
  title={Proximal policy optimization algorithms},
  author={Schulman, John and Wolski, Filip and Dhariwal, Prafulla and Radford, Alec and Klimov, Oleg},
  journal={arXiv preprint arXiv:1707.06347},
  year={2017}
}

@inproceedings{liu2021swin,
  title={Swin transformer: Hierarchical vision transformer using shifted windows},
  author={Liu, Ze and Lin, Yutong and Cao, Yue and Hu, Han and Wei, Yixuan and Zhang, Zheng and Lin, Stephen and Guo, Baining},
  booktitle={ICCV},
  pages={10012--10022},
  year={2021}
}

@article{devlin2018bert,
  title={BERT: Pre-training of deep bidirectional transformers for language understanding},
  author={Devlin, Jacob and Chang, Ming-Wei and Lee, Kenton and Toutanova, Kristina},
  journal={arXiv preprint arXiv:1810.04805},
  year={2018}
}

@inproceedings{koenig2004design,
  title={Design and use paradigms for gazebo, an open-source multi-robot simulator},
  author={Koenig, Nathan and Howard, Andrew},
  booktitle={IROS},
  volume={3},
  pages={2149--2154},
  year={2004}
}

@inproceedings{liu2022design,
  title={Design guidelines for prompt engineering text-to-image generative models},
  author={Liu, Vivian and Chilton, Lydia B},
  booktitle={CHI},
  pages={1--23},
  year={2022}
}

@article{brohan2022rt,
  title={RT-1: Robotics transformer for real-world control at scale},
  author={Brohan, Anthony and Brown, Noah and Carbajal, Justice and Chebotar, Yevgen and Dabis, Joseph and Finn, Chelsea and Gopalakrishnan, Keerthana and Hausman, Karol and Herzog, Alex and Hsu, Jasmine and others},
  journal={arXiv preprint arXiv:2212.06817},
  year={2022}
}

@article{brohan2023rt,
  title={RT-2: Vision-language-action models transfer web knowledge to robotic control},
  author={Brohan, Anthony and Brown, Noah and Carbajal, Justice and Chebotar, Yevgen and Chen, Xi and Choromanski, Krzysztof and Ding, Tianli and Driess, Danny and Dubey, Avinava and Finn, Chelsea and others},
  journal={arXiv preprint arXiv:2307.15818},
  year={2023}
}

@inproceedings{liang2023code,
  title={Code as policies: Language model programs for embodied control},
  author={Liang, Jacky and Huang, Wenlong and Xia, Fei and Xu, Peng and Hausman, Karol and Ichter, Brian and Florence, Pete and Zeng, Andy},
  booktitle={ICRA},
  pages={9493--9500},
  year={2023}
}

@article{zhang2023multimodal,
  title={Multimodal chain-of-thought reasoning in language models},
  author={Zhang, Zhuosheng and Zhang, Aston and Li, Mu and Zhao, Hai and Karypis, George and Smola, Alex},
  journal={arXiv preprint arXiv:2302.00923},
  year={2023}
}

@inproceedings{chen2023open,
  title={Open-vocabulary queryable scene representations for real world planning},
  author={Chen, Boyuan and Xia, Fei and Ichter, Brian and Rao, Kanishka and Gopalakrishnan, Keerthana and Ryoo, Michael S and Stone, Austin and Kappler, Daniel},
  booktitle={ICRA},
  pages={11509--11522},
  year={2023}
}

@article{karaman2011sampling,
  title={Sampling-based algorithms for optimal motion planning},
  author={Karaman, Sertac and Frazzoli, Emilio},
  journal={IJRR},
  volume={30},
  number={7},
  pages={846--894},
  year={2011},
  publisher={Sage Publications Sage UK: London, England}
}

@article{ha2020learning,
  title={Learning a decentralized multi-arm motion planner},
  author={Ha, Huy and Xu, Jingxi and Song, Shuran},
  journal={arXiv preprint arXiv:2011.02608},
  year={2020}
}

@inproceedings{mirrazavi2016coordinated,
  title={Coordinated multi-arm motion planning: Reaching for moving objects in the face of uncertainty},
  author={Mirrazavi Salehian, Seyed Sina and Figueroa Fernandez, Nadia Barbara and Billard, Aude},
  booktitle={RSS},
  year={2016}
}

@article{liu2022multi,
  title={Multi-agent embodied visual semantic navigation with scene prior knowledge},
  author={Liu, Xinzhu and Guo, Di and Liu, Huaping and Sun, Fuchun},
  journal={RA-L},
  volume={7},
  number={2},
  pages={3154--3161},
  year={2022},
  publisher={IEEE}
}

@inproceedings{jain2020cordial,
  title={A cordial sync: Going beyond marginal policies for multi-agent embodied tasks},
  author={Jain, Unnat and Weihs, Luca and Kolve, Eric and Farhadi, Ali and Lazebnik, Svetlana and Kembhavi, Aniruddha and Schwing, Alexander},
  booktitle={ECCV},
  pages={471--490},
  year={2020}
}

@article{puig2020watch,
  title={Watch-and-help: A challenge for social perception and human-ai collaboration},
  author={Puig, Xavier and Shu, Tianmin and Li, Shuang and Wang, Zilin and Liao, Yuan-Hong and Tenenbaum, Joshua B and Fidler, Sanja and Torralba, Antonio},
  journal={arXiv preprint arXiv:2010.09890},
  year={2020}
}

@article{andrychowicz2020learning,
  title={Learning dexterous in-hand manipulation},
  author={Andrychowicz, Marcin and Baker, Bowen and Chociej, Maciek and Jozefowicz, Rafal and McGrew, Bob and Pachocki, Jakub and Petron, Arthur and Plappert, Matthias and Powell, Glenn and Ray, Alex and others},
  journal={International Journal of Robotics Research},
  volume={39},
  number={1},
  pages={3--20},
  year={2020},
  publisher={SAGE Publications Sage UK: London, England}
}

@article{eisner2022flowbot3d,
  title={Flowbot3d: Learning 3d articulation flow to manipulate articulated objects},
  author={Eisner, Ben and Zhang, Harry and Held, David},
  journal={arXiv preprint arXiv:2205.04382},
  year={2022}
}

@article{huang2023voxposer,
  title={Voxposer: Composable 3d value maps for robotic manipulation with language models},
  author={Huang, Wenlong and Wang, Chen and Zhang, Ruohan and Li, Yunzhu and Wu, Jiajun and Fei-Fei, Li},
  journal={arXiv preprint arXiv:2307.05973},
  year={2023}
}

@inproceedings{mo2021where2act,
  title={Where2act: From pixels to actions for articulated 3d objects},
  author={Mo, Kaichun and Guibas, Leonidas J and Mukadam, Mustafa and Gupta, Abhinav and Tulsiani, Shubham},
  booktitle={ICCV},
  pages={6813--6823},
  year={2021}
}

@inproceedings{zhang2021vinvl,
  title={Vinvl: Revisiting visual representations in vision-language models},
  author={Zhang, Pengchuan and Li, Xiujun and Hu, Xiaowei and Yang, Jianwei and Zhang, Lei and Wang, Lijuan and Choi, Yejin and Gao, Jianfeng},
  booktitle={CVPR},
  pages={5579--5588},
  year={2021}
}

@article{lin2023medical,
  title={Medical visual question answering: A survey},
  author={Lin, Zhihong and Zhang, Donghao and Tao, Qingyi and Shi, Danli and Haffari, Gholamreza and Wu, Qi and He, Mingguang and Ge, Zongyuan},
  journal={Artificial Intelligence in Medicine},
  volume={143},
  pages={102611},
  year={2023},
  publisher={Elsevier}
}

@inproceedings{shao2023prompting,
  title={Prompting large language models with answer heuristics for knowledge-based visual question answering},
  author={Shao, Zhenwei and Yu, Zhou and Wang, Meng and Yu, Jun},
  booktitle={CVPR},
  pages={14974--14983},
  year={2023}
}

@inproceedings{zitkovich2023rt,
  title={RT-2: Vision-language-action models transfer web knowledge to robotic control},
  author={Zitkovich, Brianna and Yu, Tianhe and Xu, Sichun and Xu, Peng and Xiao, Ted and Xia, Fei and Wu, Jialin and Wohlhart, Paul and Welker, Stefan and Wahid, Ayzaan and others},
  booktitle={CoRL},
  pages={2165--2183},
  year={2023},
  organization={PMLR}
}

@article{huang2022inner,
  title={Inner monologue: Embodied reasoning through planning with language models},
  author={Huang, Wenlong and Xia, Fei and Xiao, Ted and Chan, Harris and Liang, Jacky and Florence, Pete and Zeng, Andy and Tompson, Jonathan and Mordatch, Igor and Chebotar, Yevgen and others},
  journal={arXiv preprint arXiv:2207.05608},
  year={2022}
}

@inproceedings{li2024manipllm,
  title={Manipllm: Embodied multimodal large language model for object-centric robotic manipulation},
  author={Li, Xiaoqi and Zhang, Mingxu and Geng, Yiran and Geng, Haoran and Long, Yuxing and Shen, Yan and Zhang, Renrui and Liu, Jiaming and Dong, Hao},
  booktitle={CVPR},
  pages={18061--18070},
  year={2024}
}

@article{shinn2024reflexion,
  title={Reflexion: Language agents with verbal reinforcement learning},
  author={Shinn, Noah and Cassano, Federico and Gopinath, Ashwin and Narasimhan, Karthik and Yao, Shunyu},
  journal={NeurIPS},
  volume={36},
  year={2024}
}

@article{konda1999actor,
  title={Actor-critic algorithms},
  author={Konda, Vijay and Tsitsiklis, John},
  journal={NeurIPS},
  volume={12},
  year={1999}
}

@article{kannan2023smart,
  title={Smart-llm: Smart multi-agent robot task planning using large language models},
  author={Kannan, Shyam Sundar and Venkatesh, Vishnunandan LN and Min, Byung-Cheol},
  journal={arXiv preprint arXiv:2309.10062},
  year={2023}
}

@article{jiao2023swarm,
  title={Swarm-gpt: Combining large language models with safe motion planning for robot choreography design},
  author={Jiao, Aoran and Patel, Tanmay P and Khurana, Sanjmi and Korol, Anna-Mariya and Brunke, Lukas and Adajania, Vivek K and Culha, Utku and Zhou, Siqi and Schoellig, Angela P},
  journal={NeurIPSW},
  year={2023}
}

@inproceedings{yang2024embodied,
  title={Embodied multi-modal agent trained by an llm from a parallel textworld},
  author={Yang, Yijun and Zhou, Tianyi and Li, Kanxue and Tao, Dapeng and Li, Lusong and Shen, Li and He, Xiaodong and Jiang, Jing and Shi, Yuhui},
  booktitle={CVPR},
  pages={26275--26285},
  year={2024}
}

@article{kingma2013auto,
  title={Auto-encoding variational bayes},
  author={Kingma, Diederik P},
  journal={arXiv preprint arXiv:1312.6114},
  year={2013}
}

@inproceedings{mandi2024roco,
  title={Roco: Dialectic multi-robot collaboration with large language models},
  author={Mandi, Zhao and Jain, Shreeya and Song, Shuran},
  booktitle={ICRA},
  pages={286--299},
  year={2024}
}

@inproceedings{gu2024conceptgraphs,
  title={Conceptgraphs: Open-vocabulary 3d scene graphs for perception and planning},
  author={Gu, Qiao and Kuwajerwala, Ali and Morin, Sacha and Jatavallabhula, Krishna Murthy and Sen, Bipasha and Agarwal, Aditya and Rivera, Corban and Paul, William and Ellis, Kirsty and Chellappa, Rama and others},
  booktitle={ICRA},
  pages={5021--5028},
  year={2024}
}

@inproceedings{tong2024oval,
  title={OVAL-Prompt: Open-Vocabulary Affordance Localization for Robot Manipulation through LLM Affordance-Grounding},
  author={Tong, Edmond and Opipari, Anthony and Lewis, Stanley Robert and Zeng, Zhen and Jenkins, Odest Chadwicke},
  booktitle={ICRA Workshops},
  year={2024}
}

@inproceedings{xie2023language,
  title={Language-conditioned path planning},
  author={Xie, Amber and Lee, Youngwoon and Abbeel, Pieter and James, Stephen},
  booktitle={CoRL},
  pages={3384--3396},
  year={2023},
  organization={PMLR}
}

@article{zeng2022socratic,
  title={Socratic models: Composing zero-shot multimodal reasoning with language},
  author={Zeng, Andy and Attarian, Maria and Ichter, Brian and Choromanski, Krzysztof and Wong, Adrian and Welker, Stefan and Tombari, Federico and Purohit, Aveek and Ryoo, Michael and Sindhwani, Vikas and others},
  journal={arXiv preprint arXiv:2204.00598},
  year={2022}
}

@inproceedings{puig2023nopa,
  title={NOPA: Neurally-guided online probabilistic assistance for building socially intelligent home assistants},
  author={Puig, Xavier and Shu, Tianmin and Tenenbaum, Joshua B and Torralba, Antonio},
  booktitle={ICRA},
  pages={7628--7634},
  year={2023}
}

@misc{ufactory2023,
  title        = {Cost-Effective Cobot Robots},
  howpublished = {UFactory},
  year         = {2023},
  note         = {Available online: \url{https://www.ufactory.cc}}
}

@article{minderer2022simple,
  title={Simple open-vocabulary object detection with vision transformers. arxiv 2022},
  author={Minderer, M and Gritsenko, A and Stone, A and Neumann, M and Weissenborn, D and Dosovitskiy, A and Mahendran, A and Arnab, A and Dehghani, M and Shen, Z and others},
  journal={arXiv preprint arXiv:2205.06230},
  volume={2},
  year={2022}
}

@inproceedings{keselman2017intel,
  title={Intel realsense stereoscopic depth cameras},
  author={Keselman, Leonid and Iselin Woodfill, John and Grunnet-Jepsen, Anders and Bhowmik, Achintya},
  booktitle={CVPRW},
  pages={1--10},
  year={2017}
}

@inproceedings{zhang2022multi,
  title={Multi-agent path finding for precedence-constrained goal sequences},
  author={Zhang, Han and Chen, Jingkai and Li, Jiaoyang and Williams, Brian and Koenig, Sven},
  booktitle={AAMAS},
  year={2022}
}

@article{khurana2023natural,
  title={Natural language processing: state of the art, current trends and challenges},
  author={Khurana, Diksha and Koli, Aditya and Khatter, Kiran and Singh, Sukhdev},
  journal={Multimedia Tools and Applications},
  volume={82},
  number={3},
  pages={3713--3744},
  year={2023},
  publisher={Springer}
}

@inproceedings{ravi2023vlc,
  title={VLC-BERT: Visual Question Answering with Contextualized Commonsense Knowledge},
  author={Ravi, Sahithya and Chinchure, Aditya and Sigal, Leonid and Liao, Renjie and Shwartz, Vered},
  booktitle={WACV},
  pages={1155--1165},
  year={2023}
}

@article{achiam2023gpt,
  title={GPT-4 Technical Report},
  author={Achiam, Josh and Adler, Steven and Agarwal, Sandhini and Ahmad, Lama and Akkaya, Ilge and Aleman, Florencia Leoni and Almeida, Diogo and Altenschmidt, Janko and Altman, Sam and Anadkat, Shyamal and others},
  journal={arXiv preprint arXiv:2303.08774},
  year={2023}
}


@misc{wang2024helpsteer2preferencecomplementingratingspreferences,
      title={HelpSteer2-Preference: Complementing Ratings with Preferences}, 
      author={Zhilin Wang and Alexander Bukharin and Olivier Delalleau and Daniel Egert and Gerald Shen and Jiaqi Zeng and Oleksii Kuchaiev and Yi Dong},
      year={2024},
      eprint={2410.01257},
      archivePrefix={arXiv},
      primaryClass={cs.LG},
      url={https://arxiv.org/abs/2410.01257}, 
}

@article{dubey2024llama,
  title={The llama 3 herd of models},
  author={Dubey, Abhimanyu and Jauhri, Abhinav and Pandey, Abhinav and Kadian, Abhishek and Al-Dahle, Ahmad and Letman, Aiesha and Mathur, Akhil and Schelten, Alan and Yang, Amy and Fan, Angela and others},
  journal={arXiv preprint arXiv:2407.21783},
  year={2024}
}

@inproceedings{wen2025goal,
  title={Goal-Driven Transformer for Robot Behavior Learning from Play Data},
  author={Wen, Congcong and Liang, Jiazhao and Yuan, Shuaihang and Huang, Hao and Hao, Yu and Lin, Hui and Liu, Yu-Shen and Fang, Yi},
  booktitle={International Conference on Pattern Recognition},
  pages={346--359},
  year={2025},
  organization={Springer}
}

@inproceedings{wen2025zero,
  title={Zero-shot object navigation with vision-language models reasoning},
  author={Wen, Congcong and Huang, Yisiyuan and Huang, Hao and Huang, Yanjia and Yuan, Shuaihang and Hao, Yu and Lin, Hui and Liu, Yu-Shen and Fang, Yi},
  booktitle={International Conference on Pattern Recognition},
  pages={389--404},
  year={2025},
  organization={Springer}
}

@article{wen2024secure,
  title={How Secure Are Large Language Models (LLMs) for Navigation in Urban Environments?},
  author={Wen, Congcong and Liang, Jiazhao and Yuan, Shuaihang and Huang, Hao and Fang, Yi},
  journal={arXiv preprint arXiv:2402.09546},
  year={2024}
}

@article{wen2024enhancing,
  title={Enhancing socially-aware robot navigation through bidirectional natural language conversation},
  author={Wen, Congcong and Liu, Yifan and Bethala, Geeta Chandra Raju and Peng, Zheng and Lin, Hui and Liu, Yu-Shen and Fang, Yi},
  journal={arXiv preprint arXiv:2409.04965},
  year={2024}
}