@article{Aghabozorgi2015Time-seriesReview,
    title = {{Time-series clustering - A decade review}},
    year = {2015},
    journal = {Information Systems},
    author = {Aghabozorgi, Saeed and Seyed Shirkhorshidi, Ali and Ying Wah, Teh},
    month = {5},
    pages = {16--38},
    volume = {53},
    publisher = {Elsevier Ltd},
    doi = {10.1016/j.is.2015.04.007},
    issn = {03064379},
    keywords = {Clustering, Distance measure, Evaluation measure, Representations, Time-series}
}

@article{Allee2021PredictingModels,
    title = {{Predicting initial electricity demand in off-grid Tanzanian communities using customer survey data and machine learning models}},
    year = {2021},
    journal = {Energy for Sustainable Development},
    author = {Allee, Andrew and Williams, Nathaniel J. and Davis, Alexander and Jaramillo, Paulina},
    month = {6},
    pages = {56--66},
    volume = {62},
    publisher = {Elsevier B.V.},
    doi = {10.1016/j.esd.2021.03.008},
    issn = {23524669},
    keywords = {Africa, Machine learning, Microgrid, Mini-grid, Off-grid, Rural electrification}
}

@inproceedings{Ausmus2020ImprovingWarping,
    title = {{Improving the Accuracy of Clustering Electric Utility Net Load Data using Dynamic Time Warping}},
    year = {2020},
    booktitle = {Proceedings of the IEEE Power Engineering Society Transmission and Distribution Conference},
    author = {Ausmus, Jason R. and Sen, Pankaj K.P.K. and Wu, Tianying and Adhikari, Uttam and Zhang, Yingchen and Krishnan, Venkat},
    month = {10},
    volume = {2020-October},
    publisher = {Institute of Electrical and Electronics Engineers Inc.},
    isbn = {9781728145471},
    doi = {10.1109/TD39804.2020.9299915},
    issn = {21608563},
    keywords = {Electric load profiles, clustering, machine learning, pattern recognition, time-series}
}

@inproceedings{Begum2015AcceleratingStrategy,
    title = {{Accelerating dynamic time warping clustering with a novel admissible pruning strategy}},
    year = {2015},
    booktitle = {Proceedings of the ACM SIGKDD International Conference on Knowledge Discovery and Data Mining},
    author = {Begum, Nurjahan and Ulanova, Liudmila and Wang, Jun and Keogh, Eamonn},
    month = {8},
    pages = {49--58},
    volume = {2015-August},
    publisher = {Association for Computing Machinery},
    isbn = {9781450336642},
    doi = {10.1145/2783258.2783286},
    keywords = {Anytime algorithms, Clustering, Time series}
}

@misc{Bhattacharyya2021AAsia,
    title = {{A critical review of literature on the nexus between central grid and off-grid solutions for expanding access to electricity in Sub-Saharan Africa and South Asia}},
    year = {2021},
    booktitle = {Renewable and Sustainable Energy Reviews},
    author = {Bhattacharyya, S. C. and Palit, D.},
    month = {5},
    volume = {141},
    publisher = {Elsevier Ltd},
    doi = {10.1016/j.rser.2021.110792},
    issn = {18790690},
    keywords = {Electricity access, Electricity regulations, HOMER, Network planner, OnSSET, Rural electrification planning}
}

@article{Bisaga2017ScalableSolar,
    title = {{Scalable off-grid energy services enabled by IoT: A case study of BBOXX SMART Solar}},
    year = {2017},
    journal = {Energy Policy},
    author = {Bisaga, Iwona and Pu{\'{z}}niak-Holford, Nathan and Grealish, Ashley and Baker-Brian, Christopher and Parikh, Priti},
    pages = {199--207},
    volume = {109},
    publisher = {Elsevier Ltd},
    doi = {10.1016/j.enpol.2017.07.004},
    issn = {03014215},
    keywords = {Energy data, IoT for development, Off-grid energy, Off-grid energy business models, Remote monitoring, Solar Home Systems}
}

@article{Bisaga2018ToLens,
    title = {{To climb or not to climb? Investigating energy use behaviour among Solar Home System adopters through energy ladder and social practice lens}},
    year = {2018},
    journal = {Energy Research and Social Science},
    author = {Bisaga, Iwona and Parikh, Priti},
    month = {10},
    pages = {293--303},
    volume = {44},
    publisher = {Elsevier Ltd},
    doi = {10.1016/j.erss.2018.05.019},
    issn = {22146296},
    keywords = {Rwanda, Social practice theory, Solar Home Systems, Solar energy ladder}
}

@article{Blimpo2020WhyAfrica,
    title = {{Why is household electricity uptake low in Sub-Saharan Africa?}},
    year = {2020},
    journal = {World Development},
    author = {Blimpo, Moussa P. and Postepska, Agnieszka and Xu, Yanbin},
    month = {9},
    volume = {133},
    publisher = {Elsevier Ltd},
    doi = {10.1016/j.worlddev.2020.105002},
    issn = {18735991},
    keywords = {Demand side barriers, Electricity access, Sub-Saharan Africa, Uptake}
}

@article{Blodgett2017AccuracyUserconsumption,
    title = {{Accuracy of energy-use surveys in predicting rural mini-grid userÂ consumption}},
    year = {2017},
    journal = {Energy for Sustainable Development},
    author = {Blodgett, Courtney and Dauenhauer, Peter and Louie, Henry and Kickham, Lauren},
    month = {12},
    pages = {88--105},
    volume = {41},
    publisher = {Elsevier B.V.},
    doi = {10.1016/j.esd.2017.08.002},
    issn = {09730826},
    keywords = {Energy estimation, Energy-use survey, Micro-grids, Mini-grids, Rural electrification, Solar power}
}

@article{Boait2015EstimationCountries,
    title = {{Estimation of demand diversity and daily demand profile for off-grid electrification in developing countries}},
    year = {2015},
    journal = {Energy for Sustainable Development},
    author = {Boait, P. and Advani, V. and Gammon, R.},
    month = {12},
    pages = {135--141},
    volume = {29},
    publisher = {Elsevier B.V.},
    doi = {10.1016/j.esd.2015.10.009},
    issn = {23524669},
    keywords = {Demand diversity, Micro-grid, Mini-grid, Monte Carlo model}
}

@article{Boait2017ESCoBox:World,
    title = {{ESCoBox: A set of tools for mini-grid sustainability in the developing world}},
    year = {2017},
    journal = {Sustainability (Switzerland)},
    author = {Boait, Peter and Gammon, Rupert and Advani, Varun and Wade, Neal and Greenwood, David and Davison, Peter},
    number = {5},
    volume = {9},
    publisher = {MDPI AG},
    doi = {10.3390/su9050738},
    issn = {20711050},
    keywords = {Battery management, Demand-side management, Micro-grid, Mini-grid}
}

@inproceedings{DenHeeten2017UnderstandingElectrification,
    title = {{Understanding the present and the future electricity needs: Consequences for design of future Solar Home Systems for off-grid rural electrification}},
    year = {2017},
    booktitle = {Proceedings of the 25th Conference on the Domestic Use of Energy, DUE 2017},
    author = {Den Heeten, Thomas and Narayan, Nishant and Diehl, Jan Carel and Verschelling, Jeroen and Silvester, Sacha and Popovic-Gerber, Jelena and Bauer, Pavol and Zeman, Miro},
    month = {5},
    pages = {8--15},
    publisher = {Institute of Electrical and Electronics Engineers Inc.},
    isbn = {9780994675927},
    doi = {10.23919/DUE.2017.7931816},
    keywords = {energy consumption, energy matching, load profile, low-income countries, rural electrification, solar home system}
}

@article{Dominguez2021UnderstandingHouseholds,
    title = {{Understanding the path towards a clean energy transition and post-electrification patterns of rural households}},
    year = {2021},
    journal = {Energy for Sustainable Development},
    author = {Dominguez, Cristina and Orehounig, Kristina and Carmeliet, Jan},
    month = {4},
    pages = {46--64},
    volume = {61},
    publisher = {Elsevier B.V.},
    doi = {10.1016/j.esd.2021.01.002},
    issn = {23524669},
    keywords = {Electricity consumption, Energy access, Energy transition, Post-electrification effects, Rural electrification}
}

@article{Few2022ElectricityDesign,
    title = {{Electricity demand in populations gaining access: Impact of rurality and climatic conditions, and implications for microgrid design}},
    year = {2022},
    journal = {Energy for Sustainable Development},
    author = {Few, Sheridan and Barton, John and Sandwell, Philip and Mori, Richard and Kulkarni, Prasad and Thomson, Murray and Nelson, Jenny and Candelise, Chiara},
    month = {2},
    pages = {151--164},
    volume = {66},
    publisher = {Elsevier B.V.},
    doi = {10.1016/j.esd.2021.11.008},
    issn = {23524669},
    keywords = {Climate, Cooling demand, Electricity demand, Microgrid, Rural electrification, Technoeconomic assessment}
}

@inproceedings{Gelchu2023ComparisonEthiopia,
    title = {{Comparison Of Electricity Load Estimation Methods In Rural Mini-Grids: Case Study In Ethiopia}},
    year = {2023},
    author = {Gelchu, Milky Ali and Ehnberg, Jimmy and Ahlgren, Erik O.},
    month = {12},
    pages = {1--5},
    publisher = {Institute of Electrical and Electronics Engineers (IEEE)},
    doi = {10.1109/powerafrica57932.2023.10363276}
}

@article{Guajardo2019HowEconomies,
    title = {{How Do Usage and Payment Behavior Interact in Rent-to-Own Business Models? Evidence from Developing Economies}},
    year = {2019},
    journal = {Production and Operations Management},
    author = {Guajardo, Jose A.},
    number = {11},
    month = {11},
    pages = {2808--2822},
    volume = {28},
    publisher = {Wiley-Blackwell},
    doi = {10.1111/poms.13067},
    issn = {19375956},
    keywords = {business analytics, consumer behavior, empirical analysis, off-grid energy, rent-to-own}
}

@article{Hartvigsson2018ComparisonData,
    title = {{Comparison of load profiles in a mini-grid: Assessment of performance metrics using measured and interview-based data}},
    year = {2018},
    journal = {Energy for Sustainable Development},
    author = {Hartvigsson, Elias and Ahlgren, Erik O.},
    month = {4},
    pages = {186--195},
    volume = {43},
    publisher = {Elsevier B.V.},
    doi = {10.1016/j.esd.2018.01.009},
    issn = {09730826},
    keywords = {Load assessments, Load profiles, Mini-grids, Rural electrification}
}

@article{Hennig2015WhatClusters,
    title = {{What are the true clusters?}},
    year = {2015},
    journal = {Pattern Recognition Letters},
    author = {Hennig, Christian},
    month = {10},
    pages = {53--62},
    volume = {64},
    publisher = {Elsevier},
    doi = {10.1016/j.patrec.2015.04.009},
    issn = {01678655},
    arxivId = {1502.02555},
    keywords = {Active scientific realism, Categorization, Constructivism, Mixture models, Natural kinds, Variable selection}
}

@article{Jurasz2022OnSystems,
    title = {{On the impact of load profile data on the optimization results of off-grid energy systems}},
    year = {2022},
    journal = {Renewable and Sustainable Energy Reviews},
    author = {Jurasz, Jakub and Guezgouz, Mohammed and Campana, Pietro E. and Kies, Alexander},
    month = {5},
    volume = {159},
    publisher = {Elsevier Ltd},
    doi = {10.1016/j.rser.2022.112199},
    issn = {18790690},
    keywords = {Battery storage, Load profile, Off-grid system, Reliability, Sensitivity towards input data, Solar energy}
}

@misc{Kizilcec2020SolarAfrica,
    title = {{Solar Home Systems: A comprehensive literature review for Sub-Saharan Africa}},
    year = {2020},
    booktitle = {Energy for Sustainable Development},
    author = {Kizilcec, Vivien and Parikh, Priti},
    month = {10},
    pages = {78--89},
    volume = {58},
    publisher = {Elsevier B.V.},
    doi = {10.1016/j.esd.2020.07.010},
    issn = {23524669},
    keywords = {Energy access, Literature review, Off-grid energy, SHS, Solar home systems, Sub-Saharan Africa}
}

@article{Kizilcec2022ForecastingAccess,
    title = {{Forecasting Solar Home System Customersâ Electricity Usage with a 3D Convolutional Neural Network to Improve Energy Access}},
    year = {2022},
    journal = {Energies},
    author = {Kizilcec, Vivien and Spataru, Catalina and Lipani, Aldo and Parikh, Priti},
    number = {3},
    month = {2},
    volume = {15},
    publisher = {MDPI},
    doi = {10.3390/en15030857},
    issn = {19961073},
    keywords = {CNN, Convolutional neural network, Energy access, Load forecasting, SHS, Solar home system}
}

@article{Kumtepeli2024DTW-C++:Data,
    title = {{DTW-C++: Fast dynamic time warping and clustering of time series data}},
    year = {2024},
    journal = {Journal of Open Source Software},
    author = {Kumtepeli, Volkan and Perriment, Rebecca and Howey, David A.},
    number = {101},
    month = {9},
    pages = {6881},
    volume = {9},
    url = {https://joss.theoj.org/papers/10.21105/joss.06881},
    doi = {10.21105/joss.06881},
    issn = {2475-9066}
}

@article{Lin2019ClusteringApplications,
    title = {{Clustering load profiles for demand response applications}},
    year = {2019},
    journal = {IEEE Transactions on Smart Grid},
    author = {Lin, Shunfu and Li, Fangxing and Tian, Erwei and Fu, Yang and Li, Dongdong},
    number = {2},
    month = {3},
    pages = {1599--1607},
    volume = {10},
    publisher = {Institute of Electrical and Electronics Engineers Inc.},
    doi = {10.1109/TSG.2017.2773573},
    issn = {19493053},
    keywords = {Demand response, Information entropy, Multi-scale similarities, Piecewise aggregate approximation, Spectral clustering}
}

@article{Lorenzoni2020ClassificationApproach,
    title = {{Classification and modeling of load profiles of isolated mini-grids in developing countries: A data-driven approach}},
    year = {2020},
    journal = {Energy for Sustainable Development},
    author = {Lorenzoni, Luca and Cherubini, Paolo and Fioriti, Davide and Poli, Davide and Micangeli, Andrea and Giglioli, Romano},
    month = {12},
    pages = {208--225},
    volume = {59},
    publisher = {Elsevier B.V.},
    doi = {10.1016/j.esd.2020.10.001},
    issn = {23524669},
    keywords = {Demand assessment, Electric consumptions, Isolated microgrid, Load profile, Off-grid hybrid energy system, Rural electrification}
}

@article{Louie2023DailyNation,
    title = {{Daily electrical energy consumption characteristics and design implications for off-grid homes on the Navajo Nation}},
    year = {2023},
    journal = {Energy for Sustainable Development},
    author = {Louie, Henry and Atcitty, Stanley and Terry, Derrick and Lee, Darrick and Romine, Peter},
    month = {4},
    pages = {315--325},
    volume = {73},
    publisher = {Elsevier B.V.},
    doi = {10.1016/j.esd.2023.02.012},
    issn = {23524669},
    keywords = {Battery bank, Energy consumption, Navajo Nation, Off-grid, Solar}
}

@article{Lukuyu2023PurchasingAfrica,
    title = {{Purchasing power: Examining customer profiles and patterns for decentralized electricity systems in East Africa}},
    year = {2023},
    journal = {Energy Policy},
    author = {Lukuyu, June and Shiran, Myriam and Kennedy, Ryan and Urpelainen, Johannes and Taneja, Jay},
    month = {1},
    volume = {172},
    publisher = {Elsevier Ltd},
    doi = {10.1016/j.enpol.2022.113331},
    issn = {03014215},
    keywords = {Electricity access, Electricity consumption patterns, Mini-grid, Solar home system}
}

@article{Mandelli2016NovelAreas,
    title = {{Novel procedure to formulate load profiles for off-grid rural areas}},
    year = {2016},
    journal = {Energy for Sustainable Development},
    author = {Mandelli, Stefano and Merlo, Marco and Colombo, Emanuela},
    month = {4},
    pages = {130--142},
    volume = {31},
    publisher = {Elsevier B.V.},
    doi = {10.1016/j.esd.2016.01.005},
    issn = {23524669},
    keywords = {Electric consumptions, Load model, Off-grid energy systems, Renewables, Rural electrification, Stochastic model}
}

@techreport{Masselus202410Rwanda,
    title = {{10 Years After: Long-term Adoption of Electricity in Rural Rwanda}},
    year = {2024},
    author = {Masselus, Lise and Ankel-Peters, JÃ¶rg and Gonzalez Sutil, Gabriel and Modi, Vijay and Mugyenyi, Joel and Munyehirwe, Anicet and Williams, Nathan and Sievert, Maximiliane},
    keywords = {Electricity, Energy Access, Energy Consumption, Energy Use, Sub-Saharan Africa}
}

@article{McLoughlin2015AData,
    title = {{A clustering approach to domestic electricity load profile characterisation using smart metering data}},
    year = {2015},
    journal = {Applied Energy},
    author = {McLoughlin, Fintan and Duffy, Aidan and Conlon, Michael},
    month = {3},
    pages = {190--199},
    volume = {141},
    publisher = {Elsevier Ltd},
    doi = {10.1016/j.apenergy.2014.12.039},
    issn = {03062619},
    keywords = {Clustering, Domestic electricity load profile, Segmentation}
}

@article{Mergulhao2023HowKenya,
    title = {{How do they pay as they go?: Learning payment patterns from solar home system users data in Rwanda and Kenya}},
    year = {2023},
    journal = {Energy for Sustainable Development},
    author = {Mergulh{\~{a}}o, Vasco P. and Capra, Licia and Voglitsis, Kostas and Parikh, Priti},
    month = {10},
    volume = {76},
    publisher = {Elsevier B.V.},
    doi = {10.1016/j.esd.2023.101295},
    issn = {23524669},
    keywords = {Clustering, Customer behaviour, Customer segmentation, Data-driven, Machine learning, Pay-as-you-go, Solar Home System}
}

@misc{Muhumuza2018EnergyCountries,
    title = {{Energy consumption levels and technical approaches for supporting development of alternative energy technologies for rural sectors of developing countries}},
    year = {2018},
    booktitle = {Renewable and Sustainable Energy Reviews},
    author = {Muhumuza, Ronald and Zacharopoulos, Aggelos and Mondol, Jayanta Deb and Smyth, Mervyn and Pugsley, Adrian},
    month = {12},
    pages = {90--102},
    volume = {97},
    publisher = {Elsevier Ltd},
    doi = {10.1016/j.rser.2018.08.021},
    issn = {18790690},
    keywords = {Developing countries, Energy consumption, Energy poverty, Energy systems, Renewable energy, Rural off-grid}
}

@article{Opiyo2020HowCommunities,
    title = {{How basic access to electricity stimulates temporally increasing load demands by households in rural developing communities}},
    year = {2020},
    journal = {Energy for Sustainable Development},
    author = {Opiyo, Nicholas Nixon},
    month = {12},
    pages = {97--106},
    volume = {59},
    publisher = {Elsevier B.V.},
    doi = {10.1016/j.esd.2020.09.006},
    issn = {23524669},
    keywords = {Basic electrification, Grid electrification, Increasing power demands, SHS modifications}
}

@article{Pandyaswargo2020EstimatingLaos,
    title = {{Estimating the energy demand and growth in off-grid villages: Case studies from Myanmar, Indonesia, and Laos}},
    year = {2020},
    journal = {Energies},
    author = {Pandyaswargo, Andante Hadi and Ruan, Mengyi and Htwe, Eiei and Hiratsuka, Motoshi and Wibowo, Alan Dwi and Nagai, Yuji and Onoda, Hiroshi},
    number = {20},
    month = {10},
    volume = {13},
    publisher = {MDPI AG},
    doi = {10.3390/en13205313},
    issn = {19961073},
    keywords = {Energy demand, Energy use, Off-grid electrification, Rural development, Rural electrification, Southeast Asia, Sustainable development, Sustainable development goals, Time-use}
}

@article{Rajabi2020ASegmentation,
    title = {{A comparative study of clustering techniques for electrical load pattern segmentation}},
    year = {2020},
    journal = {Renewable and Sustainable Energy Reviews},
    author = {Rajabi, Amin and Eskandari, Mohsen and Ghadi, Mojtaba Jabbari and Li, Li and Zhang, Jiangfeng and Siano, Pierluigi},
    month = {3},
    volume = {120},
    publisher = {Elsevier Ltd},
    doi = {10.1016/j.rser.2019.109628},
    issn = {18790690},
    keywords = {Clustering algorithms, Comparative study, Data mining, Load pattern, Smart grids, Smart meters}
}

@inproceedings{Ratanamahatana2005ThreeMining,
    title = {{Three Myths about Dynamic Time Warping Data Mining}},
    year = {2005},
    author = {Ratanamahatana, Chotirat Ann and Keogh, E},
    publisher = {Proceedings of the 2005 SIAM International Conference on Data Mining (SDM)},
    url = {https://epubs.siam.org/terms-privacy},
    keywords = {Data Mining, Dynamic Time Warping, Experimentation}
}

@misc{Riva2018Long-termPerspective,
    title = {{Long-term energy planning and demand forecast in remote areas of developing countries: Classification of case studies and insights from a modelling perspective}},
    year = {2018},
    booktitle = {Energy Strategy Reviews},
    author = {Riva, Fabio and Tognollo, Annalisa and Gardumi, Francesco and Colombo, Emanuela},
    month = {4},
    pages = {71--89},
    volume = {20},
    publisher = {Elsevier Ltd},
    doi = {10.1016/j.esr.2018.02.006},
    issn = {2211467X},
    keywords = {Access to energy, Classification and analysis, Energy demand models, Energy modelling, Rural energy planning}
}

@techreport{Riva2019ModellingPlanning,
    title = {{Modelling long-term electricity load demand for rural electrification planning; Modelling long-term electricity load demand for rural electrification planning}},
    year = {2019},
    author = {Riva, Fabio and Sanvito, Francesco Davide and Tonini, Francesco and Colombo, Emanuela},
    keywords = {electricity demand, electricity-development nexus, load profiles, rural electrification, system-dynamics}
}

@article{Sakoe1978DynamicRecognition,
    title = {{Dynamic Programming Algorithm Optimization for Spoken Word Recognition}},
    year = {1978},
    journal = {IEEE Transactions on Acoustics, Speech, and Signal Processing},
    author = {Sakoe, Hiroaki and Chiba, Seibi},
    number = {1},
    pages = {43--49},
    volume = {26},
    doi = {10.1109/TASSP.1978.1163055},
    issn = {00963518}
}

@article{Sandwell2016AnalysisPradesh,
    title = {{Analysis of energy access and impact of modern energy sources in unelectrified villages in Uttar Pradesh}},
    year = {2016},
    journal = {Energy for Sustainable Development},
    author = {Sandwell, Philip and Chambon, Clementine and Saraogi, Amit and Chabenat, Apolline and Mazur, Marek and Ekins-Daukes, Ned and Nelson, Jenny},
    month = {12},
    pages = {67--79},
    volume = {35},
    publisher = {Elsevier B.V.},
    doi = {10.1016/j.esd.2016.09.002},
    issn = {23524669}
}

@inproceedings{Teeraratkul2016CondensedDemand,
    title = {{Condensed representation and individual prediction of consumer demand}},
    year = {2016},
    booktitle = {2016 4th IEEE International Conference on Smart Energy Grid Engineering, SEGE 2016},
    author = {Teeraratkul, Thanchanok and O'Neilly, Daniel and Lallz, Sanjay},
    month = {10},
    pages = {11--16},
    publisher = {Institute of Electrical and Electronics Engineers Inc.},
    isbn = {9781509051113},
    doi = {10.1109/SEGE.2016.7589192},
    keywords = {clustering, demand response, prediction, smart meter data}
}

@techreport{VonLuxburg2012Clustering:Art,
    title = {{Clustering: Science or Art?}},
    year = {2012},
    author = {Von Luxburg, Ulrike and Williamson, Robert C},
    pages = {65--79},
    volume = {27}
}

@techreport{Wang2015LoadReview,
    title = {{Load Profiling and Its Application to Demand Response: A Review}},
    year = {2015},
    author = {Wang, Yi and Chen, Qixin and Kang, Chongqing and Zhang, Mingming and Wang, Ke and Zhao, Yun},
    number = {2},
    volume = {20},
    keywords = {Advanced Metering Infrastructure (AMI), customer segmentation, data mining, demand response, load profiling}
}

@article{Williams2017LoadMicrogrids,
    title = {{Load Characteristics of East African Microgrids}},
    year = {2017},
    journal = {IEEE PES-IAS PowerAfrica Confrence},
    author = {Williams, Nathaniel and Jaramillo, Paulina and Cornell, Benjamin and Lyons-Galante, Isaiah and Wynn, Ella},
    publisher = {IEEE},
    isbn = {9781509047468}
}

@article{Yilmaz2019ComparisonManagement,
    title = {{Comparison of clustering approaches for domestic electricity load profile characterisation - Implications for demand side management}},
    year = {2019},
    journal = {Energy},
    author = {Yilmaz, S. and Chambers, J. and Patel, M. K.},
    month = {8},
    pages = {665--677},
    volume = {180},
    publisher = {Elsevier Ltd},
    doi = {10.1016/j.energy.2019.05.124},
    issn = {03605442},
    keywords = {Clustering, Demand side management, Electricity load profiles, Features, K-means, Smart-meters}
}

