@techreport{Masselus202410Rwanda,
    title = {{10 Years After: Long-term Adoption of Electricity in Rural Rwanda}},
    year = {2024},
    author = {Masselus, Lise and Ankel-Peters, Jörg and Gonzalez Sutil, Gabriel and Modi, Vijay and Mugyenyi, Joel and Munyehirwe, Anicet and Williams, Nathan and Sievert, Maximiliane},
    keywords = {Electricity, Energy Access, Energy Consumption, Energy Use, Sub-Saharan Africa}
}

@article{IEEEPowerEnergySociety20182018.,
    title = {{2018 IEEE PES/IAS PowerAfrica : 28-29 June 2018.}},
    author = {{IEEE Power {\&} Energy Society} and {IEEE Industry Applications Society} and {Institute of Electrical and Electronics Engineers}},
    isbn = {9781538641637}
}

@inproceedings{Li2017AClustering,
    title = {{A Baseline Load Estimation Approach for Residential Customer based on Load Pattern Clustering}},
    year = {2017},
    booktitle = {Energy Procedia},
    author = {Li, Kangping and Wang, Bo and Wang, Zheng and Wang, Fei and Mi, Zengqiang and Zhen, Zhao},
    pages = {2042--2049},
    volume = {142},
    publisher = {Elsevier Ltd},
    doi = {10.1016/j.egypro.2017.12.408},
    issn = {18766102},
    keywords = {Customer baseline load, Demand response, Load pattern clustering}
}

@article{Javed2020AClustering,
    title = {{A benchmark study on time series clustering}},
    year = {2020},
    journal = {Machine Learning with Applications},
    author = {Javed, Ali and Lee, Byung Suk and Rizzo, Donna M.},
    month = {9},
    pages = {100001},
    volume = {1},
    publisher = {Elsevier BV},
    doi = {10.1016/j.mlwa.2020.100001},
    issn = {26668270},
    arxivId = {2004.09546}
}

@article{McLoughlin2015AData,
    title = {{A clustering approach to domestic electricity load profile characterisation using smart metering data}},
    year = {2015},
    journal = {Applied Energy},
    author = {McLoughlin, Fintan and Duffy, Aidan and Conlon, Michael},
    month = {3},
    pages = {190--199},
    volume = {141},
    publisher = {Elsevier Ltd},
    doi = {10.1016/j.apenergy.2014.12.039},
    issn = {03062619},
    keywords = {Clustering, Domestic electricity load profile, Segmentation}
}

@article{Rajabi2020ASegmentation,
    title = {{A comparative study of clustering techniques for electrical load pattern segmentation}},
    year = {2020},
    journal = {Renewable and Sustainable Energy Reviews},
    author = {Rajabi, Amin and Eskandari, Mohsen and Ghadi, Mojtaba Jabbari and Li, Li and Zhang, Jiangfeng and Siano, Pierluigi},
    month = {3},
    volume = {120},
    publisher = {Elsevier Ltd},
    doi = {10.1016/j.rser.2019.109628},
    issn = {18790690},
    keywords = {Clustering algorithms, Comparative study, Data mining, Load pattern, Smart grids, Smart meters}
}

@article{Rajabi2020ASegmentationb,
    title = {{A comparative study of clustering techniques for electrical load pattern segmentation}},
    year = {2020},
    journal = {Renewable and Sustainable Energy Reviews},
    author = {Rajabi, Amin and Eskandari, Mohsen and Ghadi, Mojtaba Jabbari and Li, Li and Zhang, Jiangfeng and Siano, Pierluigi},
    month = {3},
    volume = {120},
    publisher = {Elsevier Ltd},
    doi = {10.1016/j.rser.2019.109628},
    issn = {18790690},
    keywords = {Clustering algorithms, Comparative study, Data mining, Load pattern, Smart grids, Smart meters}
}

@article{Celebi2013AAlgorithm,
    title = {{A comparative study of efficient initialization methods for the k-means clustering algorithm}},
    year = {2013},
    journal = {Expert Systems with Applications},
    author = {Celebi, M. Emre and Kingravi, Hassan A. and Vela, Patricio A.},
    number = {1},
    month = {1},
    pages = {200--210},
    volume = {40},
    doi = {10.1016/j.eswa.2012.07.021},
    issn = {09574174},
    arxivId = {1209.1960},
    keywords = {Cluster center initialization, Partitional clustering, Sum of squared error criterion, k-means}
}

@article{Krieger2013AApplications,
    title = {{A comparison of lead-acid and lithium-based battery behavior and capacity fade in off-grid renewable charging applications}},
    year = {2013},
    journal = {Energy},
    author = {Krieger, Elena M. and Cannarella, John and Arnold, Craig B.},
    month = {10},
    pages = {492--500},
    volume = {60},
    publisher = {Elsevier Ltd},
    doi = {10.1016/j.energy.2013.08.029},
    issn = {03605442},
    keywords = {Capacity fade, Lead-acid, Lithium-ion, Off-grid renewables, Variable charge, Wind}
}

@misc{Bhattacharyya2021AAsia,
    title = {{A critical review of literature on the nexus between central grid and off-grid solutions for expanding access to electricity in Sub-Saharan Africa and South Asia}},
    year = {2021},
    booktitle = {Renewable and Sustainable Energy Reviews},
    author = {Bhattacharyya, S. C. and Palit, D.},
    month = {5},
    volume = {141},
    publisher = {Elsevier Ltd},
    doi = {10.1016/j.rser.2021.110792},
    issn = {18790690},
    keywords = {Electricity access, Electricity regulations, HOMER, Network planner, OnSSET, Rural electrification planning}
}

@article{Doerffel2006ABatteries,
    title = {{A critical review of using the Peukert equation for determining the remaining capacity of lead-acid and lithium-ion batteries}},
    year = {2006},
    journal = {Journal of Power Sources},
    author = {Doerffel, Dennis and Sharkh, Suleiman Abu},
    number = {2},
    month = {4},
    pages = {395--400},
    volume = {155},
    doi = {10.1016/j.jpowsour.2005.04.030},
    issn = {03787753},
    keywords = {Battery testing, Lead-acid battery, Lithium-ion battery, Modelling, State-of-charge}
}

@article{Moretti2019AElectrification,
    title = {{A design and dispatch optimization algorithm based on mixed integer linear programming for rural electrification}},
    year = {2019},
    journal = {Applied Energy},
    author = {Moretti, Luca and Astolfi, Marco and Vergara, Claudio and Macchi, Ennio and P{\'{e}}rez-Arriaga, Josè Ignacio and Manzolini, Giampaolo},
    month = {1},
    pages = {1104--1121},
    volume = {233-234},
    publisher = {Elsevier Ltd},
    doi = {10.1016/j.apenergy.2018.09.194},
    issn = {03062619},
    keywords = {Design optimization, Economic dispatch, Electrification, MILP, Microgrid, Off-grid systems}
}

@article{Deriso2022AWarping,
    title = {{A general optimization framework for dynamic time warping}},
    year = {2022},
    journal = {Optimization and Engineering},
    author = {Deriso, Dave and Boyd, Stephen},
    pages = {1--22}
}

@article{Petitjean2011AClustering,
    title = {{A global averaging method for dynamic time warping, with applications to clustering}},
    year = {2011},
    journal = {Pattern Recognition},
    author = {Petitjean, François and Ketterlin, Alain and Gan{\c{c}}arski, Pierre},
    number = {3},
    month = {3},
    pages = {678--693},
    volume = {44},
    url = {https://linkinghub.elsevier.com/retrieve/pii/S003132031000453X},
    doi = {10.1016/j.patcog.2010.09.013},
    issn = {00313203},
    keywords = {DTW barycenter averaging, Distance-based clustering, Dynamic time warping, Global averaging, Satellite image time series, Sequence analysis, Time series averaging, Time series clustering}
}

@article{Bordin2017AIntegration,
    title = {{A linear programming approach for battery degradation analysis and optimization in offgrid power systems with solar energy integration}},
    year = {2017},
    journal = {Renewable Energy},
    author = {Bordin, Chiara and Anuta, Harold Oghenetejiri and Crossland, Andrew and Gutierrez, Isabel Lascurain and Dent, Chris J. and Vigo, Daniele},
    month = {2},
    pages = {417--430},
    volume = {101},
    publisher = {Elsevier Ltd},
    doi = {10.1016/j.renene.2016.08.066},
    issn = {18790682},
    keywords = {Battery degradation, Linear programming, Offgrid, Optimization}
}

@article{Schulte2022AAcceptance,
    title = {{A meta-analysis of residential PV adoption: the important role of perceived benefits, intentions and antecedents in solar energy acceptance}},
    year = {2022},
    journal = {Energy Research and Social Science},
    author = {Schulte, Emily and Scheller, Fabian and Sloot, Daniel and Bruckner, Thomas},
    month = {2},
    volume = {84},
    publisher = {Elsevier Ltd},
    doi = {10.1016/j.erss.2021.102339},
    issn = {22146296},
    arxivId = {2112.12464},
    keywords = {Meta-analysis, Reporting standards, Residential sector, Rooftop photovoltaic, Single study issues, Theory of planned behavior}
}

@misc{Mir2020AHorizons,
    title = {{A review of electricity demand forecasting in low and middle income countries: The demand determinants and horizons}},
    year = {2020},
    booktitle = {Sustainability (Switzerland)},
    author = {Mir, Aneeque A. and Alghassab, Mohammed and Ullah, Kafait and Khan, Zafar A. and Lu, Yuehong and Imran, Muhammad},
    number = {15},
    month = {8},
    volume = {12},
    publisher = {MDPI AG},
    doi = {10.3390/SU12155931},
    issn = {20711050},
    keywords = {Demand determinants, Forecasting horizon, Load forecasting, Low and middle income countries}
}

@misc{Jiang2022ABatteries,
    title = {{A review on the state of health estimation methods of lead-acid batteries}},
    year = {2022},
    booktitle = {Journal of Power Sources},
    author = {Jiang, Shida and Song, Zhengxiang},
    month = {1},
    volume = {517},
    publisher = {Elsevier B.V.},
    doi = {10.1016/j.jpowsour.2021.230710},
    issn = {03787753},
    keywords = {Energy storage, Lead acid battery, State of health estimation}
}

@article{Scott-George2021AElectrification,
    title = {{A review on the sustainability of solar home system for rural electrification}},
    year = {2021},
    journal = {E3S Web of Conferences},
    author = {Scott-George, Andrew and Li, Chong and Tang, Yee Kwan and Saha, Shimul and Bin Ali, Muhammad Tareq and Marma, Aong and Pal, Sudip},
    pages = {02003},
    volume = {294},
    publisher = {EDP Sciences},
    doi = {10.1051/e3sconf/202129402003}
}

@article{Crossland2015ARwanda,
    title = {{A socio-technical approach to increasing the battery lifetime of off-grid photovoltaic systems applied to a case study in Rwanda}},
    year = {2015},
    journal = {Renewable Energy},
    author = {Crossland, Andrew F. and Anuta, Oghenetejiri H. and Wade, Neal S.},
    month = {11},
    pages = {30--40},
    volume = {83},
    publisher = {Elsevier Ltd},
    doi = {10.1016/j.renene.2015.04.020},
    issn = {18790682},
    keywords = {Battery lifetime, Diesel generator, Economic analysis, Energy end-use, Hybrid power, Rural power supply}
}

@misc{Albadi2008AMarkets,
    title = {{A summary of demand response in electricity markets}},
    year = {2008},
    booktitle = {Electric Power Systems Research},
    author = {Albadi, M. H. and El-Saadany, E. F.},
    number = {11},
    month = {11},
    pages = {1989--1996},
    volume = {78},
    doi = {10.1016/j.epsr.2008.04.002},
    issn = {03787796},
    keywords = {Demand response, Electricity markets, Price elasticity, Real time pricing}
}

@article{Ruiz2020AData,
    title = {{A time-series clustering methodology for knowledge extraction in energy consumption data}},
    year = {2020},
    journal = {Expert Systems with Applications},
    author = {Ruiz, L. G.B. and Pegalajar, M. C. and Arcucci, R. and Molina-Solana, M.},
    month = {12},
    volume = {160},
    publisher = {Elsevier Ltd},
    doi = {10.1016/j.eswa.2020.113731},
    issn = {09574174},
    keywords = {Data mining, Energy efficiency, Knowledge extraction, Time-series clustering}
}

@techreport{KwiecienAachener132,
    title = {{Aachener Beitr{\"{a}}ge des ISEA Electrochemical Impedance Spectroscopy on Lead-Acid Cells during Aging Band 132}},
    author = {Kwiecien, Monika},
    keywords = {Aging, Impedance spectroscopy, Lead-acid-battery, Test cell}
}

@inproceedings{Begum2015AcceleratingStrategy,
    title = {{Accelerating dynamic time warping clustering with a novel admissible pruning strategy}},
    year = {2015},
    booktitle = {Proceedings of the ACM SIGKDD International Conference on Knowledge Discovery and Data Mining},
    author = {Begum, Nurjahan and Ulanova, Liudmila and Wang, Jun and Keogh, Eamonn},
    month = {8},
    pages = {49--58},
    volume = {2015-August},
    publisher = {Association for Computing Machinery},
    isbn = {9781450336642},
    doi = {10.1145/2783258.2783286},
    keywords = {Anytime algorithms, Clustering, Time series}
}

@article{Blodgett2017AccuracyUserconsumption,
    title = {{Accuracy of energy-use surveys in predicting rural mini-grid user consumption}},
    year = {2017},
    journal = {Energy for Sustainable Development},
    author = {Blodgett, Courtney and Dauenhauer, Peter and Louie, Henry and Kickham, Lauren},
    month = {12},
    pages = {88--105},
    volume = {41},
    publisher = {Elsevier B.V.},
    doi = {10.1016/j.esd.2017.08.002},
    issn = {09730826},
    keywords = {Energy estimation, Energy-use survey, Micro-grids, Mini-grids, Rural electrification, Solar power}
}

@article{J.Badeda2017AdaptiveApplications,
    title = {{Adaptive battery steering and management system for the optimized operation of stationary battery energy storage systems in multi-use applications}},
    year = {2017},
    journal = {IEEE International Telecommunications Energy Conference},
    author = {{J. Badeda} and {M. Kwiecien} and {D. Schulte} and {T. R{\"{u}}wald} and {D. U. Sauer}},
    publisher = {IEEE},
    isbn = {9781538610190}
}

@article{Allahham2022AdaptiveDegradation,
    title = {{Adaptive receding horizon control for battery energy storage management with age-and-operation-dependent efficiency and degradation}},
    year = {2022},
    journal = {Electric Power Systems Research},
    author = {Allahham, Adib and Greenwood, David and Patsios, Charalampos and Taylor, Phil},
    month = {8},
    volume = {209},
    publisher = {Elsevier Ltd},
    doi = {10.1016/j.epsr.2022.107936},
    issn = {03787796},
    keywords = {Battery degradation, Battery energy storage system, Integrated material properties model, Optimal energy management system, Peak reduction network service, Receding-horizon controller, System-level model}
}

@article{Aarakit2021AdoptionUganda,
    title = {{Adoption of solar photovoltaic systems in households: Evidence from Uganda}},
    year = {2021},
    journal = {Journal of Cleaner Production},
    author = {Aarakit, Sylvia M. and Ntayi, Joseph M. and Wasswa, Francis and Adaramola, Muyiwa S. and Ssennono, Vincent F.},
    month = {12},
    volume = {329},
    publisher = {Elsevier Ltd},
    doi = {10.1016/j.jclepro.2021.129619},
    issn = {09596526},
    keywords = {Adoption, Flexible pay, Household, Influential persons, Solar photovoltaic}
}

@article{Vetter2005AgeingBatteries,
    title = {{Ageing mechanisms in lithium-ion batteries}},
    year = {2005},
    journal = {Journal of Power Sources},
    author = {Vetter, J. and Nov{\'{a}}k, P. and Wagner, M. R. and Veit, C. and M{\"{o}}ller, K. C. and Besenhard, J. O. and Winter, M. and Wohlfahrt-Mehrens, M. and Vogler, C. and Hammouche, A.},
    number = {1-2},
    month = {9},
    pages = {269--281},
    volume = {147},
    doi = {10.1016/j.jpowsour.2005.01.006},
    issn = {03787753},
    keywords = {Ageing, Capacity fade, Impedance, Life-time, Lithium-ion battery, Power fade}
}

@article{Collath2022AgingReview,
    title = {{Aging aware operation of lithium-ion battery energy storage systems: A review}},
    year = {2022},
    journal = {Journal of Energy Storage},
    author = {Collath, Nils and Tepe, Benedikt and Englberger, Stefan and Jossen, Andreas and Hesse, Holger},
    volume = {55},
    doi = {10.14459/2022m},
    keywords = {Aging, Battery energy storage system, Degradation model, Lithium-ion, Operation, Optimization}
}

@inproceedings{Ruetschi2004AgingBatteries,
    title = {{Aging mechanisms and service life of lead-acid batteries}},
    year = {2004},
    booktitle = {Journal of Power Sources},
    author = {Ruetschi, Paul},
    number = {1-2},
    month = {3},
    pages = {33--44},
    volume = {127},
    doi = {10.1016/j.jpowsour.2003.09.052},
    issn = {03787753},
    keywords = {Anodic corrosion, Lead-acid batteries, Short-circuits}
}

@inproceedings{Ruetschi2004AgingBatteriesb,
    title = {{Aging mechanisms and service life of lead-acid batteries}},
    year = {2004},
    booktitle = {Journal of Power Sources},
    author = {Ruetschi, Paul},
    number = {1-2},
    month = {3},
    pages = {33--44},
    volume = {127},
    doi = {10.1016/j.jpowsour.2003.09.052},
    issn = {03787753},
    keywords = {Anodic corrosion, Lead-acid batteries, Short-circuits}
}

@techreport{Hartigan1979AlgorithmAlgorithm,
    title = {{Algorithm AS 136: A K-Means Clustering Algorithm}},
    year = {1979},
    booktitle = {Source: Journal of the Royal Statistical Society. Series C (Applied Statistics)},
    author = {Hartigan, J A and Wong, M A},
    number = {1},
    pages = {100--108},
    volume = {28}
}

@article{Trotta2020AnWhen,
    title = {{An empirical analysis of domestic electricity load profiles: Who consumes how much and when?}},
    year = {2020},
    journal = {Applied Energy},
    author = {Trotta, Gianluca},
    month = {10},
    volume = {275},
    publisher = {Elsevier Ltd},
    doi = {10.1016/j.apenergy.2020.115399},
    issn = {03062619},
    keywords = {Cluster analysis, Denmark, Domestic electricity load profiles, Hourly electricity consumption, Household segmentation, Multinomial probit regression}
}

@inproceedings{Bi2020AnAnalysis,
    title = {{An improved spectral clustering algorithm using fast dynamic time warping for power load curve analysis}},
    year = {2020},
    booktitle = {Mobile Computing, Applications, and Services: 11th EAI International Conference},
    author = {Bi, Zhongqin and Leng, Yabin and Liu, Zhe and Li, Yongbin and Fuentes, Stelios},
    pages = {143--159},
    publisher = {Springer}
}

@article{Bouet1981AnalysePlomb,
    title = {{Analyse des causes de degradation des plaques positives de batteries au plomb}},
    year = {1981},
    journal = {Electrochimica Acta},
    author = {Bouet, J and Pompon, J P},
    number = {10},
    pages = {1477--1487},
    volume = {26},
    doi = {https://doi.org/10.1016/0013-4686(81)90019-0},
    issn = {0013-4686}
}

@techreport{Rigovacca2019AnalysesMicrogrid,
    title = {{Analyses of Electrification and Battery Ageing Processes in a Real Offgrid Hybrid Microgrid; Analyses of Electrification and Battery Ageing Processes in a Real Offgrid Hybrid Microgrid}},
    year = {2019},
    booktitle = {2019 IEEE Milan PowerTech},
    author = {Rigovacca, O and Polimeni, S and Manzolini, G and Leva, S and Raboni, P},
    keywords = {Data Analysis, Diesel engines, Lead-acid batteries, Microgrids, Rural areas}
}

@article{Li2015AnalysisModel,
    title = {{Analysis of battery lifetime extension in a SMES-battery hybrid energy storage system using a novel battery lifetime model}},
    year = {2015},
    journal = {Energy},
    author = {Li, Jianwei and Gee, Anthony M. and Zhang, Min and Yuan, Weijia},
    month = {6},
    pages = {175--185},
    volume = {86},
    publisher = {Elsevier Ltd},
    doi = {10.1016/j.energy.2015.03.132},
    issn = {03605442},
    keywords = {Battery, Battery lifetime model, Discharge rate, Off-grid wind power system, SMES (superconducting magnetic energy storage)}
}

@article{Sandwell2016AnalysisPradesh,
    title = {{Analysis of energy access and impact of modern energy sources in unelectrified villages in Uttar Pradesh}},
    year = {2016},
    journal = {Energy for Sustainable Development},
    author = {Sandwell, Philip and Chambon, Clementine and Saraogi, Amit and Chabenat, Apolline and Mazur, Marek and Ekins-Daukes, Ned and Nelson, Jenny},
    month = {12},
    pages = {67--79},
    volume = {35},
    publisher = {Elsevier B.V.},
    doi = {10.1016/j.esd.2016.09.002},
    issn = {23524669}
}

@article{Kumar2019AnalysisIndia,
    title = {{Analysis of techno-economic viability with demand response strategy of a grid-connected microgrid model for enhanced rural electrification in Uttar Pradesh state, India}},
    year = {2019},
    journal = {Energy},
    author = {Kumar, Jitendra and Suryakiran, B. V. and Verma, Ashu and Bhatti, T. S.},
    month = {7},
    pages = {176--185},
    volume = {178},
    publisher = {Elsevier Ltd},
    doi = {10.1016/j.energy.2019.04.105},
    issn = {03605442},
    keywords = {Battery energy storage system, Demand response, Optimization, Solar photovoltaic}
}

@article{Forstl2020AssessmentAging,
    title = {{Assessment of residential battery storage systems and operation strategies considering battery aging}},
    year = {2020},
    journal = {International Journal of Energy Research},
    author = {F{\"{o}}rstl, Markus and Azuatalam, Donald and Chapman, Archie and Verbi{\v{c}}, Gregor and Jossen, Andreas and Hesse, Holger},
    number = {2},
    month = {2},
    pages = {718--731},
    volume = {44},
    publisher = {John Wiley and Sons Ltd},
    doi = {10.1002/er.4770},
    issn = {1099114X},
    keywords = {battery aging, battery energy storage system, economic analysis, home storage, operation strategy}
}

@inproceedings{Cepeda2020AssessmentMicrogrids,
    title = {{Assessment of the impact of an incentive-based demand side management strategy over the sizing of BESS for Stand-Alone Microgrids}},
    year = {2020},
    booktitle = {6th IEEE International Energy Conference, ENERGYCon 2020},
    author = {Cepeda, J. C.O. and Osma-Pinto, German and Duarte, Cesar A. and Solano, Javier E.},
    month = {9},
    pages = {377--383},
    publisher = {Institute of Electrical and Electronics Engineers Inc.},
    isbn = {9781728129563},
    doi = {10.1109/ENERGYCon48941.2020.9236531},
    keywords = {Battery energy storage systems, Demand-side management, Sizing, Stand-alone microgrids}
}

@article{Dhaked2019BatteryIndia,
    title = {{Battery Charging Optimization of Solar Energy based Telecom Sites in India}},
    year = {2019},
    journal = {Technology {\&} Applied Science Research},
    author = {Dhaked, Dheeraj Kumar and Gopal, Yatindra and Birla, Dinesh},
    number = {6},
    pages = {5041--5046},
    volume = {9},
    url = {www.etasr.com},
    keywords = {battery bank, charging-discharging, maximum power point tracking (MPPT), telecom site}
}

@misc{Hu2020BatteryPrognostics,
    title = {{Battery Lifetime Prognostics}},
    year = {2020},
    booktitle = {Joule},
    author = {Hu, Xiaosong and Xu, Le and Lin, Xianke and Pecht, Michael},
    number = {2},
    month = {2},
    pages = {310--346},
    volume = {4},
    publisher = {Cell Press},
    doi = {10.1016/j.joule.2019.11.018},
    issn = {25424351},
    keywords = {data driven, degradation mechanisms, hybrid approaches, lithium-ion battery, model based, remaining useful life}
}

@inproceedings{Garche2000BatteryTime,
    title = {{Battery management systems (BMS)for increasing battery life time}},
    year = {2000},
    booktitle = {TELESCON 2000 - 3rd International Telecommunications Energy Special Conference, Proceedings},
    author = {Garche, Jürgen and Jossen, Andreas},
    pages = {81--84},
    publisher = {Institute of Electrical and Electronics Engineers Inc.},
    isbn = {3800725460},
    doi = {10.1109/TELESC.2000.918409}
}

@article{Soltowski2019Bottom-upRwanda,
    title = {{Bottom-up electrification introducing new smart grids architecture-concept based on feasibility studies conducted in Rwanda}},
    year = {2019},
    journal = {Energies},
    author = {Soltowski, Bartosz and Campos-Gaona, David and Strachan, Scott and Anaya-Lara, Olimpo},
    number = {12},
    volume = {12},
    publisher = {MDPI AG},
    doi = {10.3390/en12122439},
    issn = {19961073},
    keywords = {Bottom-up electrification, Interconnected solar home systems, Microgrids, Smart energy networks}
}

@article{Wong2008ChargeCompensation,
    title = {{Charge regimes for valve-regulated lead-acid batteries: Performance overview inclusive of temperature compensation}},
    year = {2008},
    journal = {Journal of Power Sources},
    author = {Wong, Y. S. and Hurley, W. G. and W{\"{o}}lfle, W. H.},
    number = {2},
    month = {9},
    pages = {783--791},
    volume = {183},
    publisher = {Elsevier},
    doi = {10.1016/j.jpowsour.2008.05.069},
    issn = {03787753},
    keywords = {Charge regimes, Charging, Lead acid batteries, Temperature compensation, Valve-regulated}
}

@article{Wagner2001ChargeApplications,
    title = {{Charge strategies for valve-regulated lead/acid batteries in solar power applications}},
    year = {2001},
    journal = {Journal of Power Sources},
    author = {Wagner, Rainer and Sauer, Dirk Uwe},
    keywords = {Charge/discharge, Lead/acid batteries, Solar power, VRLA batteries}
}

@article{Lorenzoni2020ClassificationApproach,
    title = {{Classification and modeling of load profiles of isolated mini-grids in developing countries: A data-driven approach}},
    year = {2020},
    journal = {Energy for Sustainable Development},
    author = {Lorenzoni, Luca and Cherubini, Paolo and Fioriti, Davide and Poli, Davide and Micangeli, Andrea and Giglioli, Romano},
    month = {12},
    pages = {208--225},
    volume = {59},
    publisher = {Elsevier B.V.},
    doi = {10.1016/j.esd.2020.10.001},
    issn = {23524669},
    keywords = {Demand assessment, Electric consumptions, Isolated microgrid, Load profile, Off-grid hybrid energy system, Rural electrification}
}

@inproceedings{Shahapure2020ClusterScore,
    title = {{Cluster quality analysis using silhouette score}},
    year = {2020},
    booktitle = {Proceedings - 2020 IEEE 7th International Conference on Data Science and Advanced Analytics, DSAA 2020},
    author = {Shahapure, Ketan Rajshekhar and Nicholas, Charles},
    month = {10},
    pages = {747--748},
    publisher = {Institute of Electrical and Electronics Engineers Inc.},
    isbn = {9781728182063},
    doi = {10.1109/DSAA49011.2020.00096}
}

@article{Rhodes2014ClusteringProfiles,
    title = {{Clustering analysis of residential electricity demand profiles}},
    year = {2014},
    journal = {Applied Energy},
    author = {Rhodes, Joshua D. and Cole, Wesley J. and Upshaw, Charles R. and Edgar, Thomas F. and Webber, Michael E.},
    month = {12},
    pages = {461--471},
    volume = {135},
    publisher = {Elsevier Ltd},
    doi = {10.1016/j.apenergy.2014.08.111},
    issn = {03062619},
    keywords = {Energy, Residential, Smart meter data}
}

@article{Philipo2021ClusteringTanzania,
    title = {{Clustering and Fuzzy Logic-Based Demand-Side Management for Solar Microgrid Operation: Case Study of Ngurudoto Microgrid, Arusha, Tanzania}},
    year = {2021},
    journal = {Advances in Fuzzy Systems},
    author = {Philipo, Godiana Hagile and Chande Jande, Yusufu Abeid and Kivevele, Thomas},
    volume = {2021},
    publisher = {Hindawi Limited},
    doi = {10.1155/2021/6614129},
    issn = {1687711X}
}

@inproceedings{Williams2013ClusteringProfiles,
    title = {{Clustering Household Electricity Use Profiles}},
    year = {2013},
    booktitle = {Proceedings of MLSDA 2013 : the 1st Workshop on Machine Learning for Sensory Data Analysis},
    author = {Williams, J},
    pages = {19--26},
    publisher = {ACM},
    address = {Dunedin, New Zealand},
    isbn = {9781450325134}
}

@article{Lin2019ClusteringApplications,
    title = {{Clustering load profiles for demand response applications}},
    year = {2019},
    journal = {IEEE Transactions on Smart Grid},
    author = {Lin, Shunfu and Li, Fangxing and Tian, Erwei and Fu, Yang and Li, Dongdong},
    number = {2},
    month = {3},
    pages = {1599--1607},
    volume = {10},
    publisher = {Institute of Electrical and Electronics Engineers Inc.},
    doi = {10.1109/TSG.2017.2773573},
    issn = {19493053},
    keywords = {Demand response, Information entropy, Multi-scale similarities, Piecewise aggregate approximation, Spectral clustering}
}

@article{WarrenLiao2005ClusteringSurvey,
    title = {{Clustering of time series data - A survey}},
    year = {2005},
    journal = {Pattern Recognition},
    author = {Warren Liao, T.},
    number = {11},
    pages = {1857--1874},
    volume = {38},
    publisher = {Elsevier Ltd},
    doi = {10.1016/j.patcog.2005.01.025},
    issn = {00313203},
    keywords = {Clustering, Data mining, Distance measure, Time series data}
}

@article{Chaouch2014Clustering-basedCurves,
    title = {{Clustering-based improvement of nonparametric functional time series forecasting: Application to intra-day household-level load curves}},
    year = {2014},
    journal = {IEEE Transactions on Smart Grid},
    author = {Chaouch, Mohamed},
    number = {1},
    month = {1},
    pages = {411--419},
    volume = {5},
    doi = {10.1109/TSG.2013.2277171},
    issn = {19493053},
    keywords = {Curve discrimination, functional data, household-level forecasting, intra-day load curve, nonparametric statistics, smart grid, unsupervised classification}
}

@techreport{VonLuxburg2012Clustering:Art,
    title = {{Clustering: Science or Art?}},
    year = {2012},
    author = {Von Luxburg, Ulrike and Williamson, Robert C},
    pages = {65--79},
    volume = {27}
}

@article{Yilmaz2019ComparisonManagement,
    title = {{Comparison of clustering approaches for domestic electricity load profile characterisation - Implications for demand side management}},
    year = {2019},
    journal = {Energy},
    author = {Yilmaz, S. and Chambers, J. and Patel, M. K.},
    month = {8},
    pages = {665--677},
    volume = {180},
    publisher = {Elsevier Ltd},
    doi = {10.1016/j.energy.2019.05.124},
    issn = {03605442},
    keywords = {Clustering, Demand side management, Electricity load profiles, Features, K-means, Smart-meters}
}

@article{Sauer2008ComparisonExample,
    title = {{Comparison of different approaches for lifetime prediction of electrochemical systems-Using lead-acid batteries as example}},
    year = {2008},
    journal = {Journal of Power Sources},
    author = {Sauer, Dirk Uwe and Wenzl, Heinz},
    number = {2},
    month = {2},
    pages = {534--546},
    volume = {176},
    doi = {10.1016/j.jpowsour.2007.08.057},
    issn = {03787753},
    keywords = {Ageing, Batteries, Degradation, Lifetime prediction, Modelling, Simulation}
}

@article{Dufo-Lopez2014ComparisonSystems,
    title = {{Comparison of different lead-acid battery lifetime prediction models for use in simulation of stand-alone photovoltaic systems}},
    year = {2014},
    journal = {Applied Energy},
    author = {Dufo-L{\'{o}}pez, Rodolfo and Lujano-Rojas, Juan M. and Bernal-Agust{\'{i}}n, José L.},
    month = {2},
    pages = {242--253},
    volume = {115},
    publisher = {Elsevier Ltd},
    doi = {10.1016/j.apenergy.2013.11.021},
    issn = {03062619},
    keywords = {Corrosion, Degradation, Lead-acid battery, Lifetime, Photovoltaic, Stand-alone systems}
}

@inproceedings{Gelchu2023ComparisonEthiopia,
    title = {{Comparison Of Electricity Load Estimation Methods In Rural Mini-Grids: Case Study In Ethiopia}},
    year = {2023},
    author = {Gelchu, Milky Ali and Ehnberg, Jimmy and Ahlgren, Erik O.},
    month = {12},
    pages = {1--5},
    publisher = {Institute of Electrical and Electronics Engineers (IEEE)},
    doi = {10.1109/powerafrica57932.2023.10363276}
}

@article{Dufo-Lopez2021ComparisonSystems,
    title = {{Comparison of lead-acid and li-ion batteries lifetime prediction models in stand-alone photovoltaic systems}},
    year = {2021},
    journal = {Applied Sciences (Switzerland)},
    author = {Dufo-L{\'{o}}pez, Rodolfo and Cort{\'{e}}s-Arcos, Tomás and Artal-Sevil, Jesús Sergio and Bernal-Agust{\'{i}}n, José L.},
    number = {3},
    month = {2},
    pages = {1--16},
    volume = {11},
    publisher = {MDPI AG},
    doi = {10.3390/app11031099},
    issn = {20763417},
    keywords = {Battery lifetime, Lead-acid batteries, Lithium batteries, Photovoltaic, Standalone systems}
}

@techreport{Keshan2016ComparisonSystems,
    title = {{Comparison of Lead-Acid and Lithium Ion Batteries for Stationary Storage in Off-Grid Energy Systems}},
    year = {2016},
    author = {Keshan, Hardik and Thornburg, Jesse and Selim Ustun, Taha},
    keywords = {4th IET Clean Energy and Technology Conference (CEAT 2016)}
}

@article{Hartvigsson2018ComparisonData,
    title = {{Comparison of load profiles in a mini-grid: Assessment of performance metrics using measured and interview-based data}},
    year = {2018},
    journal = {Energy for Sustainable Development},
    author = {Hartvigsson, Elias and Ahlgren, Erik O.},
    month = {4},
    pages = {186--195},
    volume = {43},
    publisher = {Elsevier B.V.},
    doi = {10.1016/j.esd.2018.01.009},
    issn = {09730826},
    keywords = {Load assessments, Load profiles, Mini-grids, Rural electrification}
}

@article{PaulAyengo2018ComparisonBatteries,
    title = {{Comparison of off-grid power supply systems using lead-acid and lithium-ion batteries}},
    year = {2018},
    journal = {Solar Energy},
    author = {Paul Ayeng'o, Sarah and Schirmer, Toni and Kairies, Kai Philipp and Axelsen, Hendrik and Uwe Sauer, Dirk},
    month = {3},
    pages = {140--152},
    volume = {162},
    publisher = {Elsevier Ltd},
    doi = {10.1016/j.solener.2017.12.049},
    issn = {0038092X},
    keywords = {Energy cost, Genetic algorithm, Lead-acid battery, Lithium-ion battery, Off-grid hybrid system, Rural electrification, Solar home system}
}

@article{PaulAyengo2018ComparisonBatteriesb,
    title = {{Comparison of off-grid power supply systems using lead-acid and lithium-ion batteries}},
    year = {2018},
    journal = {Solar Energy},
    author = {Paul Ayeng'o, Sarah and Schirmer, Toni and Kairies, Kai Philipp and Axelsen, Hendrik and Uwe Sauer, Dirk},
    month = {3},
    pages = {140--152},
    volume = {162},
    publisher = {Elsevier Ltd},
    doi = {10.1016/j.solener.2017.12.049},
    issn = {0038092X},
    keywords = {Energy cost, Genetic algorithm, Lead-acid battery, Lithium-ion battery, Off-grid hybrid system, Rural electrification, Solar home system}
}

@article{Kim2020ComparisonClustering,
    title = {{Comparison of time series clustering methods and application to power consumption pattern clustering}},
    year = {2020},
    journal = {Communications for Statistical Applications and Methods},
    author = {Kim, Jaehwi and Kim, Jaehee},
    number = {6},
    pages = {589--602},
    volume = {27},
    publisher = {Korean Statistical Society},
    doi = {10.29220/CSAM.2020.27.6.589},
    issn = {23834757},
    keywords = {complexity distance, model-based distance, model-free distance, power consumption, silhouette, time series clustering}
}

@article{Schimpe2018ComprehensiveBatteries,
    title = {{Comprehensive Modeling of Temperature-Dependent Degradation Mechanisms in Lithium Iron Phosphate Batteries}},
    year = {2018},
    journal = {Journal of The Electrochemical Society},
    author = {Schimpe, M. and von Kuepach, M. E. and Naumann, M. and Hesse, H. C. and Smith, K. and Jossen, A.},
    number = {2},
    pages = {A181-A193},
    volume = {165},
    publisher = {The Electrochemical Society},
    doi = {10.1149/2.1181714jes},
    issn = {0013-4651}
}

@inproceedings{Teeraratkul2016CondensedDemand,
    title = {{Condensed representation and individual prediction of consumer demand}},
    year = {2016},
    booktitle = {2016 4th IEEE International Conference on Smart Energy Grid Engineering, SEGE 2016},
    author = {Teeraratkul, Thanchanok and O'Neilly, Daniel and Lallz, Sanjay},
    month = {10},
    pages = {11--16},
    publisher = {Institute of Electrical and Electronics Engineers Inc.},
    isbn = {9781509051113},
    doi = {10.1109/SEGE.2016.7589192},
    keywords = {clustering, demand response, prediction, smart meter data}
}

@article{Yu2018ConstructingApplications,
    title = {{Constructing accurate equivalent electrical circuit models of lithium iron phosphate and lead-acid battery cells for solar home system applications}},
    year = {2018},
    journal = {Energies},
    author = {Yu, Yunhe and Narayan, Nishant and Vega-Garita, Victor and Popovic-Gerber, Jelena and Qin, Zian and Wagemaker, Marnix and Bauer, Pavol and Zeman, Miro},
    number = {9},
    month = {9},
    volume = {11},
    publisher = {MDPI AG},
    doi = {10.3390/en11092305},
    issn = {19961073},
    keywords = {Battery testing, Dynamic battery model, Electric equivalent circuit battery model, LiFePO4, Solar home systems, VRLA}
}

@article{Rocca2006CorrosionConditions,
    title = {{Corrosion management of PbCaSn alloys in lead-acid batteries: Effect of composition, metallographic state and voltage conditions}},
    year = {2006},
    journal = {Journal of Power Sources},
    author = {Rocca, E and Bourguignon, G and Steinmetz, J},
    number = {1},
    pages = {666--675},
    volume = {161},
    url = {https://www.sciencedirect.com/science/article/pii/S0378775306008032},
    doi = {https://doi.org/10.1016/j.jpowsour.2006.04.140},
    issn = {0378-7753},
    keywords = {Corrosion, Lead alloys, Lead-acid batteries}
}

@inproceedings{Schmidt2020CuDTW++:GPUs,
    title = {{CuDTW++: Ultra-Fast Dynamic Time Warping on CUDA-Enabled GPUs}},
    year = {2020},
    booktitle = {Euro-Par 2020: Parallel Processing: 26th International Conference on Parallel and Distributed Computing, Warsaw, Poland, August 24–28, 2020, Proceedings},
    author = {Schmidt, Bertil and Hundt, Christian},
    pages = {597--612},
    publisher = {Springer-Verlag},
    url = {https://doi.org/10.1007/978-3-030-57675-2_37},
    address = {Berlin, Heidelberg},
    isbn = {978-3-030-57674-5},
    doi = {10.1007/978-3-030-57675-2{\_}37},
    keywords = {CUDA, Data mining, Dynamic Time Warping, GPUs}
}

@article{Louie2023DailyNation,
    title = {{Daily electrical energy consumption characteristics and design implications for off-grid homes on the Navajo Nation}},
    year = {2023},
    journal = {Energy for Sustainable Development},
    author = {Louie, Henry and Atcitty, Stanley and Terry, Derrick and Lee, Darrick and Romine, Peter},
    month = {4},
    pages = {315--325},
    volume = {73},
    publisher = {Elsevier B.V.},
    doi = {10.1016/j.esd.2023.02.012},
    issn = {23524669},
    keywords = {Battery bank, Energy consumption, Navajo Nation, Off-grid, Solar}
}

@article{Severson2019Data-drivenDegradation,
    title = {{Data-driven prediction of battery cycle life before capacity degradation}},
    year = {2019},
    journal = {Nature Energy},
    author = {Severson, Kristen A. and Attia, Peter M. and Jin, Norman and Perkins, Nicholas and Jiang, Benben and Yang, Zi and Chen, Michael H. and Aykol, Muratahan and Herring, Patrick K. and Fraggedakis, Dimitrios and Bazant, Martin Z. and Harris, Stephen J. and Chueh, William C. and Braatz, Richard D.},
    number = {5},
    month = {5},
    pages = {383--391},
    volume = {4},
    publisher = {Nature Publishing Group},
    doi = {10.1038/s41560-019-0356-8},
    issn = {20587546}
}

@article{Kyere2024DecodingPhotovoltaic,
    title = {{Decoding the shift: Assessing household energy transition and unravelling the reasons for resistance or adoption of solar photovoltaic}},
    year = {2024},
    journal = {Technological Forecasting and Social Change},
    author = {Kyere, Francis and Dongying, Sun and Bampoe, Gertrude Dotse and Kumah, Naana Yaa Gyamea and Asante, Dennis},
    month = {1},
    volume = {198},
    publisher = {Elsevier Inc.},
    doi = {10.1016/j.techfore.2023.123030},
    issn = {00401625},
    keywords = {Adoption behavior, Behavioral reasoning theory, Household energy transition, Influencing factors, Solar PV}
}

@inproceedings{Koller2013DefiningSystem,
    title = {{Defining a degradation cost function for optimal control of a battery energy storage system}},
    year = {2013},
    booktitle = {2013 IEEE Grenoble Conference PowerTech, POWERTECH 2013},
    author = {Koller, Michael and Borsche, Theodor and Ulbig, Andreas and Andersson, Goran},
    isbn = {9781467356695},
    doi = {10.1109/PTC.2013.6652329}
}

@article{Birkl2017DegradationCells,
    title = {{Degradation diagnostics for lithium ion cells}},
    year = {2017},
    journal = {Journal of Power Sources},
    author = {Birkl, Christoph R. and Roberts, Matthew R. and McTurk, Euan and Bruce, Peter G. and Howey, David A.},
    month = {2},
    pages = {373--386},
    volume = {341},
    publisher = {Elsevier B.V.},
    doi = {10.1016/j.jpowsour.2016.12.011},
    issn = {03787753},
    keywords = {Battery management system, Degradation, Diagnostic, Lithium ion, Open circuit voltage, State of health}
}

@article{Wang2021Demand-sideTanzania,
    title = {{Demand-side management for off-grid solar-powered microgrids: A case study of rural electrification in Tanzania}},
    year = {2021},
    journal = {Energy},
    author = {Wang, Xinlin and Wang, Hao and Ahn, Sung Hoon},
    month = {6},
    volume = {224},
    publisher = {Elsevier Ltd},
    doi = {10.1016/j.energy.2021.120229},
    issn = {03605442},
    keywords = {Demand-side management, Machine learning, Off-grid, Solar, Sustainable energy development}
}

@article{Wang2021Demand-sideTanzaniab,
    title = {{Demand-side management for off-grid solar-powered microgrids: A case study of rural electrification in Tanzania}},
    year = {2021},
    journal = {Energy},
    author = {Wang, Xinlin and Wang, Hao and Ahn, Sung Hoon},
    month = {6},
    volume = {224},
    publisher = {Elsevier Ltd},
    doi = {10.1016/j.energy.2021.120229},
    issn = {03605442},
    keywords = {Demand-side management, Machine learning, Off-grid, Solar, Sustainable energy development}
}

@article{Cepeda2020DesignPlanning,
    title = {{Design of an incentive-based demand side management strategy for stand-alone microgrids planning}},
    year = {2020},
    journal = {International Journal of Sustainable Energy Planning and Management},
    author = {Cepeda, J. C.O. and Khalatbarisoltani, Arash and Boulon, Loïc and Osma-Pinto, German and Duarte, Cesar and Solano, Javier},
    month = {1},
    pages = {107--120},
    volume = {28},
    publisher = {Aalborg University press},
    doi = {10.5278/ijsepm.4293},
    issn = {22462929},
    keywords = {Demand-side management, Energy management, Planning, Sizing, Stand-Alone Microgrids}
}

@article{Alramlawi2020DesignModel,
    title = {{Design optimization of a residential pv-battery microgrid with a detailed battery lifetime estimation model}},
    year = {2020},
    journal = {IEEE Transactions on Industry Applications},
    author = {Alramlawi, Mansour and Li, Pu},
    number = {2},
    month = {3},
    pages = {2020--2030},
    volume = {56},
    publisher = {Institute of Electrical and Electronics Engineers Inc.},
    doi = {10.1109/TIA.2020.2965894},
    issn = {19399367},
    keywords = {Battery aging, grid blackout, lead acid battery model, microgrid, optimal design}
}

@misc{Jafari2018DeterministicScale,
    title = {{Deterministic models of Li-ion battery aging: It is a matter of scale}},
    year = {2018},
    booktitle = {Journal of Energy Storage},
    author = {Jafari, Mehdi and Khan, Khalid and Gauchia, Lucia},
    month = {12},
    pages = {67--77},
    volume = {20},
    publisher = {Elsevier Ltd},
    doi = {10.1016/j.est.2018.09.002},
    issn = {2352152X},
    keywords = {Battery aging, Capacity fade, Deterministic models, Li-ion battery, Multiple s, SEI growth, cales}
}

@article{Meert2020Dtaidistance,
    title = {{Dtaidistance}},
    year = {2020},
    journal = {Zenodo},
    author = {Meert, Wannes}
}

@article{Kumtepeli2024DTW-C++:Data,
    title = {{DTW-C++: Fast dynamic time warping and clustering of time series data}},
    year = {2024},
    journal = {Journal of Open Source Software},
    author = {Kumtepeli, Volkan and Perriment, Rebecca and Howey, David A.},
    number = {101},
    month = {9},
    pages = {6881},
    volume = {9},
    url = {https://joss.theoj.org/papers/10.21105/joss.06881},
    doi = {10.21105/joss.06881},
    issn = {2475-9066}
}

@inproceedings{Ahsan2016DynamicDispatch,
    title = {{Dynamic battery operational cost modeling for energy dispatch}},
    year = {2016},
    booktitle = {ECCE 2016 - IEEE Energy Conversion Congress and Exposition, Proceedings},
    author = {Ahsan, Aniq and Zhao, Qian and Khambadkone, Ashwin M. and Chia, Meng Hwee},
    publisher = {Institute of Electrical and Electronics Engineers Inc.},
    isbn = {9781509007370},
    doi = {10.1109/ECCE.2016.7855055}
}

@article{Sakoe1978DynamicRecognition,
    title = {{Dynamic Programming Algorithm Optimization for Spoken Word Recognition}},
    year = {1978},
    journal = {IEEE Transactions on Acoustics, Speech, and Signal Processing},
    author = {Sakoe, Hiroaki and Chiba, Seibi},
    number = {1},
    pages = {43--49},
    volume = {26},
    doi = {10.1109/TASSP.1978.1163055},
    issn = {00963518}
}

@article{Liu2017DynamicIdentification,
    title = {{Dynamic time warping based non-intrusive load transient identification}},
    year = {2017},
    journal = {Applied Energy},
    author = {Liu, Bo and Luan, Wenpeng and Yu, Yixin},
    pages = {634--645},
    volume = {195},
    publisher = {Elsevier Ltd},
    doi = {10.1016/j.apenergy.2017.03.010},
    issn = {03062619},
    keywords = {Dynamic time warping, Load transient identification, Nearest neighbor classification, Non-intrusive load monitoring, Transient power waveform}
}

@techreport{Bholowalia2014EBK-Means:WSN,
    title = {{EBK-Means: A Clustering Technique based on Elbow Method and K-Means in WSN}},
    year = {2014},
    booktitle = {International Journal of Computer Applications},
    author = {Bholowalia, Purnima and Kumar, Arvind},
    number = {9},
    pages = {975--8887},
    volume = {105},
    keywords = {Elbow method, Energy, K-means, LEACH, WSN}
}

@article{Lander1952EffectCell,
    title = {{Effect of Corrosion and Growth on the Life of Positive Grids in the Lead‐Acid Cell}},
    year = {1952},
    journal = {Journal of The Electrochemical Society},
    author = {Lander, J J},
    number = {11},
    month = {11},
    pages = {467},
    volume = {99},
    publisher = {The Electrochemical Society, Inc.},
    url = {https://dx.doi.org/10.1149/1.2779630},
    doi = {10.1149/1.2779630}
}

@article{Few2022ElectricityDesign,
    title = {{Electricity demand in populations gaining access: Impact of rurality and climatic conditions, and implications for microgrid design}},
    year = {2022},
    journal = {Energy for Sustainable Development},
    author = {Few, Sheridan and Barton, John and Sandwell, Philip and Mori, Richard and Kulkarni, Prasad and Thomson, Murray and Nelson, Jenny and Candelise, Chiara},
    month = {2},
    pages = {151--164},
    volume = {66},
    publisher = {Elsevier B.V.},
    doi = {10.1016/j.esd.2021.11.008},
    issn = {23524669},
    keywords = {Climate, Cooling demand, Electricity demand, Microgrid, Rural electrification, Technoeconomic assessment}
}

@misc{Muhumuza2018EnergyCountries,
    title = {{Energy consumption levels and technical approaches for supporting development of alternative energy technologies for rural sectors of developing countries}},
    year = {2018},
    booktitle = {Renewable and Sustainable Energy Reviews},
    author = {Muhumuza, Ronald and Zacharopoulos, Aggelos and Mondol, Jayanta Deb and Smyth, Mervyn and Pugsley, Adrian},
    month = {12},
    pages = {90--102},
    volume = {97},
    publisher = {Elsevier Ltd},
    doi = {10.1016/j.rser.2018.08.021},
    issn = {18790690},
    keywords = {Developing countries, Energy consumption, Energy poverty, Energy systems, Renewable energy, Rural off-grid}
}

@article{Thirugnanam2018EnergyBattery,
    title = {{Energy Management for Renewable Microgrid in Reducing Diesel Generators Usage with Multiple Types of Battery}},
    year = {2018},
    journal = {IEEE Transactions on Industrial Electronics},
    author = {Thirugnanam, Kannan and Kerk, See Kim and Yuen, Chau and Liu, Nian and Zhang, Meng},
    number = {8},
    month = {8},
    pages = {6772--6786},
    volume = {65},
    publisher = {Institute of Electrical and Electronics Engineers Inc.},
    doi = {10.1109/TIE.2018.2795585},
    issn = {02780046},
    keywords = {Photovoltaic (PV) system, battery, diesel generator (DG), energy management system, microgrid (MG)}
}

@article{Dagnachew2023EnergyElectricity,
    title = {{Energy planning in Sub-Saharan African countries needs to explicitly consider productive uses of electricity}},
    year = {2023},
    journal = {Scientific Reports},
    author = {Dagnachew, Anteneh G. and Choi, Su Min and Falchetta, Giacomo},
    number = {1},
    month = {12},
    volume = {13},
    publisher = {Nature Research},
    doi = {10.1038/s41598-023-40021-y},
    issn = {20452322},
    pmid = {37563234}
}

@article{Boait2017ESCoBox:World,
    title = {{ESCoBox: A set of tools for mini-grid sustainability in the developing world}},
    year = {2017},
    journal = {Sustainability (Switzerland)},
    author = {Boait, Peter and Gammon, Rupert and Advani, Varun and Wade, Neal and Greenwood, David and Davison, Peter},
    number = {5},
    volume = {9},
    publisher = {MDPI AG},
    doi = {10.3390/su9050738},
    issn = {20711050},
    keywords = {Battery management, Demand-side management, Micro-grid, Mini-grid}
}

@article{Narayan2018EstimatingMethodology,
    title = {{Estimating battery lifetimes in Solar Home System design using a practical modelling methodology}},
    year = {2018},
    journal = {Applied Energy},
    author = {Narayan, Nishant and Papakosta, Thekla and Vega-Garita, Victor and Qin, Zian and Popovic-Gerber, Jelena and Bauer, Pavol and Zeman, Miroslav},
    month = {10},
    pages = {1629--1639},
    volume = {228},
    publisher = {Elsevier Ltd},
    doi = {10.1016/j.apenergy.2018.06.152},
    issn = {03062619},
    keywords = {Battery lifetime model, Battery sizing, Cyclic ageing, Dynamic battery lifetime estimation, Solar Home Systems}
}

@article{Pandyaswargo2020EstimatingLaos,
    title = {{Estimating the energy demand and growth in off-grid villages: Case studies from Myanmar, Indonesia, and Laos}},
    year = {2020},
    journal = {Energies},
    author = {Pandyaswargo, Andante Hadi and Ruan, Mengyi and Htwe, Eiei and Hiratsuka, Motoshi and Wibowo, Alan Dwi and Nagai, Yuji and Onoda, Hiroshi},
    number = {20},
    month = {10},
    volume = {13},
    publisher = {MDPI AG},
    doi = {10.3390/en13205313},
    issn = {19961073},
    keywords = {Energy demand, Energy use, Off-grid electrification, Rural development, Rural electrification, Southeast Asia, Sustainable development, Sustainable development goals, Time-use}
}

@article{Mehra2018EstimatingMicro-grids,
    title = {{Estimating the value of demand-side management in low-cost, solar micro-grids}},
    year = {2018},
    journal = {Energy},
    author = {Mehra, Varun and Amatya, Reja and Ram, Rajeev J.},
    month = {11},
    pages = {74--87},
    volume = {163},
    publisher = {Elsevier Ltd},
    doi = {10.1016/j.energy.2018.07.204},
    issn = {03605442},
    keywords = {Asset selection, Cost, Demand-side management, Electricity access, Micro-grids, Off-grid, Reliability, Techno-economic model}
}

@article{Mehra2018EstimatingMicro-gridsb,
    title = {{Estimating the value of demand-side management in low-cost, solar micro-grids}},
    year = {2018},
    journal = {Energy},
    author = {Mehra, Varun and Amatya, Reja and Ram, Rajeev J.},
    month = {11},
    pages = {74--87},
    volume = {163},
    publisher = {Elsevier Ltd},
    doi = {10.1016/j.energy.2018.07.204},
    issn = {03605442},
    keywords = {Asset selection, Cost, Demand-side management, Electricity access, Micro-grids, Off-grid, Reliability, Techno-economic model}
}

@article{Boait2015EstimationCountries,
    title = {{Estimation of demand diversity and daily demand profile for off-grid electrification in developing countries}},
    year = {2015},
    journal = {Energy for Sustainable Development},
    author = {Boait, P. and Advani, V. and Gammon, R.},
    month = {12},
    pages = {135--141},
    volume = {29},
    publisher = {Elsevier B.V.},
    doi = {10.1016/j.esd.2015.10.009},
    issn = {23524669},
    keywords = {Demand diversity, Micro-grid, Mini-grid, Monte Carlo model}
}

@article{Bhatti2021EstimationSystems,
    title = {{Estimation of surplus energy in off-grid solar home systems}},
    year = {2021},
    journal = {Renewable Energy and Environmental Sustainability},
    author = {Bhatti, Satyam and Williams, Arthur},
    pages = {25},
    volume = {6},
    publisher = {EDP Sciences},
    doi = {10.1051/rees/2021024}
}

@article{Lavety2020EvaluationBattery,
    title = {{Evaluation of charging strategies for valve regulated lead-acid battery}},
    year = {2020},
    journal = {IEEE Access},
    author = {Lavety, Sandhya and Keshri, Ritesh Kumar and Chaudhari, Madhuri A.},
    pages = {164747--164761},
    volume = {8},
    publisher = {Institute of Electrical and Electronics Engineers Inc.},
    doi = {10.1109/ACCESS.2020.3022235},
    issn = {21693536},
    keywords = {Discrete electro-thermal model, Pulse charging strategy, Refiex charging strategy, State of health, Valve regulated lead acid battery}
}

@article{Wang2013ExperimentalData,
    title = {{Experimental comparison of representation methods and distance measures for time series data}},
    year = {2013},
    journal = {Data Mining and Knowledge Discovery},
    author = {Wang, Xiaoyue and Mueen, Abdullah and Ding, Hui and Trajcevski, Goce and Scheuermann, Peter and Keogh, Eamonn},
    number = {2},
    month = {3},
    pages = {275--309},
    volume = {26},
    doi = {10.1007/s10618-012-0250-5},
    issn = {13845810},
    arxivId = {1012.2789},
    keywords = {Distance measure, Experimental comparison, Representation, Time series}
}

@article{Narayan2019ExploringAccess,
    title = {{Exploring the boundaries of Solar Home Systems (SHS) for off-grid electrification: Optimal SHS sizing for the multi-tier framework for household electricity access}},
    year = {2019},
    journal = {Applied Energy},
    author = {Narayan, Nishant and Chamseddine, Ali and Vega-Garita, Victor and Qin, Zian and Popovic-Gerber, Jelena and Bauer, Pavol and Zeman, Miroslav},
    month = {4},
    pages = {907--917},
    volume = {240},
    publisher = {Elsevier Ltd},
    doi = {10.1016/j.apenergy.2019.02.053},
    issn = {03062619},
    keywords = {Battery lifetime, Battery sizing, Multi objective optimization, Multi-tier framework, Optimal sizing, Solar Home Systems}
}

@techreport{Yahmadi2016FailuresApplications,
    title = {{Failures analysis and improvement lifetime of lead acid battery in different applications Reliability and energy management of hybrid sources View project Failures analysis and improvement lifetime of lead acid battery in different applications}},
    year = {2016},
    author = {Yahmadi, Raja and {\#}1, Yahmadi and Brik, Kais and Ben Ammar, Faouzi},
    url = {https://www.researchgate.net/publication/309617067},
    keywords = {charge cycle, failure mode, lead acid battery, lifetime, manufacturing}
}

@article{Kumtepeli2023FastC++,
    title = {{Fast dynamic time warping and clustering in C++}},
    year = {2023},
    author = {Kumtepeli, Volkan and Perriment, Rebecca and Howey, David A.},
    month = {7},
    url = {http://arxiv.org/abs/2307.04904},
    arxivId = {2307.04904}
}

@inproceedings{Xi2006FastReduction,
    title = {{Fast Time Series Classification Using Numerosity Reduction}},
    year = {2006},
    author = {Xi, Xiaopeng and Keogh, Eamonn and Shelton, Christian and Wei, Li and Ratanamahatana, Chotirat Ann}
}

@techreport{WuFastDTWApproximates,
    title = {{FastDTW is approximate and Generally Slower than the Algorithm it Approximates}},
    author = {Wu, Renjie and Keogh, Eamonn J},
    keywords = {Index Terms-Dynamic time warping, data mining, similarity measures, time series analysis}
}

@article{Sulzer2019FasterModel,
    title = {{Faster Lead-Acid Battery Simulations from Porous-Electrode Theory: Part I. Physical Model}},
    year = {2019},
    journal = {Journal of The Electrochemical Society},
    author = {Sulzer, Valentin and Chapman, S. Jon and Please, Colin P. and Howey, David A. and Monroe, Charles W.},
    number = {12},
    pages = {A2363-A2371},
    volume = {166},
    publisher = {The Electrochemical Society},
    doi = {10.1149/2.0301910jes},
    issn = {0013-4651},
    arxivId = {1902.01771}
}

@article{Bandara2020ForecastingApproach,
    title = {{Forecasting across time series databases using recurrent neural networks on groups of similar series: A clustering approach}},
    year = {2020},
    journal = {Expert Systems with Applications},
    author = {Bandara, Kasun and Bergmeir, Christoph and Smyl, Slawek},
    month = {2},
    volume = {140},
    publisher = {Elsevier Ltd},
    doi = {10.1016/j.eswa.2019.112896},
    issn = {09574174},
    arxivId = {1710.03222},
    keywords = {Big data forecasting, LSTM, Neural networks, RNN, Time series clustering}
}

@article{Kizilcec2022ForecastingAccess,
    title = {{Forecasting Solar Home System Customers’ Electricity Usage with a 3D Convolutional Neural Network to Improve Energy Access}},
    year = {2022},
    journal = {Energies},
    author = {Kizilcec, Vivien and Spataru, Catalina and Lipani, Aldo and Parikh, Priti},
    number = {3},
    month = {2},
    volume = {15},
    publisher = {MDPI},
    doi = {10.3390/en15030857},
    issn = {19961073},
    keywords = {CNN, Convolutional neural network, Energy access, Load forecasting, SHS, Solar home system}
}

@techreport{CBosceGasConditions,
    title = {{Gas evolution, recombination and grid corrosion in a VRLA battery under high temperature operating conditions}},
    author = {C Bosce, Chalasani S and Mathiesen, Gregory W}
}

@misc{GoalAffairs,
    title = {{Goal 7  Department of Economic and Social Affairs}},
    booktitle = {United Nations},
    url = {https://sdgs.un.org/goals/goal7}
}

@techreport{Bridges1966HIERARCHICALANALYSIS,
    title = {{HIERARCHICAL CLUSTER ANALYSIS}},
    year = {1966},
    author = {Bridges, Cecil C},
    pages = {851--854},
    volume = {18},
    publisher = {@ Southern Universities Press}
}

@article{Wen2023High-resolutionLength,
    title = {{High-resolution Load Profile Clustering Approach Based on Dynamic Largest Triangle Three Buckets and Multiscale Dynamic Warping Path under Limited Warping Path Length}},
    year = {2023},
    journal = {Journal of Modern Power Systems and Clean Energy},
    author = {Wen, Mi and Ma, Yue and Zhang, Weina and Tian, Yingjie and Wang, Yanfei},
    number = {5},
    month = {9},
    pages = {1576--1584},
    volume = {11},
    publisher = {State Grid Electric Power Research Institute Nanjing Branch},
    doi = {10.35833/MPCE.2022.000386},
    issn = {21965420},
    keywords = {Load profile clustering, dynamic time warping (DTW), largest triangle three buckets (LTTB), spectral clustering}
}

@article{Opiyo2020HowCommunities,
    title = {{How basic access to electricity stimulates temporally increasing load demands by households in rural developing communities}},
    year = {2020},
    journal = {Energy for Sustainable Development},
    author = {Opiyo, Nicholas Nixon},
    month = {12},
    pages = {97--106},
    volume = {59},
    publisher = {Elsevier B.V.},
    doi = {10.1016/j.esd.2020.09.006},
    issn = {23524669},
    keywords = {Basic electrification, Grid electrification, Increasing power demands, SHS modifications}
}

@article{Mergulhao2023HowKenya,
    title = {{How do they pay as they go?: Learning payment patterns from solar home system users data in Rwanda and Kenya}},
    year = {2023},
    journal = {Energy for Sustainable Development},
    author = {Mergulh{\~{a}}o, Vasco P. and Capra, Licia and Voglitsis, Kostas and Parikh, Priti},
    month = {10},
    volume = {76},
    publisher = {Elsevier B.V.},
    doi = {10.1016/j.esd.2023.101295},
    issn = {23524669},
    keywords = {Clustering, Customer behaviour, Customer segmentation, Data-driven, Machine learning, Pay-as-you-go, Solar Home System}
}

@article{Guajardo2019HowEconomies,
    title = {{How Do Usage and Payment Behavior Interact in Rent-to-Own Business Models? Evidence from Developing Economies}},
    year = {2019},
    journal = {Production and Operations Management},
    author = {Guajardo, Jose A.},
    number = {11},
    month = {11},
    pages = {2808--2822},
    volume = {28},
    publisher = {Wiley-Blackwell},
    doi = {10.1111/poms.13067},
    issn = {19375956},
    keywords = {business analytics, consumer behavior, empirical analysis, off-grid energy, rent-to-own}
}

@inproceedings{Ullah2018ImpactSystem,
    title = {{Impact of Battery Operating Conditions on Remote Microgrid's Energy Management System}},
    year = {2018},
    booktitle = {IEEE Power {\&} Energy Society General Meeting},
    author = {Ullah, Md and Chalise, Santosh and Tamrakar, Ujjwol and Tonkoski, Reinaldo},
    isbn = {9781538677032}
}

@article{Ray2021ImpactSouth,
    title = {{Impact of demand response on escalating energy access with affordable solar photovoltaic generation in the Global South}},
    year = {2021},
    journal = {Renewable and Sustainable Energy Reviews},
    author = {Ray, Manojit and Chakraborty, Basab},
    month = {6},
    volume = {143},
    publisher = {Elsevier Ltd},
    doi = {10.1016/j.rser.2021.110884},
    issn = {18790690},
    keywords = {Consumer engagement, LCOE, Mini-grid, Off-grid, Solar PV, Sustainable development goals}
}

@article{Bogno2017ImprovementSystems,
    title = {{Improvement of safety, longevity and performance of lead acid battery in off-grid PV systems}},
    year = {2017},
    journal = {International Journal of Hydrogen Energy},
    author = {Bogno, Bachirou and Sawicki, Jean Paul and Salame, Takla and Aillerie, Michel and Saint-Eve, Fréderic and Hamandjoda, Oumarou and Tibi, Beda},
    number = {5},
    month = {2},
    pages = {3466--3478},
    volume = {42},
    publisher = {Elsevier Ltd},
    doi = {10.1016/j.ijhydene.2016.12.011},
    issn = {03603199},
    keywords = {Lead acid battery, MPPT charge controller, Off-grid PV systems, Three-Stage Charging control}
}

@article{Reniers2018ImprovingModelling,
    title = {{Improving optimal control of grid-connected lithium-ion batteries through more accurate battery and degradation modelling}},
    year = {2018},
    journal = {Journal of Power Sources},
    author = {Reniers, Jorn M. and Mulder, Grietus and Ober-Bl{\"{o}}baum, Sina and Howey, David A.},
    month = {3},
    pages = {91--102},
    volume = {379},
    publisher = {Elsevier B.V.},
    doi = {10.1016/j.jpowsour.2018.01.004},
    issn = {03787753},
    arxivId = {1710.04552},
    keywords = {Battery ageing, Battery modelling, Degradation, Grid-connected battery, Lithium ion, Optimal control}
}

@inproceedings{Ausmus2020ImprovingWarping,
    title = {{Improving the Accuracy of Clustering Electric Utility Net Load Data using Dynamic Time Warping}},
    year = {2020},
    booktitle = {Proceedings of the IEEE Power Engineering Society Transmission and Distribution Conference},
    author = {Ausmus, Jason R. and Sen, Pankaj K.P.K. and Wu, Tianying and Adhikari, Uttam and Zhang, Yingchen and Krishnan, Venkat},
    month = {10},
    volume = {2020-October},
    publisher = {Institute of Electrical and Electronics Engineers Inc.},
    isbn = {9781728145471},
    doi = {10.1109/TD39804.2020.9299915},
    issn = {21608563},
    keywords = {Electric load profiles, clustering, machine learning, pattern recognition, time-series}
}

@article{Yang2006InfluenceSystems,
    title = {{Influence of the charge regulator strategy on state of charge and lifetime of VRLA battery in household photovoltaic systems}},
    year = {2006},
    journal = {Solar Energy},
    author = {Yang, Hong and Wang, He and Chen, Guangde and Wu, Guoming},
    number = {3},
    month = {3},
    pages = {281--287},
    volume = {80},
    doi = {10.1016/j.solener.2005.02.006},
    issn = {0038092X},
    keywords = {Charge strategy, Photovoltaic, Regulator, VRLA battery}
}

@book{Wolsey2020IntegerEdition,
    title = {{Integer Programming, Second Edition}},
    year = {2020},
    author = {Wolsey, Laurence A.},
    volume = {},
    isbn = {9781119606536}
}

@article{Yang2017K-ShapeImprovement,
    title = {{k-Shape clustering algorithm for building energy usage patterns analysis and forecasting model accuracy improvement}},
    year = {2017},
    journal = {Energy and Buildings},
    author = {Yang, Junjing and Ning, Chao and Deb, Chirag and Zhang, Fan and Cheong, David and Lee, Siew Eang and Sekhar, Chandra and Tham, Kwok Wai},
    month = {7},
    pages = {27--37},
    volume = {146},
    publisher = {Elsevier Ltd},
    doi = {10.1016/j.enbuild.2017.03.071},
    issn = {03787788}
}

@article{Gustavsson2005Lead-acidZambia,
    title = {{Lead-acid battery capacity in solar home systems - Field tests and experiences in Lundazi, Zambia}},
    year = {2005},
    journal = {Solar Energy},
    author = {Gustavsson, Mathias and Mtonga, Daniel},
    number = {5},
    month = {11},
    pages = {551--558},
    volume = {79},
    doi = {10.1016/j.solener.2004.10.010},
    issn = {0038092X},
    keywords = {Africa, Field test, Lead-acid battery performance, Photovoltaics}
}

@inproceedings{Perriment2023Lead-AcidConditions,
    title = {{Lead-Acid Battery Lifetime Extension in Solar Home Systems Under Different Operating Conditions}},
    year = {2023},
    author = {Perriment, R. and Kumtepeli, V. and McCulloch, M.D. and Howey, D.A.},
    month = {12},
    pages = {1--5},
    publisher = {Institute of Electrical and Electronics Engineers (IEEE)},
    doi = {10.1109/powerafrica57932.2023.10363281},
    arxivId = {2311.14098}
}

@inproceedings{Mohsin2019Lead-acidReview,
    title = {{Lead-acid battery modelling in perspective of ageing: a review}},
    year = {2019},
    booktitle = {IEEE 12th International Symposium on Diagnostics for Electrical Machines, Power Electronics and Drives (SDEMPED)},
    author = {Mohsin, Muhammad and Picot, Antoine and Maussion, Pascal},
    isbn = {9781728118321}
}

@misc{Almeshqab2019LessonsAspects,
    title = {{Lessons learned from rural electrification initiatives in developing countries: Insights for technical, social, financial and public policy aspects}},
    year = {2019},
    booktitle = {Renewable and Sustainable Energy Reviews},
    author = {Almeshqab, Fatema and Ustun, Taha Selim},
    month = {3},
    pages = {35--53},
    volume = {102},
    publisher = {Elsevier Ltd},
    doi = {10.1016/j.rser.2018.11.035},
    issn = {18790690},
    keywords = {Business models for Rural electrification, Distributed Generation, First Access Systems, Innovative Solutions for Energy, Leap-frogging in Power Systems, Microgrids, Policy making for Sustainable Energy, Renewable Energy based Electrification, Rural Electrification, Social Sciences for Sustainability, Underserved Communities}
}

@article{Lai2017LevelizedStorage,
    title = {{Levelized cost of electricity for solar photovoltaic and electrical energy storage}},
    year = {2017},
    journal = {Applied Energy},
    author = {Lai, Chun Sing and McCulloch, Malcolm D.},
    pages = {191--203},
    volume = {190},
    publisher = {Elsevier Ltd},
    doi = {10.1016/j.apenergy.2016.12.153},
    issn = {03062619},
    keywords = {Electrical energy storage, LCOE, PV}
}

@inproceedings{Bashir2017LifetimeSystems,
    title = {{Lifetime maximization of lead-acid batteries in small scale UPS and distributed generation systems}},
    year = {2017},
    booktitle = {2017 IEEE Manchester PowerTech, Powertech 2017},
    author = {Bashir, Noman and Sardar, Hira Shahzad and Nasir, Mashood and Hassan, Naveed Ul and Khan, Hassan Abbas},
    month = {7},
    publisher = {},
    isbn = {9781509042371},
    doi = {10.1109/PTC.2017.7980993},
    keywords = {Lead-acid batteries, UPS, intermittent grid, state of charge (SOC)}
}

@book{Bindner2005LifetimeBatteries,
    title = {{Lifetime modelling of lead acid batteries}},
    year = {2005},
    author = {Bindner, Henrik},
    publisher = {Ris{\o} National Laboratory},
    isbn = {8755034411}
}

@article{Blechinger2018LightsOn,
    title = {{Lights that stay on}},
    year = {2018},
    journal = {Nature Energy},
    author = {Blechinger, Philipp},
    number = {11},
    month = {11},
    pages = {919--920},
    volume = {3},
    publisher = {Nature Publishing Group},
    doi = {10.1038/s41560-018-0273-2},
    issn = {20587546}
}

@misc{Edge2021LithiumKnow,
    title = {{Lithium ion battery degradation: what you need to know}},
    year = {2021},
    booktitle = {Physical Chemistry Chemical Physics},
    author = {Edge, Jacqueline S. and O’Kane, Simon and Prosser, Ryan and Kirkaldy, Niall D. and Patel, Anisha N. and Hales, Alastair and Ghosh, Abir and Ai, Weilong and Chen, Jingyi and Yang, Jiang and Li, Shen and Pang, Mei Chin and Bravo Diaz, Laura and Tomaszewska, Anna and Marzook, M. Waseem and Radhakrishnan, Karthik N. and Wang, Huizhi and Patel, Yatish and Wu, Billy and Offer, Gregory J.},
    number = {14},
    month = {4},
    pages = {8200--8221},
    volume = {23},
    publisher = {Royal Society of Chemistry},
    doi = {10.1039/d1cp00359c},
    issn = {14639076},
    pmid = {33875989}
}

@misc{Edge2021LithiumKnowb,
    title = {{Lithium ion battery degradation: what you need to know}},
    year = {2021},
    booktitle = {Physical Chemistry Chemical Physics},
    author = {Edge, Jacqueline S. and O’Kane, Simon and Prosser, Ryan and Kirkaldy, Niall D. and Patel, Anisha N. and Hales, Alastair and Ghosh, Abir and Ai, Weilong and Chen, Jingyi and Yang, Jiang and Li, Shen and Pang, Mei Chin and Bravo Diaz, Laura and Tomaszewska, Anna and Marzook, M. Waseem and Radhakrishnan, Karthik N. and Wang, Huizhi and Patel, Yatish and Wu, Billy and Offer, Gregory J.},
    number = {14},
    month = {4},
    pages = {8200--8221},
    volume = {23},
    publisher = {Royal Society of Chemistry},
    doi = {10.1039/d1cp00359c},
    issn = {14639076},
    pmid = {33875989}
}

@article{Williams2017LoadMicrogrids,
    title = {{Load Characteristics of East African Microgrids}},
    year = {2017},
    journal = {IEEE PES-IAS PowerAfrica Confrence},
    author = {Williams, Nathaniel and Jaramillo, Paulina and Cornell, Benjamin and Lyons-Galante, Isaiah and Wynn, Ella},
    publisher = {IEEE},
    isbn = {9781509047468}
}

@article{Jang2021LoadTariffs,
    title = {{Load profile-based residential customer segmentation for analyzing customer preferred time-of-use (Tou) tariffs}},
    year = {2021},
    journal = {Energies},
    author = {Jang, Minseok and Jeong, Hyun Cheol and Kim, Taegon and Joo, Sung Kwan},
    number = {19},
    month = {10},
    volume = {14},
    publisher = {MDPI},
    doi = {10.3390/en14196130},
    issn = {19961073},
    keywords = {Choice experiment, Demand response, Demand side management, Gaussian mixture model, Load profile, Mixed logit, Smart grids, Time-of-use tariff}
}

@techreport{Wang2015LoadReview,
    title = {{Load Profiling and Its Application to Demand Response: A Review}},
    year = {2015},
    author = {Wang, Yi and Chen, Qixin and Kang, Chongqing and Zhang, Mingming and Wang, Ke and Zhao, Yun},
    number = {2},
    volume = {20},
    keywords = {Advanced Metering Infrastructure (AMI), customer segmentation, data mining, demand response, load profiling}
}

@misc{Riva2018Long-termPerspective,
    title = {{Long-term energy planning and demand forecast in remote areas of developing countries: Classification of case studies and insights from a modelling perspective}},
    year = {2018},
    booktitle = {Energy Strategy Reviews},
    author = {Riva, Fabio and Tognollo, Annalisa and Gardumi, Francesco and Colombo, Emanuela},
    month = {4},
    pages = {71--89},
    volume = {20},
    publisher = {Elsevier Ltd},
    doi = {10.1016/j.esr.2018.02.006},
    issn = {2211467X},
    keywords = {Access to energy, Classification and analysis, Energy demand models, Energy modelling, Rural energy planning}
}

@article{Ferrall2022MeasuringSolutions,
    title = {{Measuring the reliability of SDG 7: The reasons, timing, and fairness of outage distribution for household electricity access solutions}},
    year = {2022},
    journal = {Environmental Research Communications},
    author = {Ferrall, Isa and Callaway, Duncan and Kammen, Daniel M.},
    number = {5},
    month = {5},
    volume = {4},
    publisher = {Institute of Physics},
    doi = {10.1088/2515-7620/ac6939},
    issn = {25157620},
    keywords = {SAIDI, SAIFI, electricity access, energy justice, reliability, sustainable development}
}

@article{Sharma2019ModelSystem,
    title = {{Model based approach for planning dynamic integration of renewable energy in a transitioning electricity system}},
    year = {2019},
    journal = {International Journal of Electrical Power and Energy Systems},
    author = {Sharma, Tarun and Balachandra, P.},
    month = {2},
    pages = {642--659},
    volume = {105},
    publisher = {Elsevier Ltd},
    doi = {10.1016/j.ijepes.2018.09.007},
    issn = {01420615},
    keywords = {Electricity system transition, Generation expansion planning, Power system modelling, Renewable energy integration, Sustainability transition}
}

@article{Schiffer2007ModelSystems,
    title = {{Model prediction for ranking lead-acid batteries according to expected lifetime in renewable energy systems and autonomous power-supply systems}},
    year = {2007},
    journal = {Journal of Power Sources},
    author = {Schiffer, Julia and Sauer, Dirk Uwe and Bindner, Henrik and Cronin, Tom and Lundsager, Per and Kaiser, Rudi},
    number = {1 SPEC. ISS.},
    month = {5},
    pages = {66--78},
    volume = {168},
    publisher = {Elsevier},
    doi = {10.1016/j.jpowsour.2006.11.092},
    issn = {03787753},
    keywords = {Ageing, Lead-acid battery, Lifetime model, Photovoltaic, Wind}
}

@article{Sowe2022Model-informedMini-grids,
    title = {{Model-informed battery current derating strategies: Simple methods to extend battery lifetime in islanded mini-grids}},
    year = {2022},
    journal = {Journal of Energy Storage},
    author = {Sowe, Jake and Varela Barreras, Jorge and Schimpe, Michael and Wu, Billy and Candelise, Chiara and Nelson, Jenny and Few, Sheridan},
    month = {7},
    pages = {104524},
    volume = {51},
    url = {https://linkinghub.elsevier.com/retrieve/pii/S2352152X22005448},
    doi = {10.1016/j.est.2022.104524},
    issn = {2352152X}
}

@techreport{Riva2019ModellingPlanning,
    title = {{Modelling long-term electricity load demand for rural electrification planning; Modelling long-term electricity load demand for rural electrification planning}},
    year = {2019},
    author = {Riva, Fabio and Sanvito, Francesco Davide and Tonini, Francesco and Colombo, Emanuela},
    keywords = {electricity demand, electricity-development nexus, load profiles, rural electrification, system-dynamics}
}

@article{Kitson2018ModellingCommunities,
    title = {{Modelling of an expandable, reconfigurable, renewable DC microgrid for off-grid communities}},
    year = {2018},
    journal = {Energy},
    author = {Kitson, J. and Williamson, S. J. and Harper, P. W. and McMahon, C. A. and Rosenberg, G. and Tierney, M. J. and Bell, K. and Gautam, B.},
    month = {10},
    pages = {142--153},
    volume = {160},
    publisher = {Elsevier Ltd},
    doi = {10.1016/j.energy.2018.06.219},
    issn = {03605442},
    keywords = {DC microgrid, DC non-linear droop control, Solar, Wind}
}

@article{Kennedy2019MultilevelKenya,
    title = {{Multilevel customer segmentation for off-grid solar in developing countries: Evidence from solar home systems in Rwanda and Kenya}},
    year = {2019},
    journal = {Energy},
    author = {Kennedy, Ryan and Numminen, Sini and Sutherland, Joseph and Urpelainen, Johannes},
    month = {11},
    volume = {186},
    publisher = {Elsevier Ltd},
    doi = {10.1016/j.energy.2019.07.058},
    issn = {03605442},
    keywords = {Economic development, Kenya, Payment policies, Renewable energy, Rwanda, Solar home systems}
}

@article{Mandelli2016NovelAreas,
    title = {{Novel procedure to formulate load profiles for off-grid rural areas}},
    year = {2016},
    journal = {Energy for Sustainable Development},
    author = {Mandelli, Stefano and Merlo, Marco and Colombo, Emanuela},
    month = {4},
    pages = {130--142},
    volume = {31},
    publisher = {Elsevier B.V.},
    doi = {10.1016/j.esd.2016.01.005},
    issn = {23524669},
    keywords = {Electric consumptions, Load model, Off-grid energy systems, Renewables, Rural electrification, Stochastic model}
}

@article{Jurasz2022OnSystems,
    title = {{On the impact of load profile data on the optimization results of off-grid energy systems}},
    year = {2022},
    journal = {Renewable and Sustainable Energy Reviews},
    author = {Jurasz, Jakub and Guezgouz, Mohammed and Campana, Pietro E. and Kies, Alexander},
    month = {5},
    volume = {159},
    publisher = {Elsevier Ltd},
    doi = {10.1016/j.rser.2022.112199},
    issn = {18790690},
    keywords = {Battery storage, Load profile, Off-grid system, Reliability, Sensitivity towards input data, Solar energy}
}

@article{LeRay2019OnlineProfiling,
    title = {{Online adaptive clustering algorithm for load profiling}},
    year = {2019},
    journal = {Sustainable Energy, Grids and Networks},
    author = {Le Ray, G. and Pinson, P.},
    month = {3},
    volume = {17},
    publisher = {Elsevier Ltd},
    doi = {10.1016/j.segan.2018.100181},
    issn = {23524677},
    keywords = {Clustering, Load profiling, Smart grid, Time-series analysis}
}

@article{Svoboda2007OperatingSystems,
    title = {{Operating conditions of batteries in off-grid renewable energy systems}},
    year = {2007},
    journal = {Solar Energy},
    author = {Svoboda, Vojtech and Wenzl, Heinz and Kaiser, Rudi and Jossen, Andreas and Baring-Gould, Ian and Manwell, James and Lundsager, Per and Bindner, Henrik and Cronin, Tom and N{\o}rg{\aa}rd, Per and Ruddell, Alan and Perujo, Adolfo and Douglas, Kevin and Rodrigues, Carlos and Joyce, António and Tselepis, Stathis and van der Borg, Nico and Nieuwenhout, Frans and Wilmot, Nigel and Mattera, Florence and Sauer, Dirk Uwe},
    number = {11},
    month = {11},
    pages = {1409--1425},
    volume = {81},
    doi = {10.1016/j.solener.2006.12.009},
    issn = {0038092X},
    keywords = {Ageing processes, Lead acid battery, Operating conditions, Renewable energy systems}
}

@article{Lujano-Rojas2016OperatingMicrogrids,
    title = {{Operating conditions of lead-acid batteries in the optimization of hybrid energy systems and microgrids}},
    year = {2016},
    journal = {Applied Energy},
    author = {Lujano-Rojas, Juan M. and Dufo-L{\'{o}}pez, Rodolfo and Atencio-Guerra, José L. and Rodrigues, Eduardo M.G. and Bernal-Agust{\'{i}}n, José L. and Catal{\~{a}}o, João P.S.},
    month = {10},
    pages = {590--600},
    volume = {179},
    publisher = {Elsevier Ltd},
    doi = {10.1016/j.apenergy.2016.07.018},
    issn = {03062619},
    keywords = {Energy systems, Genetic algorithm, Lead-acid battery, Weighted Ah ageing model, Wind energy}
}

@article{Wang2022OptimalResponse,
    title = {{Optimal Operation Analysis of Integrated Community Energy System Considering the Uncertainty of Demand Response}},
    year = {2022},
    journal = {IEEE Transactions on Industrial Electronics},
    author = {Wang, Lei and Hou, Chongqi and Ye, Bin and Wang, Xuli and Yin, Chenxu and Cong, Hao},
    number = {4},
    month = {1},
    pages = {3681--3691},
    volume = {36},
    publisher = {Institute of Electrical and Electronics Engineers Inc.},
    doi = {10.1109/TIE.2021.3051547},
    issn = {15579948},
    keywords = {Analytical torque, doubly salient, flux density, magnetic permeance, magnetic saturation, switched reluctance machine (SRM)}
}

@article{Zia2019OptimalConsiderations,
    title = {{Optimal operational planning of scalable DC microgrid with demand response, islanding, and battery degradation cost considerations}},
    year = {2019},
    journal = {Applied Energy},
    author = {Zia, Muhammad Fahad and Elbouchikhi, Elhoussin and Benbouzid, Mohamed},
    month = {3},
    pages = {695--707},
    volume = {237},
    publisher = {Elsevier Ltd},
    doi = {10.1016/j.apenergy.2019.01.040},
    issn = {03062619},
    keywords = {Battery degradation cost model, DC microgrid, Demand response, Energy management system, Li-ion battery, Optimization, Photovoltaic system}
}

@misc{Jordehi2019OptimisationReview,
    title = {{Optimisation of demand response in electric power systems, a review}},
    year = {2019},
    booktitle = {Renewable and Sustainable Energy Reviews},
    author = {Jordehi, A. Rezaee},
    month = {4},
    pages = {308--319},
    volume = {103},
    publisher = {Elsevier Ltd},
    doi = {10.1016/j.rser.2018.12.054},
    issn = {18790690},
    keywords = {Demand response, Demand side management, Electric power systems, Optimisation}
}

@article{Hlal2019OptimumSystem,
    title = {{Optimum battery depth of discharge for off-grid solar PV/battery system}},
    year = {2019},
    journal = {Journal of Energy Storage},
    author = {Hlal, Mohamad Izdin and Ramachandaramurthy, Vigna K. and Sarhan, Ameen and Pouryekta, Aref and Subramaniam, Umashankar},
    month = {12},
    volume = {26},
    publisher = {Elsevier Ltd},
    doi = {10.1016/j.est.2019.100999},
    issn = {2352152X},
    keywords = {Cost of energy, Loss of load probability, Multi-objective NSGA-II, Optimization, Stand-alone PV-battery system}
}

@article{Huangfu2018ParallelizingMethod,
    title = {{Parallelizing the dual revised simplex method}},
    year = {2018},
    journal = {Mathematical Programming Computation},
    author = {Huangfu, Q. and Hall, J. A.J.},
    number = {1},
    month = {3},
    pages = {119--142},
    volume = {10},
    publisher = {Springer Verlag},
    doi = {10.1007/s12532-017-0130-5},
    issn = {18672957},
    arxivId = {1503.01889},
    keywords = {Linear programming, Parallel computing, Revised simplex method}
}

@article{Mugyenyi2025Post-connectionRwanda,
    title = {{Post-connection electricity demand and pricing in newly electrified households: Insights from a large-scale dataset in Rwanda}},
    year = {2025},
    journal = {Energy Policy},
    author = {Mugyenyi, Joel and Muhwezi, Bob and Fobi, Simone and Massa, Civian and Taneja, Jay and Williams, Nathaniel J. and Modi, Vijay},
    month = {3},
    volume = {198},
    publisher = {Elsevier Ltd},
    doi = {10.1016/j.enpol.2024.114449},
    issn = {03014215},
    keywords = {Consumption, Electrification, Growth, Price elasticity, Rwanda, Tariffs}
}

@article{Aitio2021PredictingLearning,
    title = {{Predicting battery end of life from solar off-grid system field data using machine learning}},
    year = {2021},
    journal = {Joule},
    author = {Aitio, Antti and Howey, David A.},
    number = {12},
    month = {12},
    pages = {3204--3220},
    volume = {5},
    publisher = {Cell Press},
    doi = {10.1016/j.joule.2021.11.006},
    issn = {25424351},
    arxivId = {2107.13856},
    keywords = {Gaussian process, Kalman filter, battery, classification, health, machine learning, rural electrification}
}

@article{Allee2021PredictingModels,
    title = {{Predicting initial electricity demand in off-grid Tanzanian communities using customer survey data and machine learning models}},
    year = {2021},
    journal = {Energy for Sustainable Development},
    author = {Allee, Andrew and Williams, Nathaniel J. and Davis, Alexander and Jaramillo, Paulina},
    month = {6},
    pages = {56--66},
    volume = {62},
    publisher = {Elsevier B.V.},
    doi = {10.1016/j.esd.2021.03.008},
    issn = {23524669},
    keywords = {Africa, Machine learning, Microgrid, Mini-grid, Off-grid, Rural electrification}
}

@article{Schmidt2019ProjectingTechnologies,
    title = {{Projecting the Future Levelized Cost of Electricity Storage Technologies}},
    year = {2019},
    journal = {Joule},
    author = {Schmidt, Oliver and Melchior, Sylvain and Hawkes, Adam and Staffell, Iain},
    number = {1},
    month = {1},
    pages = {81--100},
    volume = {3},
    publisher = {Cell Press},
    doi = {10.1016/j.joule.2018.12.008},
    issn = {25424351},
    keywords = {electrical energy storage, electricity storage competitiveness, future cost, levelized cost of storage, power, system applications}
}

@inproceedings{Sulzer2021PromisePrognostics,
    title = {{Promise and Challenges of a Data-Driven Approach for Battery Lifetime Prognostics}},
    year = {2021},
    booktitle = {Proceedings of the American Control Conference},
    author = {Sulzer, Valentin and Mohtat, Peyman and Lee, Suhak and Siegel, Jason B. and Stefanopoulou, Anna G.},
    month = {5},
    pages = {4427--4433},
    volume = {2021-May},
    publisher = {Institute of Electrical and Electronics Engineers Inc.},
    isbn = {9781665441971},
    doi = {10.23919/ACC50511.2021.9483312},
    issn = {07431619},
    arxivId = {2010.07460}
}

@article{Lukuyu2023PurchasingAfrica,
    title = {{Purchasing power: Examining customer profiles and patterns for decentralized electricity systems in East Africa}},
    year = {2023},
    journal = {Energy Policy},
    author = {Lukuyu, June and Shiran, Myriam and Kennedy, Ryan and Urpelainen, Johannes and Taneja, Jay},
    month = {1},
    volume = {172},
    publisher = {Elsevier Ltd},
    doi = {10.1016/j.enpol.2022.113331},
    issn = {03014215},
    keywords = {Electricity access, Electricity consumption patterns, Mini-grid, Solar home system}
}

@book{Irena2022RENEWABLEREGIONS,
    title = {{RENEWABLE ENERGY MARKET ANALYSIS AFRICA AND ITS REGIONS}},
    year = {2022},
    author = {{Irena}},
    url = {www.afdb.org},
    isbn = {9789292604172},
    keywords = {Africa, African Green Deal, Central Africa, East Africa, IRENA, IRENA publications, North Africa, Southern Africa, West Africa, analysis, climate goals, development, electricity generation, energy access, energy transition, inclusive transition, industrialisation, innovation, installed capacity, investment trend, just transition, local value creation, market, policy framework, renewable energy}
}

@article{Afzalan2019ResidentialSegments,
    title = {{Residential loads flexibility potential for demand response using energy consumption patterns and user segments}},
    year = {2019},
    journal = {Applied Energy},
    author = {Afzalan, Milad and Jazizadeh, Farrokh},
    month = {11},
    volume = {254},
    publisher = {Elsevier Ltd},
    doi = {10.1016/j.apenergy.2019.113693},
    issn = {03062619},
    keywords = {Connected homes, Demand response, Flexibility, Grid-interactive efficient buildings, Residential buildings, Smart appliances}
}

@article{Reniers2019ReviewBatteries,
    title = {{Review and Performance Comparison of Mechanical-Chemical Degradation Models for Lithium-Ion Batteries}},
    year = {2019},
    journal = {Journal of The Electrochemical Society},
    author = {Reniers, Jorn M. and Mulder, Grietus and Howey, David A.},
    number = {14},
    pages = {A3189-A3200},
    volume = {166},
    publisher = {The Electrochemical Society},
    doi = {10.1149/2.0281914jes},
    issn = {0013-4651}
}

@article{Wang2019ReviewChallenges,
    title = {{Review of Smart Meter Data Analytics: Applications, Methodologies, and Challenges}},
    year = {2019},
    journal = {IEEE Transactions on Smart Grid},
    author = {Wang, Yi and Chen, Qixin and Hong, Tao and Kang, Chongqing},
    number = {3},
    month = {5},
    pages = {3125--3148},
    volume = {10},
    publisher = {Institute of Electrical and Electronics Engineers Inc.},
    doi = {10.1109/TSG.2018.2818167},
    issn = {19493053},
    arxivId = {1802.04117},
    keywords = {Smart meter, anomaly detection, big data, clustering, consumer segmentation, data analytics, deep learning, demand response, load forecasting, machine learning}
}

@article{S24058440230391781,
    title = {{S2405844023039178 (1)}}
}

@article{Bisaga2017ScalableSolar,
    title = {{Scalable off-grid energy services enabled by IoT: A case study of BBOXX SMART Solar}},
    year = {2017},
    journal = {Energy Policy},
    author = {Bisaga, Iwona and Pu{\'{z}}niak-Holford, Nathan and Grealish, Ashley and Baker-Brian, Christopher and Parikh, Priti},
    pages = {199--207},
    volume = {109},
    publisher = {Elsevier Ltd},
    doi = {10.1016/j.enpol.2017.07.004},
    issn = {03014215},
    keywords = {Energy data, IoT for development, Off-grid energy, Off-grid energy business models, Remote monitoring, Solar Home Systems}
}

@techreport{Nelson2000SearchBatteries,
    title = {{Search for an optimized cyclic charging algorithm for valve-regulated lead-acid batteries}},
    year = {2000},
    booktitle = {Journal of Power Sources},
    author = {Nelson, R F and Sexton, E D and Olson, J B and Keyser, M and Pesaran, A},
    pages = {44--52},
    volume = {88},
    url = {www.elsevier.comrlocaterjpowsour},
    keywords = {Chargertermination algorithms, Current-interrupt, Cycle-life, Oxygen cycle, Valve-regulated lead-acid VRLA batteries}
}

@incollection{Cassisi2012SimilarityMining,
    title = {{Similarity Measures and Dimensionality Reduction Techniques for Time Series Data Mining}},
    year = {2012},
    booktitle = {Advances in Data Mining Knowledge Discovery and Applications},
    author = {Cassisi, Carmelo and Montalto, Placido and Aliotta, Marco and Cannata, Andrea and Pulvirenti, Alfredo},
    editor = {Karahoca, Adem},
    chapter = {3},
    publisher = {IntechOpen},
    url = {https://doi.org/10.5772/49941},
    address = {Rijeka},
    doi = {10.5772/49941}
}

@misc{Bernal-Agustin2009SimulationSystems,
    title = {{Simulation and optimization of stand-alone hybrid renewable energy systems}},
    year = {2009},
    booktitle = {Renewable and Sustainable Energy Reviews},
    author = {Bernal-Agust{\'{i}}n, José L. and Dufo-L{\'{o}}pez, Rodolfo},
    number = {8},
    month = {10},
    pages = {2111--2118},
    volume = {13},
    doi = {10.1016/j.rser.2009.01.010},
    issn = {13640321},
    keywords = {Hybrid renewable energy systems, Optimization, Simulation}
}

@misc{Bernal-Agustin2009SimulationSystemsb,
    title = {{Simulation and optimization of stand-alone hybrid renewable energy systems}},
    year = {2009},
    booktitle = {Renewable and Sustainable Energy Reviews},
    author = {Bernal-Agust{\'{i}}n, José L. and Dufo-L{\'{o}}pez, Rodolfo},
    number = {8},
    month = {10},
    pages = {2111--2118},
    volume = {13},
    doi = {10.1016/j.rser.2009.01.010},
    issn = {13640321},
    keywords = {Hybrid renewable energy systems, Optimization, Simulation}
}

@misc{Kizilcec2020SolarAfrica,
    title = {{Solar Home Systems: A comprehensive literature review for Sub-Saharan Africa}},
    year = {2020},
    booktitle = {Energy for Sustainable Development},
    author = {Kizilcec, Vivien and Parikh, Priti},
    month = {10},
    pages = {78--89},
    volume = {58},
    publisher = {Elsevier B.V.},
    doi = {10.1016/j.esd.2020.07.010},
    issn = {23524669},
    keywords = {Energy access, Literature review, Off-grid energy, SHS, Solar home systems, Sub-Saharan Africa}
}

@article{Correa-Florez2018StochasticCycling,
    title = {{Stochastic operation of home energy management systems including battery cycling}},
    year = {2018},
    journal = {Applied Energy},
    author = {Correa-Florez, Carlos Adrian and Gerossier, Alexis and Michiorri, Andrea and Kariniotakis, Georges},
    month = {9},
    pages = {1205--1218},
    volume = {225},
    publisher = {Elsevier Ltd},
    doi = {10.1016/j.apenergy.2018.04.130},
    issn = {03062619},
    keywords = {Battery cycling, Energy storage, Flexibility, Microgrids, Stochastic optimization, Uncertainties}
}

@inproceedings{Catherino2004SulfationBatteries,
    title = {{Sulfation in lead-acid batteries}},
    year = {2004},
    booktitle = {Journal of Power Sources},
    author = {Catherino, Henry A. and Feres, Fred F. and Trinidad, Francisco},
    number = {1 SPEC. ISS.},
    month = {4},
    pages = {113--120},
    volume = {129},
    publisher = {Elsevier},
    doi = {10.1016/j.jpowsour.2003.11.003},
    issn = {03787753},
    keywords = {Failure modes, Hydration, Lead-acid batteries, Passivation, Stratification, Sulfation, Thermal runaway}
}

@article{Charles2019SustainableContext,
    title = {{Sustainable energy storage for solar home systems in rural Sub-Saharan Africa – A comparative examination of lifecycle aspects of battery technologies for circular economy, with emphasis on the South African context}},
    year = {2019},
    journal = {Energy},
    author = {Charles, Rhys G. and Davies, Matthew L. and Douglas, Peter and Hallin, Ingrid L. and Mabbett, Ian},
    month = {1},
    pages = {1207--1215},
    volume = {166},
    publisher = {Elsevier Ltd},
    doi = {10.1016/j.energy.2018.10.053},
    issn = {03605442},
    keywords = {Africa, Batteries, Circular economy, Critical materials, End-of-life, Solar energy}
}

@techreport{Eetveldt2021Techno-economicAfrica,
    title = {{Techno-economic Analysis of Battery Energy Storage for Reducing Fossil Fuel Use in Sub-Saharan Africa}},
    year = {2021},
    author = {Eetveldt, van},
    url = {www.faraday.ac.uk}
}

@techreport{BerndtTemperatureBatteries,
    title = {{Temperature Compensation of Float Voltage-The Special Situation of VRLA Batteries}},
    author = {Berndt, D and Brautigam, R and Teutsch, U}
}

@misc{Sulzer2021TheData,
    title = {{The challenge and opportunity of battery lifetime prediction from field data}},
    year = {2021},
    booktitle = {Joule},
    author = {Sulzer, Valentin and Mohtat, Peyman and Aitio, Antti and Lee, Suhak and Yeh, Yen T. and Steinbacher, Frank and Khan, Muhammad Umer and Lee, Jang Woo and Siegel, Jason B. and Stefanopoulou, Anna G. and Howey, David A.},
    number = {8},
    month = {8},
    pages = {1934--1955},
    volume = {5},
    publisher = {Cell Press},
    doi = {10.1016/j.joule.2021.06.005},
    issn = {25424351},
    keywords = {applications, battery, data, knee point, lifetime, lithium-ion, prognostics}
}

@article{Wieczorek2023TheSolution,
    title = {{The influence of current in off-grid PV systems on lead–acid battery lifetime and hybridization with LFP battery as solution}},
    year = {2023},
    journal = {Energy Reports},
    author = {Wieczorek, Maciej and Wodyk, Sebastian and Poliszkiewicz, Rafał and Witaszek, Paweł},
    month = {10},
    pages = {766--773},
    volume = {9},
    publisher = {Elsevier Ltd},
    doi = {10.1016/j.egyr.2023.05.213},
    issn = {23524847},
    keywords = {Battery ageing, Hybrid battery, Lead–acid battery, Lithium-ion battery, Off-grid, PV system}
}

@misc{Zubi2018ThePerspectives,
    title = {{The lithium-ion battery: State of the art and future perspectives}},
    year = {2018},
    booktitle = {Renewable and Sustainable Energy Reviews},
    author = {Zubi, Ghassan and Dufo-L{\'{o}}pez, Rodolfo and Carvalho, Monica and Pasaoglu, Guzay},
    month = {6},
    pages = {292--308},
    volume = {89},
    publisher = {Elsevier Ltd},
    doi = {10.1016/j.rser.2018.03.002},
    issn = {18790690},
    keywords = {Carbon footprint, Critical materials, Electric vehicles, Lithium-ion battery, Power supply systems}
}

@article{Narayan2020TheChallenges,
    title = {{The long road to universal electrification: A critical look at present pathways and challenges}},
    year = {2020},
    journal = {Energies},
    author = {Narayan, Nishant and Vega-Garita, Victor and Qin, Zian and Popovic-Gerber, Jelena and Bauer, Pavol and Zeman, Miro},
    number = {3},
    volume = {13},
    publisher = {MDPI AG},
    doi = {10.3390/en13030508},
    issn = {19961073},
    keywords = {Microgrids, Multi-tier framework, Rural electrification, SDG 7, Solar home systems}
}

@article{Santos-Pereira2021TheBatteries,
    title = {{The requirements and constraints of storage technology in isolated microgrids: a comparative analysis of lithium-ion vs. lead-acid batteries}},
    year = {2021},
    journal = {Energy Systems},
    author = {Santos-Pereira, Kevin and Pereira, Jefferson D.F. and Veras, Leonilson S. and Cosme, Diego L.S. and Oliveira, Denisson Q. and Saavedra, Osvaldo R.},
    publisher = {Springer Science and Business Media Deutschland GmbH},
    doi = {10.1007/s12667-021-00439-7},
    issn = {18683975},
    keywords = {Lead-acid, Lithium-ion, Microgrids}
}

@misc{Dau2018TheArchive,
    title = {{The UCR Time Series Classification Archive}},
    year = {2018},
    author = {Dau, Hoang Anh and Keogh, Eamonn and Kamgar, Kaveh and Yeh, Chin-Chia Michael and Zhu, Yan and Gharghabi, Shaghayegh and Ratanamahatana, Chotirat Ann and {Yanping} and Hu, Bing and Begum, Nurjahan and Bagnall, Anthony and Mueen, Abdullah and Batista, Gustavo},
    month = {10},
    url = {https://www.cs.ucr.edu/~eamonn/time_series_data_2018/}
}

@inproceedings{Ratanamahatana2005ThreeMining,
    title = {{Three Myths about Dynamic Time Warping Data Mining}},
    year = {2005},
    author = {Ratanamahatana, Chotirat Ann and Keogh, E},
    publisher = {Proceedings of the 2005 SIAM International Conference on Data Mining (SDM)},
    url = {https://epubs.siam.org/terms-privacy},
    keywords = {Data Mining, Dynamic Time Warping, Experimentation}
}

@article{Aghabozorgi2015Time-seriesReview,
    title = {{Time-series clustering - A decade review}},
    year = {2015},
    journal = {Information Systems},
    author = {Aghabozorgi, Saeed and Seyed Shirkhorshidi, Ali and Ying Wah, Teh},
    month = {5},
    pages = {16--38},
    volume = {53},
    publisher = {Elsevier Ltd},
    doi = {10.1016/j.is.2015.04.007},
    issn = {03064379},
    keywords = {Clustering, Distance measure, Evaluation measure, Representations, Time-series}
}

@article{Bisaga2018ToLens,
    title = {{To climb or not to climb? Investigating energy use behaviour among Solar Home System adopters through energy ladder and social practice lens}},
    year = {2018},
    journal = {Energy Research and Social Science},
    author = {Bisaga, Iwona and Parikh, Priti},
    month = {10},
    pages = {293--303},
    volume = {44},
    publisher = {Elsevier Ltd},
    doi = {10.1016/j.erss.2018.05.019},
    issn = {22146296},
    keywords = {Rwanda, Social practice theory, Solar Home Systems, Solar energy ladder}
}

@article{Salvador2007TowardSpace,
    title = {{Toward accurate dynamic time warping in linear time and space}},
    year = {2007},
    journal = {Intelligent Data Analysis},
    author = {Salvador, Stan and Chan, Philip},
    pages = {561--580},
    volume = {11},
    publisher = {IOS Press},
    doi = {10.3233/IDA-2007-11508},
    issn = {1571-4128},
    keywords = {Dynamic time warping, time series, time series alignment, time series similarity}
}

@techreport{Tavenard2020TslearnData,
    title = {{Tslearn, A Machine Learning Toolkit for Time Series Data}},
    year = {2020},
    booktitle = {Journal of Machine Learning Research},
    author = {Tavenard, Romain and Faouzi, Johann and Vandewiele, Gilles and Divo, Felix and Androz, Guillaume and Holtz, Chester and Payne, Marie and Yurchak, Roman and Ru{\ss}wurm, Marc},
    pages = {1--6},
    volume = {21},
    url = {https://github.com/tslearn-team/tslearn.},
    keywords = {classification, clustering, data mining, pre-processing, time series}
}

@article{Dominguez2021UnderstandingHouseholds,
    title = {{Understanding the path towards a clean energy transition and post-electrification patterns of rural households}},
    year = {2021},
    journal = {Energy for Sustainable Development},
    author = {Dominguez, Cristina and Orehounig, Kristina and Carmeliet, Jan},
    month = {4},
    pages = {46--64},
    volume = {61},
    publisher = {Elsevier B.V.},
    doi = {10.1016/j.esd.2021.01.002},
    issn = {23524669},
    keywords = {Electricity consumption, Energy access, Energy transition, Post-electrification effects, Rural electrification}
}

@inproceedings{DenHeeten2017UnderstandingElectrification,
    title = {{Understanding the present and the future electricity needs: Consequences for design of future Solar Home Systems for off-grid rural electrification}},
    year = {2017},
    booktitle = {Proceedings of the 25th Conference on the Domestic Use of Energy, DUE 2017},
    author = {Den Heeten, Thomas and Narayan, Nishant and Diehl, Jan Carel and Verschelling, Jeroen and Silvester, Sacha and Popovic-Gerber, Jelena and Bauer, Pavol and Zeman, Miro},
    month = {5},
    pages = {8--15},
    publisher = {Institute of Electrical and Electronics Engineers Inc.},
    isbn = {9780994675927},
    doi = {10.23919/DUE.2017.7931816},
    keywords = {energy consumption, energy matching, load profile, low-income countries, rural electrification, solar home system}
}

@techreport{Feder1994UpdatedBatteries,
    title = {{Updated status of conductance/capacity correlation studies to determine the state-of-health of automotive and stand-by lead/acid batteries}},
    year = {1994},
    booktitle = {Journal of Power Sources},
    author = {Feder, D-0 and Hlavac, M J and Mcshane, S J},
    number = {5},
    pages = {135--161},
    volume = {48}
}

@book{Rand2004Valve-RegulatedBatteries,
    title = {{Valve-Regulated Lead-Acid Batteries}},
    year = {2004},
    author = {Rand, D and Moseley, P and Garche, J and Parker, C},
    edition = {1},
    publisher = {Elsevier}
}

@article{Berndt2001Valve-regulatedBatteries,
    title = {{Valve-regulated lead-acid batteries}},
    year = {2001},
    journal = {Journal of Power Sources},
    author = {Berndt, D},
    keywords = {Acid strati{\textregistered}cation, Grid corrosion, Heating effects in batteries, Lead-acid battery, Self-discharge, VRLA battery}
}

@article{Hennig2015WhatClusters,
    title = {{What are the true clusters?}},
    year = {2015},
    journal = {Pattern Recognition Letters},
    author = {Hennig, Christian},
    month = {10},
    pages = {53--62},
    volume = {64},
    publisher = {Elsevier},
    doi = {10.1016/j.patrec.2015.04.009},
    issn = {01678655},
    arxivId = {1502.02555},
    keywords = {Active scientific realism, Categorization, Constructivism, Mixture models, Natural kinds, Variable selection}
}

@techreport{Houenkamp1996Whenpremature,
    title = {{When is capacity loss in lead/acid batteries 'premature'?}},
    year = {1996},
    booktitle = {Journal of Power Sources},
    author = {Houenkamp, A F},
    pages = {8--98},
    volume = {59},
    keywords = {Capacity loss, Compression, Conductivity, Lead/acid batteries, Porosity}
}

@article{Blimpo2020WhyAfrica,
    title = {{Why is household electricity uptake low in Sub-Saharan Africa?}},
    year = {2020},
    journal = {World Development},
    author = {Blimpo, Moussa P. and Postepska, Agnieszka and Xu, Yanbin},
    month = {9},
    volume = {133},
    publisher = {Elsevier Ltd},
    doi = {10.1016/j.worlddev.2020.105002},
    issn = {18735991},
    keywords = {Demand side barriers, Electricity access, Sub-Saharan Africa, Uptake}
}

@inproceedings{Lofberg2004YALMIP:MATLAB,
    title = {{YALMIP: A toolbox for modeling and optimization in MATLAB}},
    year = {2004},
    booktitle = {Proceedings of the IEEE International Symposium on Computer-Aided Control System Design},
    author = {L{\"{o}}fberg, Johan},
    pages = {284--289},
    doi = {10.1109/cacsd.2004.1393890}
}