@article{cook2015job,
  title={Job burnout of information technology workers},
  author={Cook, Sara},
  journal={International Journal of Business, Humanities and Technology},
  volume={5},
  number={3},
  pages={1--12},
  year={2015}
}

@article{mellblom2019connection,
  title={The connection between burnout and personality types in software developers},
  author={Mellblom, Emanuel and Arason, Isar and Gren, Lucas and Torkar, Richard},
  journal={arXiv preprint arXiv:1906.09463},
  year={2019}
}

@article{moore2000one,
  title={One road to turnover: An examination of work exhaustion in technology professionals},
  author={Moore, Jo Ellen},
  journal={MIS quarterly},
  pages={141--168},
  year={2000},
  publisher={JSTOR}
}

@article{singh2013health,
  title={Health consequences and buffers of job burnout among Indian software developers},
  author={Singh, Pankaj and Suar, Damodar},
  journal={Psychological Studies},
  volume={58},
  number={1},
  pages={20--32},
  year={2013},
  publisher={Springer}
}

@article{sonnentag1994stressor,
  title={Stressor-burnout relationship in software development teams},
  author={Sonnentag, Sabine and Brodbeck, Felix C and Heinbokel, Torsten and Stolte, Wolfgang},
  journal={Journal of occupational and organizational psychology},
  volume={67},
  number={4},
  pages={327--341},
  year={1994},
  publisher={Wiley Online Library}
}

