@article{floridi2020gpt,
  title={GPT-3: Its nature, scope, limits, and consequences},
  author={Floridi, Luciano and Chiriatti, Massimo},
  journal={Minds and Machines},
  volume={30},
  number={4},
  pages={681--694},
  year={2020},
  publisher={Springer}
}

@article{openai2023gpt4,
  title={{GPT-4} Technical Report},
  author={OpenAI},
  journal={arXiv preprint arXiv:2303.08774},
  year={2023}
}

@article{gallotta2024large,
  title={Large language models and games: A survey and roadmap},
  author={Gallotta, Roberto and Todd, Graham and Zammit, Marvin and Earle, Sam and Liapis, Antonios and Togelius, Julian and Yannakakis, Georgios N},
  journal={arXiv preprint arXiv:2402.18659},
  year={2024}
}

@article{kaplan2020scaling,
  title={Scaling laws for neural language models},
  author={Kaplan, Jared and McCandlish, Sam and Henighan, Tom and Brown, Tom B and Chess, Benjamin and Child, Rewon and Gray, Scott and Radford, Alec and Wu, Jeffrey and Amodei, Dario},
  journal={arXiv preprint arXiv:2001.08361},
  year={2020}
}

@inproceedings{vaswani2017attention,
  title={Attention is all you need},
  author={Vaswani, A and Shazeer, N and Parmar, N and Uszkoreit, J and Jones, L and Gomez, A and Kaiser, L and Polosukhin, I},
  booktitle={Proc. of the 31st Conference on Neural Information Processing Systems (NIPS)},
  year={2017}
}

@article{radford2019language,
  title={Language models are unsupervised multitask learners},
  author={Radford, Alec and Wu, Jeffrey and Child, Rewon and Luan, David and Amodei, Dario and Sutskever, Ilya and others},
  journal={OpenAI blog},
  volume={1},
  number={8},
  pages={9},
  year={2019}
}

@article{castillo2024beyond,
  title={Beyond Prompts: Dynamic Conversational Benchmarking of Large Language Models},
  author={Castillo-Bolado, David and Davidson, Joseph and Gray, Finlay and Rosa, Marek},
  journal={arXiv preprint arXiv:2409.20222},
  year={2024}
}

@inproceedings{bruce2024genie,
  title = {Genie: Generative Interactive Environments},
  author = {Bruce, Jake and Dennis, Michael D and Edwards, Ashley and Parker-Holder, Jack and Shi, Yuge and Hughes, Edward and Lai, Matthew and Mavalankar, Aditi and Steigerwald, Richie and Apps, Chris and Aytar, Yusuf and Bechtle, Sarah Maria Elisabeth and Behbahani, Feryal and Chan, Stephanie C.Y. and Heess, Nicolas and Gonzalez, Lucy and Osindero, Simon and Ozair, Sherjil and Reed, Scott and Zhang, Jingwei and Zolna, Konrad and Clune, Jeff and Freitas, Nando De and Singh, Satinder and Rockt\"{a}schel, Tim},
  booktitle = {Proc. of the 41st International Conference on Machine Learning},
  pages = {4603--4623},
  year = {2024},
  volume = {235},
  series = {Proc. of Machine Learning Research},
  month = {21--27 Jul},
  publisher = {PMLR},
}


@article{devlin2018bert,
  title={Bert: Pre-training of deep bidirectional transformers for language understanding},
  author={Devlin, Jacob},
  journal={arXiv preprint arXiv:1810.04805},
  year={2018}
}

@article{zhang2024survey,
  title={A survey on the memory mechanism of large language model based agents},
  author={Zhang, Zeyu and Bo, Xiaohe and Ma, Chen and Li, Rui and Chen, Xu and Dai, Quanyu and Zhu, Jieming and Dong, Zhenhua and Wen, Ji-Rong},
  journal={arXiv preprint arXiv:2404.13501},
  year={2024}
}

@inproceedings{lewis2020retrieval,
author = {Lewis, Patrick and Perez, Ethan and Piktus, Aleksandra and Petroni, Fabio and Karpukhin, Vladimir and Goyal, Naman and K\"{u}ttler, Heinrich and Lewis, Mike and Yih, Wen-tau and Rockt\"{a}schel, Tim and Riedel, Sebastian and Kiela, Douwe},
title = {Retrieval-augmented generation for knowledge-intensive NLP tasks},
year = {2020},
isbn = {9781713829546},
publisher = {Curran Associates Inc.},
address = {Red Hook, NY, USA},
booktitle = {Proc. of the 34th International Conference on Neural Information Processing Systems (NeurIPS)},
articleno = {793},
numpages = {16},
location = {Vancouver, BC, Canada},
series = {NIPS '20}
}

@inproceedings{makantasis2021privileged,
  title={Privileged Information for Modeling Affect In The Wild},
  year={2021},
  author={Makantasis, Konstantinos and Melhart, David and Liapis, Antonios and Yannakakis, Georgios N},
  booktitle={Proc. of the Conference on Affective Computing and Intelligent Interaction (ACII)},
}

@inproceedings{melhart2021towards,
  title={Towards general models of player experience: A study within genres},
  author={Melhart, David and Liapis, Antonios and Yannakakis, Georgios N},
  booktitle={IEEE Conference on Games (CoG)},
  pages={01--08},
  year={2021},
  organization={IEEE}
}

@inproceedings{camilleri2017towards, 
	title={Towards general models of player affect}, 
	author={Camilleri, Elizabeth and Yannakakis, Georgios N and Liapis, Antonios}, 
	booktitle={Proc. of the Conference on Affective Computing and Intelligent Interaction (ACII)}, 
	year={2017}, 
	pages={333--339}, 
} 

@article{bonometti2020theory, 
	title={From Theory to Behaviour: Towards a General Model of Engagement}, 
	author={Bonometti, Valerio and Ringer, Charles and Ruiz, Mathieu and Wade, Alex and Drachen, Anders}, 
	journal={arXiv preprint arXiv:2004.12644}, 
	year={2020} 
} 

@inproceedings{shaker2016transfer, 
	title={Transfer learning for cross-game prediction of player experience}, 
	author={Shaker, Noor and Abou-Zleikha, Mohamed}, 
	booktitle={Proc. of the IEEE Conference on Computational Intelligence and Games (CIG)}, 
	year={2016}, 
} 

@inproceedings{shaker2015towards, 
	title={Towards generic models of player experience}, 
	author={Shaker, Noor and Shaker, Mohammad and Abou-Zleikha, Mohamed},
	booktitle={Proc. of the Conference on Artificial Intelligence and Interactive Digital Entertainment (AIIDE)}, 
	year={2015} 
} 

@inproceedings{togelius2016general, 
	title={General general game {AI}}, 
	author={Togelius, Julian and Yannakakis, Georgios N}, 
    booktitle={Proc. of the IEEE Conference on Computational Intelligence and Games (CIG)}, 
	year={2016}, 
}

@inproceedings{makantasis2019pixels,
  title={From pixels to affect: a study on games and player experience},
  author={Makantasis, Konstantinos and Liapis, Antonios and Yannakakis, Georgios N},
  booktitle={Proc. of the Conference on Affective Computing and Intelligent Interaction (ACII)},
  year={2019},
}

@inproceedings{melhart2020moment,
  title={Moment-to-moment Engagement Prediction through the Eyes of the Observer: PUBG Streaming on Twitch},
  author={Melhart, David and Gravina, Daniele and Yannakakis, Georgios N},
  booktitle={Proc. of the Conference on the Foundations of Digital Games (FDG)},
  year={2020}
}

@inproceedings{drachen2009player, 
	title={Player modeling using self-organization in {Tomb Raider: Underworld}}, 
	author={Drachen, Anders and Canossa, Alessandro and Yannakakis, Georgios N}, 
	booktitle={Proc. of the IEEE Symposium on Computational Intelligence and Games (CIG)}, 
	year={2009},
} 

@book{el2016game, 
	title={Game analytics}, 
	author={El-Nasr, Magy Seif and Drachen, Anders and Canossa, Alessandro}, 
	year={2016}, 
	pages={792}, 
	publisher={Springer} 
} 

@inproceedings{makarovych2018like, 
	title={Like a {DNA} string: Sequence-based Player Profiling in {Tom Clancy’s The Division}}, 
	author={Makarovych, Sasha and Canossa, Alessandro and Togelius, Julian and Drachen, Anders}, 
	booktitle={Proc. of the Conference on Artificial Intelligence and Interactive Digital Entertainment (AIIDE)}, 
	year={2018}, 
	organization={York} 
}

@inproceedings{melhart2019your, 
	title={Your Gameplay Says it All: Modelling Motivation in {Tom Clancy's The Division}}, 
	author={Melhart, David and Azadvar, Ahmad and Canossa, Alessandro and Liapis, Antonios and Yannakakis, Georgios N}, 
	booktitle={Proc. of the IEEE Conference on Games (CoG)}, 
	year={2019} 
} 

@book{yannakakis2018artificial, 
	title={Artificial Intelligence and Games}, 
	author={Yannakakis, Georgios N and Togelius, Julian}, 
	year={2018}, 
	pages={350}, 
	publisher={Springer} 
} 

@article{wu2016review,
  title={Review of affective computing in education/learning: Trends and challenges},
  author={Wu, Chih-Hung and Huang, Yueh-Min and Hwang, Jan-Pan},
  journal={British Journal of Educational Technology},
  volume={47},
  number={6},
  pages={1304--1323},
  year={2016},
  publisher={Wiley Online Library}
}

@article{d2018affective,
  title={The affective computing approach to affect measurement},
  author={D’Mello, Sidney and Kappas, Arvid and Gratch, Jonathan},
  journal={Emotion Review},
  volume={10},
  number={2},
  pages={174--183},
  year={2018},
  publisher={SAGE}
}

@article{booth2024people,
  title={People make mistakes: Obtaining accurate ground truth from continuous annotations of subjective constructs},
  author={Booth, Brandon M and Narayanan, Shrikanth S},
  journal={Behavior Research Methods},
  volume={56},
  number={8},
  pages={8784--8800},
  year={2024},
  publisher={Springer}
}

@article{yannakakis2018ordinal, 
	title={The Ordinal Nature of Emotions: An Emerging Approach}, 
	author={Yannakakis, Georgios N and Cowie, Roddy and Busso, Carlos}, 
	journal={IEEE Transactions on Affective Computing}, 
	year={2018}, 
	publisher={IEEE} 
} 


% Matt update reference to Scientific Data once published.
@article{barthet2024gamevibe,
  title={Gamevibe: A multimodal affective game corpus},
  author={Barthet, Matthew and Kaselimi, Maria and Pinitas, Kosmas and Makantasis, Konstantinos and Liapis, Antonios and Yannakakis, Georgios N},
  journal={arXiv preprint arXiv:2407.12787},
  year={2024}
}

@article{demszky2020goemotions,
  title={GoEmotions: A dataset of fine-grained emotions},
  author={Demszky, Dorottya and Movshovitz-Attias, Dana and Ko, Jeongwoo and Cowen, Alan and Nemade, Gaurav and Ravi, Sujith},
  journal={arXiv preprint arXiv:2005.00547},
  year={2020}
}

@inproceedings{broekens2023fine,
  title={Fine-grained affective processing capabilities emerging from large language models},
  author={Broekens, Joost and Hilpert, Bernhard and Verberne, Suzan and Baraka, Kim and Gebhard, Patrick and Plaat, Aske},
  booktitle={2023 11th International Conference on Affective Computing and Intelligent Interaction (ACII)},
  pages={1--8},
  year={2023},
  organization={IEEE}
}

@article{tak2024gpt,
  title={Gpt-4 emulates average-human emotional cognition from a third-person perspective},
  author={Tak, Ala N and Gratch, Jonathan},
  journal={arXiv preprint arXiv:2408.13718},
  year={2024}
}

@inproceedings{pinitas2024-dt,
  title     = {Varying the context to advance affect modelling: A study on game
               engagement prediction},
  booktitle = {Proc. of the {IEEE} International Conference on Affective
               Computing and Intelligent Interaction ({ACII})},
  author    = {Pinitas, K and Rasajski, N and Barthet, M and Kaselimi, M and
               Makantasis, K and Liapis, A and Yannakakis, G N},
  year      =  {2024}
}

@inproceedings{barthet2023knowing,
  title={Knowing your annotator: Rapidly testing the reliability of affect annotation},
  author={Barthet, Matthew and Trivedi, Chintan and Pinitas, Kosmas and Xylakis, Emmanouil and Makantasis, Konstantinos and Liapis, Antonios and Yannakakis, Georgios N},
  booktitle={Proc. of the 11th IEEE International Conference on Affective Computing and Intelligent Interaction Workshops and Demos (ACIIW)},
  year={2023},
}

@article{pinitas2024across,
  title={Across-game engagement modelling via few-shot learning},
  author={Pinitas, Kosmas and Makantasis, Konstantinos and Yannakakis, Georgios N},
  journal={arXiv preprint arXiv:2409.13002},
  year={2024}
}

@inproceedings{melhart2019pagan,
  title={PAGAN: Video affect annotation made easy},
  author={Melhart, David and Liapis, Antonios and Yannakakis, Georgios N},
  booktitle={Proc. of the 8th IEEE international conference on affective computing and intelligent interaction (ACII)},
  pages={130--136},
  year={2019},
}

@inproceedings{lopes2017ranktrace,
  title={Ranktrace: Relative and unbounded affect annotation},
  author={Lopes, Phil and Yannakakis, Georgios N and Liapis, Antonios},
  booktitle={Proc. of the 7th IEEE International Conference on Affective Computing and Intelligent Interaction (ACII)},
  pages={158--163},
  year={2017},
}

@article{mchugh2012interrater,
  title={Interrater reliability: the kappa statistic},
  author={McHugh, Mary L},
  journal={Biochemia medica},
  volume={22},
  number={3},
  pages={276--282},
  year={2012},
  publisher={Medicinska naklada}
}

@article{schneeberger2023deep,
  title={The deep method: Towards computational modeling of the social emotion shame driven by theory, introspection, and social signals},
  author={Schneeberger, Tanja and Hladk{\`y}, Mirella and Thurner, Ann-Kristin and Volkert, Jana and Heimerl, Alexander and Baur, Tobias and Andr{\'e}, Elisabeth and Gebhard, Patrick},
  journal={IEEE Transactions on Affective Computing},
  year={2023},
  publisher={IEEE}
}

@article{muller2024recognizing,
  title={Recognizing Emotion Regulation Strategies from Human Behavior with Large Language Models},
  author={M{\"u}ller, Philipp and Heimerl, Alexander and Hossain, Sayed Muddashir and Siegel, Lea and Alexandersson, Jan and Gebhard, Patrick and Andr{\'e}, Elisabeth and Schneeberger, Tanja},
  journal={arXiv preprint arXiv:2408.04420},
  year={2024}
}

@article{bradley2007affective,
  title={Affective Norms for English Text (ANET): Affective ratings of text and instruction manual},
  author={Bradley, Margaret M and Lang, Peter J},
  journal={Techical Report. D-1, University of Florida, Gainesville, FL},
  year={2007}
}

@article{touvron2023llama,
  title={Llama 2: Open foundation and fine-tuned chat models},
  author={Touvron, Hugo and Martin, Louis and Stone, Kevin and Albert, Peter and Almahairi, Amjad and Babaei, Yasmine and Bashlykov, Nikolay and Batra, Soumya and Bhargava, Prajjwal and Bhosale, Shruti and others},
  journal={arXiv preprint arXiv:2307.09288},
  year={2023}
}

@article{team2024gemma,
  title={Gemma 2: Improving open language models at a practical size},
  author={Team, Gemma and Riviere, Morgane and Pathak, Shreya and Sessa, Pier Giuseppe and Hardin, Cassidy and Bhupatiraju, Surya and Hussenot, L{\'e}onard and Mesnard, Thomas and Shahriari, Bobak and Ram{\'e}, Alexandre and others},
  journal={arXiv preprint arXiv:2408.00118},
  year={2024}
}

@article{liu2024visual,
  title={Visual instruction tuning},
  author={Liu, Haotian and Li, Chunyuan and Wu, Qingyang and Lee, Yong Jae},
  journal={Proc. of the 37th International Conference on Neural Information Processing Systems (NeurIPS)},
  pages={1--19},
  year={2024}
}

@article{amin2024prompt,
  title={On Prompt Sensitivity of ChatGPT in Affective Computing},
  author={Amin, Mostafa M and Schuller, Bj{\"o}rn W},
  journal={arXiv preprint arXiv:2403.14006},
  year={2024}
}

@article{damasio1996somatic,
  title={The somatic marker hypothesis and the possible functions of the prefrontal cortex},
  author={Damasio, Antonio R},
  journal={Philosophical Trans. of the Royal Society of London},
  volume={351},
  number={1346},
  pages={1413--1420},
  year={1996},
  publisher={The Royal Society London}
}

@inproceedings{yannakakis2015grounding,
  title={Grounding truth via ordinal annotation},
  author={Yannakakis, Georgios N and Martinez, Hector P},
  booktitle={2015 international conference on affective computing and intelligent interaction (ACII)},
  pages={574--580},
  year={2015},
  organization={IEEE}
}

@inproceedings{lotfian2016practical,
  title={Practical considerations on the use of preference learning for ranking emotional speech},
  author={Lotfian, Reza and Busso, Carlos},
  booktitle={Proc. of the IEEE International Conference on Acoustics, Speech and Signal Processing (ICASSP)},
  pages={5205--5209},
  year={2016},
  organization={IEEE}
}
@inproceedings{melhart2020study,
  title={A study on affect model validity: Nominal vs ordinal labels},
  author={Melhart, David and Sfikas, Konstantinos and Giannakakis, Giorgos and Liapis, Georgios Yannakakis Antonios},
  booktitle={Workshop on Artificial Intelligence in Affective Computing},
  pages={27--34},
  year={2020},
  organization={PMLR}
}

@article{helson1964current,
  title={Current trends and issues in adaptation-level theory.},
  author={Helson, Harry},
  journal={American psychologist},
  volume={19},
  number={1},
  pages={26},
  year={1964},
  publisher={American Psychological Association}
}

@article{solomon1974opponent,
  title={An opponent-process theory of motivation: I. Temporal dynamics of affect.},
  author={Solomon, Richard L and Corbit, John D},
  journal={Psychological review},
  volume={81},
  number={2},
  pages={119},
  year={1974},
  publisher={American Psychological Association}
}

@article{hu2024survey,
  title={A survey on large language model-based game agents},
  author={Hu, Sihao and Huang, Tiansheng and Ilhan, Fatih and Tekin, Selim and Liu, Gaowen and Kompella, Ramana and Liu, Ling},
  journal={arXiv preprint arXiv:2404.02039},
  year={2024}
}

@inproceedings{gallotta2024llmaker,
  title={LLMaker: A game level design interface using (only) natural language},
  author={Gallotta, Roberto and Liapis, Antonios and Yannakakis, Georgios},
  booktitle={Proc. of the IEEE Conference on Games (CoG)},
  year={2024},
}

@inproceedings{sudhakaran2024mariogpt,
  title={Mariogpt: Open-ended text2level generation through large language models},
  author={Sudhakaran, Shyam and Gonz{\'a}lez-Duque, Miguel and Freiberger, Matthias and Glanois, Claire and Najarro, Elias and Risi, Sebastian},
  booktitle={Proc. of the 37th International Conference on Neural Information Processing Systems (NeurIPS)},
  year={2024}
}

@inproceedings{wu2023multimodal,
  title={Multimodal large language models: A survey},
  author={Wu, Jiayang and Gan, Wensheng and Chen, Zefeng and Wan, Shicheng and Philip, S Yu},
  booktitle={2023 IEEE International Conference on Big Data (BigData)},
  pages={2247--2256},
  year={2023},
  organization={IEEE}
}

@article{chochlakis2024strong,
  title={The Strong Pull of Prior Knowledge in Large Language Models and Its Impact on Emotion Recognition},
  author={Chochlakis, Georgios and Potamianos, Alexandros and Lerman, Kristina and Narayanan, Shrikanth},
  journal={arXiv preprint arXiv:2403.17125},
  year={2024}
}

@article{balloccu2024leak,
  title={Leak, cheat, repeat: Data contamination and evaluation malpractices in closed-source llms},
  author={Balloccu, Simone and Schmidtov{\'a}, Patr{\'\i}cia and Lango, Mateusz and Du{\v{s}}ek, Ond{\v{r}}ej},
  journal={arXiv preprint arXiv:2402.03927},
  year={2024}
}

@article{melhart2022again,
  title={The arousal video game annotation (AGAIN) dataset},
  author={Melhart, David and Liapis, Antonios and Yannakakis, Georgios N},
  journal={IEEE Transactions on Affective Computing},
  volume={13},
  number={4},
  pages={2171--2184},
  year={2022},
  publisher={IEEE}
}

@article{xylakis2024affect,
  title={Affect in Spatial Navigation: A Study of Rooms},
  author={Xylakis, Emmanouil and Liapis, Antonios and Yannakakis, Georgios N},
  journal={IEEE Transactions on Affective Computing},
  year={2024},
  pages={1-11},
  publisher={IEEE}
}

@inproceedings{girard2023dynamos,
  title={DynAMoS: The Dynamic Affective Movie Clip Database for Subjectivity Analysis},
  author={Girard, Jeffrey M and Tie, Yanmei and Liebenthal, Einat},
  booktitle={2023 11th International Conference on Affective Computing and Intelligent Interaction (ACII)},
  pages={1--8},
  year={2023},
  organization={IEEE}
}

@inproceedings{ranella2023towards,
  title={Towards Automated Video Game Commentary Using Generative AI.},
  author={Ranella, Noah and Eger, Markus},
  booktitle={EXAG@ AIIDE},
  year={2023}
}

@article{ravsajski2024behave,
  title={BehAVE: Behaviour alignment of video game encodings},
  author={Ra{\v{s}}ajski, Nemanja and Trivedi, Chintan and Makantasis, Konstantinos and Liapis, Antonios and Yannakakis, Georgios N},
  journal={arXiv e-prints},
  pages={arXiv--2402},
  year={2024}
}

@article{meng2024mmiu,
  title={Mmiu: Multimodal multi-image understanding for evaluating large vision-language models},
  author={Meng, Fanqing and Wang, Jin and Li, Chuanhao and Lu, Quanfeng and Tian, Hao and Liao, Jiaqi and Zhu, Xizhou and Dai, Jifeng and Qiao, Yu and Luo, Ping and others},
  journal={arXiv preprint arXiv:2408.02718},
  year={2024}
}

@article{zhang2023multimodal,
  title={Multimodal chain-of-thought reasoning in language models},
  author={Zhang, Zhuosheng and Zhang, Aston and Li, Mu and Zhao, Hai and Karypis, George and Smola, Alex},
  journal={arXiv preprint arXiv:2302.00923},
  year={2023}
}

@misc{min2022rethinking,
      title={Rethinking the Role of Demonstrations: What Makes In-Context Learning Work?}, 
      author={Sewon Min and Xinxi Lyu and Ari Holtzman and Mikel Artetxe and Mike Lewis and Hannaneh Hajishirzi and Luke Zettlemoyer},
      year={2022},
      eprint={2202.12837},
      archivePrefix={arXiv},
      primaryClass={cs.CL},
      url={https://arxiv.org/abs/2202.12837}, 
}

@article{mao2022biases,
  title={The biases of pre-trained language models: An empirical study on prompt-based sentiment analysis and emotion detection},
  author={Mao, Rui and Liu, Qian and He, Kai and Li, Wei and Cambria, Erik},
  journal={IEEE transactions on affective computing},
  volume={14},
  number={3},
  pages={1743--1753},
  year={2022},
  publisher={IEEE}
}

@article{amin2024wide,
  title={A wide evaluation of ChatGPT on affective computing tasks},
  author={Amin, Mostafa M and Mao, Rui and Cambria, Erik and Schuller, Bj{\"o}rn W},
  journal={IEEE Transactions on Affective Computing},
  year={2024},
  publisher={IEEE}
}

@article{wei2022chain,
  title={Chain-of-thought prompting elicits reasoning in large language models},
  author={Wei, Jason and Wang, Xuezhi and Schuurmans, Dale and Bosma, Maarten and Xia, Fei and Chi, Ed and Le, Quoc V and Zhou, Denny and others},
  journal={Advances in neural information processing systems},
  volume={35},
  pages={24824--24837},
  year={2022}
}

@article{wang2024player2vec,
  title={player2vec: A Language Modeling Approach to Understand Player Behavior in Games},
  author={Wang, Tianze and Honari-Jahromi, Maryam and Katsarou, Styliani and Mikheeva, Olga and Panagiotakopoulos, Theodoros and Asadi, Sahar and Smirnov, Oleg},
  journal={arXiv preprint arXiv:2404.04234},
  year={2024}
}

@inproceedings{you2024dungeons,
  title={Dungeons, dragons, and emotions: A preliminary study of player sentiment in LLM-driven ttrpgs},
  author={You, Xiao and Taveekitworachai, Pittawat and Chen, Siyuan and Can Gursesli, Mustafa and Li, Xiaoxu and Xia, Yi and Thawonmas, Ruck},
  booktitle={Proc. of the 19th International Conference on the Foundations of Digital Games},
  year={2024}
}

@inproceedings{zhu2023calypso,
  title={CALYPSO: LLMs as Dungeon Master's Assistants},
  author={Zhu, Andrew and Martin, Lara and Head, Andrew and Callison-Burch, Chris},
  booktitle={Proc. of the AAAI Conference on Artificial Intelligence and Interactive Digital Entertainment},
  volume={19},
  number={1},
  pages={380--390},
  year={2023}
}

@article{lai2024large,
  title={Large language models in law: A survey},
  author={Lai, Jinqi and Gan, Wensheng and Wu, Jiayang and Qi, Zhenlian and Philip, S Yu},
  journal={AI Open},
  year={2024},
  publisher={Elsevier}
}

@inproceedings{nazi2024large,
  title={Large language models in healthcare and medical domain: A review},
  author={Nazi, Zabir Al and Peng, Wei},
  booktitle={Informatics},
  volume={11},
  number={3},
  pages={57},
  year={2024},
  organization={MDPI}
}

@article{tsai2023can,
  title={Can large language models play text games well? current state-of-the-art and open questions},
  author={Tsai, Chen Feng and Zhou, Xiaochen and Liu, Sierra S and Li, Jing and Yu, Mo and Mei, Hongyuan},
  journal={arXiv preprint arXiv:2304.02868},
  year={2023}
}

@inproceedings{moore2023empowering,
  title={Empowering education with llms-the next-gen interface and content generation},
  author={Moore, Steven and Tong, Richard and Singh, Anjali and Liu, Zitao and Hu, Xiangen and Lu, Yu and Liang, Joleen and Cao, Chen and Khosravi, Hassan and Denny, Paul and others},
  booktitle={International Conference on Artificial Intelligence in Education},
  pages={32--37},
  year={2023},
  organization={Springer}
}

@article{shafiullah2022behavior,
  title={Behavior transformers: Cloning $ k $ modes with one stone},
  author={Shafiullah, Nur Muhammad and Cui, Zichen and Altanzaya, Ariuntuya Arty and Pinto, Lerrel},
  journal={Advances in neural information processing systems},
  volume={35},
  pages={22955--22968},
  year={2022}
}

@misc{liu2023improvedllava,
  author={Liu, Haotian and Li, Chunyuan and Li, Yuheng and Lee, Yong Jae},
  title={Improved Baselines with Visual Instruction Tuning}, 
  publisher={arXiv:2310.03744},
  year={2023},
}

@inproceedings{radford2021learning,
  title={Learning transferable visual models from natural language supervision},
  author={Radford, Alec and Kim, Jong Wook and Hallacy, Chris and Ramesh, Aditya and Goh, Gabriel and Agarwal, Sandhini and Sastry, Girish and Askell, Amanda and Mishkin, Pamela and Clark, Jack and others},
  booktitle={International conference on machine learning},
  pages={8748--8763},
  year={2021},
  organization={PMLR}
}

@article{chiang2023vicuna,
  title={Vicuna: An open-source chatbot impressing gpt-4 with 90\%* chatgpt quality},
  author={Chiang, Wei-Lin and Li, Zhuohan and Lin, Zi and Sheng, Ying and Wu, Zhanghao and Zhang, Hao and Zheng, Lianmin and Zhuang, Siyuan and Zhuang, Yonghao and Gonzalez, Joseph E and others},
  journal={See https://vicuna. lmsys. org (accessed 14 April 2023)},
  volume={2},
  number={3},
  pages={6},
  year={2023}
}

@article{openai2024gpt4o,
  title={{GPT-4o} system card},
  author={OpenAI},
  journal={arXiv preprint arXiv:2410.21276},
  year={2024}
}

@article{sergeyuk2025using,
  title={Using AI-based coding assistants in practice: State of affairs, perceptions, and ways forward},
  author={Sergeyuk, Agnia and Golubev, Yaroslav and Bryksin, Timofey and Ahmed, Iftekhar},
  journal={Information and Software Technology},
  volume={178},
  pages={107610},
  year={2025},
  publisher={Elsevier}
}

@article{canossa2021honor,
  title={For honor, for toxicity: Detecting toxic behavior through gameplay},
  author={Canossa, Alessandro and Salimov, Dmitry and Azadvar, Ahmad and Harteveld, Casper and Yannakakis, Georgios},
  journal={Proc. of the ACM on Human-Computer Interaction},
  volume={5},
  number={CHI PLAY},
  pages={1--29},
  year={2021},
  publisher={ACM New York, NY, USA}
}

@inproceedings{yannakakis2017ordinal,
  title={The ordinal nature of emotions},
  author={Yannakakis, Georgios N and Cowie, Roddy and Busso, Carlos},
  booktitle={2017 Seventh International Conference on Affective Computing and Intelligent Interaction (ACII)},
  pages={248--255},
  year={2017},
  organization={IEEE}
}

@article{lian2024gpt,
  title={Gpt-4v with emotion: A zero-shot benchmark for generalized emotion recognition},
  author={Lian, Zheng and Sun, Licai and Sun, Haiyang and Chen, Kang and Wen, Zhuofan and Gu, Hao and Liu, Bin and Tao, Jianhua},
  journal={Information Fusion},
  volume={108},
  pages={102367},
  year={2024},
  publisher={Elsevier}
}

@article{yang2024mm,
  title={MM-InstructEval: Zero-Shot Evaluation of (Multimodal) Large Language Models on Multimodal Reasoning Tasks},
  author={Yang, Xiaocui and Wu, Wenfang and Feng, Shi and Wang, Ming and Wang, Daling and Li, Yang and Sun, Qi and Zhang, Yifei and Fu, Xiaoming and Poria, Soujanya},
  journal={arXiv preprint arXiv:2405.07229},
  year={2024}
}

@article{zhang2024affective,
  title={Affective computing in the era of large language models: A survey from the nlp perspective},
  author={Zhang, Yiqun and Yang, Xiaocui and Xu, Xingle and Gao, Zeran and Huang, Yijie and Mu, Shiyi and Feng, Shi and Wang, Daling and Zhang, Yifei and Song, Kaisong and others},
  journal={arXiv preprint arXiv:2408.04638},
  year={2024}
}

@article{zhang2023sentiment,
  title={Sentiment analysis in the era of large language models: A reality check},
  author={Zhang, Wenxuan and Deng, Yue and Liu, Bing and Pan, Sinno Jialin and Bing, Lidong},
  journal={arXiv preprint arXiv:2305.15005},
  year={2023}
}

@article{ajith2023instructeval,
  title={Instructeval: Systematic evaluation of instruction selection methods},
  author={Ajith, Anirudh and Pan, Chris and Xia, Mengzhou and Deshpande, Ameet and Narasimhan, Karthik},
  journal={arXiv preprint arXiv:2307.00259},
  year={2023}
}
