@inproceedings{AKT,
  author       = {Aritra Ghosh and
                  Neil T. Heffernan and
                  Andrew S. Lan},
  title        = {Context-Aware Attentive Knowledge Tracing},
  booktitle    = {Proceedings of the 26th {ACM} {SIGKDD} Conference on Knowledge Discovery
                  and Data Mining},
  pages        = {2330--2339},
  year         = {2020}
}

@inproceedings{ATKT,
  author       = {Xiaopeng Guo and
                  Zhijie Huang and
                  Jie Gao and
                  Mingyu Shang and
                  Maojing Shu and
                  Jun Sun},
  title        = {Enhancing Knowledge Tracing via Adversarial Training},
  booktitle    = {Proceedings of the 29th {ACM} Multimedia Conference},
  pages        = {367--375},
  year         = {2021}
}

@inproceedings{Attention,
  author       = {Ashish Vaswani and
                  Noam Shazeer and
                  Niki Parmar and
                  Jakob Uszkoreit and
                  Llion Jones and
                  Aidan N. Gomez and
                  Lukasz Kaiser and
                  Illia Polosukhin},
  title        = {Attention is All you Need},
  booktitle    = {Proceedings of the 31st Annual Conference on Neural Information Processing Systems},
  pages        = {5998--6008},
  year         = {2017}
}

@article{BKT,
  title={Knowledge Tracing: Modeling the Acquisition of Procedural Knowledge},
  author={Corbett, Albert T and Anderson, John R},
  journal={User Modeling and User-Adapted Interaction},
  volume={4},
  number={4},
  pages={253--278},
  year={1994}
}

@inproceedings{BKTAssumption1,
  author       = {Ryan Shaun Joazeiro de Baker and
                  Albert T. Corbett and
                  Vincent Aleven},
  title        = {More Accurate Student Modeling through Contextual Estimation of Slip
                  and Guess Probabilities in Bayesian Knowledge Tracing},
  booktitle    = {Proceedings of the 9th International Conference on Intelligent Tutoring Systems},
  pages        = {406--415},
  year         = {2008}
}

@inproceedings{BKTAssumption2,
  author       = {Zachary A. Pardos and
                  Neil T. Heffernan},
  title        = {{KT-IDEM}: Introducing Item Difficulty to the Knowledge Tracing Model},
  booktitle    = {Proceedings of the 19th International Conference on User Modeling, Adaption and Personalization},
  pages        = {243--254},
  year         = {2011}
}

@inproceedings{BKTImprovement1,
  author       = {Mohammad Khajah and
                  Robert V. Lindsey and
                  Michael Mozer},
  title        = {How Deep is Knowledge Tracing?},
  booktitle    = {Proceedings of the 9th International Conference on Educational Data
                  Mining},
  year         = {2016}
}

@inproceedings{BKTImprovement2,
  author       = {Shuanghong Shen and
                  Zhenya Huang and
                  Qi Liu and
                  Yu Su and
                  Shijin Wang and
                  Enhong Chen},
  title        = {Assessing Student's Dynamic Knowledge State by Exploring the Question
                  Difficulty Effect},
  booktitle    = {Proceedings of the 45th International {ACM} {SIGIR} Conference on Research
                  and Development in Information Retrieval},
  pages        = {427--437},
  year         = {2022}
}

@article{DCD,
  author       = {Fei Wang and
                  Zhenya Huang and
                  Qi Liu and
                  Enhong Chen and
                  Yu Yin and
                  Jianhui Ma and
                  Shijin Wang},
  title        = {Dynamic Cognitive Diagnosis: An Educational Priors-Enhanced Deep Knowledge Tracing Perspective},
  journal      = {IEEE Transactions on Learning Technologies},
  volume       = {16},
  number       = {3},
  pages        = {306--323},
  year         = {2023},
}

@inproceedings{DKT,
  author       = {Chris Piech and
                  Jonathan Bassen and
                  Jonathan Huang and
                  Surya Ganguli and
                  Mehran Sahami and
                  Leonidas J. Guibas and
                  Jascha Sohl{-}Dickstein},
  title        = {Deep Knowledge Tracing},
  booktitle    = {Proceedings of the 29th Annual Conference on Neural Information Processing Systems},
  pages        = {505--513},
  year         = {2015}
}

@inproceedings{DKT+,
  author       = {Chun{-}Kit Yeung and
                  Dit{-}Yan Yeung},
  title        = {Addressing two problems in deep knowledge tracing via prediction-consistent
                  regularization},
  booktitle    = {Proceedings of the 5th Annual {ACM} Conference on Learning at Scale},
  pages        = {5:1--5:10},
  year         = {2018}
}

@inproceedings{DKVMN,
  author       = {Jiani Zhang and
                  Xingjian Shi and
                  Irwin King and
                  Dit{-}Yan Yeung},
  title        = {Dynamic Key-Value Memory Networks for Knowledge Tracing},
  booktitle    = {Proceedings of the 26th International Conference on World Wide Web},
  pages        = {765--774},
  year         = {2017}
}

@inproceedings{FactorizationMachine,
  author       = {Steffen Rendle},
  title        = {Factorization Machines},
  booktitle    = {Proceedings of the 10th {IEEE} International Conference on Data Mining},
  pages        = {995--1000},
  year         = {2010}
}

@inproceedings{KTM,
  author       = {Jill{-}J{\^{e}}nn Vie and
                  Hisashi Kashima},
  title        = {Knowledge Tracing Machines: Factorization Machines for Knowledge Tracing},
  booktitle    = {Proceedings of the 33rd {AAAI} Conference on Artificial Intelligence, the 31st Innovative Applications of Artificial Intelligence
                  Conference, the 9th {AAAI} Symposium on Educational
                  Advances in Artificial Intelligence},
  pages        = {750--757},
  year         = {2019}
}

@inproceedings{LSTM,
  author       = {Xingjian Shi and
                  Zhourong Chen and
                  Hao Wang and
                  Dit{-}Yan Yeung and
                  Wai{-}Kin Wong and
                  Wang{-}chun Woo},
  title        = {Convolutional {LSTM} Network: {A} Machine Learning Approach for Precipitation
                  Nowcasting},
  booktitle    = {Proceedings of the 29th Annual Conference on Neural Information Processing Systems},
  pages        = {802--810},
  year         = {2015}
}

@article{MRTKT,
  author       = {Jiajun Cui and
                  Zeyuan Chen and
                  Aimin Zhou and
                  Jianyong Wang and
                  Wei Zhang},
  title        = {Fine-Grained Interaction Modeling with Multi-Relational Transformer
                  for Knowledge Tracing},
  journal      = {ACM Transactions on Information Systems},
  volume       = {41},
  number       = {4},
  pages        = {104:1--104:26},
  year         = {2023},
}

@article{OPKT,
  author       = {Liqing Qiu and
                  Menglin Zhu and
                  Jingcheng Zhou},
  title        = {{OPKT}: Enhancing Knowledge Tracing With Optimized Pretraining Mechanisms in Intelligent Tutoring},
  journal      = {IEEE Transactions on Learning Technologies},
  volume       = {17},
  pages        = {841--855},
  year         = {2024},
}

@inproceedings{SAKT,
  author       = {Shalini Pandey and
                  George Karypis},
  title        = {A Self Attentive model for Knowledge Tracing},
  booktitle    = {Proceedings of the 12th International Conference on Educational Data Mining},
  year         = {2019}
}

@inproceedings{SKVMN,
  author       = {Ghodai Abdelrahman and
                  Qing Wang},
  title        = {Knowledge Tracing with Sequential Key-Value Memory Networks},
  booktitle    = {Proceedings of the 42nd International {ACM} {SIGIR} Conference on Research and Development in Information Retrieval},
  pages        = {175--184},
  year         = {2019}
}

@article{StableKT,
  author       = {Jia Zhu and
                  Xiaodong Ma and
                  Changqin Huang},
  title        = {Stable Knowledge Tracing Using Causal Inference},
  journal      = {IEEE Transactions on Learning Technologies},
  volume       = {17},
  pages        = {124--134},
  year         = {2024}
}

@inproceedings{VanillaTrKT,
  author       = {Shi Pu and
                  Michael Yudelson and
                  Lu Ou and
                  Yuchi Huang},
  title        = {Deep Knowledge Tracing with Transformers},
  booktitle    = {Proceedings of the 21st International Conference on Artificial Intelligence in Education},
  pages        = {252--256},
  year         = {2020}
}

