@article{BKT,
  title={Knowledge Tracing: Modeling the Acquisition of Procedural Knowledge},
  author={Corbett, Albert T and Anderson, John R},
  journal={User Modeling and User-Adapted Interaction},
  volume={4},
  number={4},
  pages={253--278},
  year={1994}
}

@inproceedings{BKTImprovement1,
  author       = {Mohammad Khajah and
                  Robert V. Lindsey and
                  Michael Mozer},
  title        = {How Deep is Knowledge Tracing?},
  booktitle    = {Proceedings of the 9th International Conference on Educational Data
                  Mining},
  year         = {2016}
}

@inproceedings{BKTImprovement2,
  author       = {Shuanghong Shen and
                  Zhenya Huang and
                  Qi Liu and
                  Yu Su and
                  Shijin Wang and
                  Enhong Chen},
  title        = {Assessing Student's Dynamic Knowledge State by Exploring the Question
                  Difficulty Effect},
  booktitle    = {Proceedings of the 45th International {ACM} {SIGIR} Conference on Research
                  and Development in Information Retrieval},
  pages        = {427--437},
  year         = {2022}
}

@inproceedings{KTM,
  author       = {Jill{-}J{\^{e}}nn Vie and
                  Hisashi Kashima},
  title        = {Knowledge Tracing Machines: Factorization Machines for Knowledge Tracing},
  booktitle    = {Proceedings of the 33rd {AAAI} Conference on Artificial Intelligence, the 31st Innovative Applications of Artificial Intelligence
                  Conference, the 9th {AAAI} Symposium on Educational
                  Advances in Artificial Intelligence},
  pages        = {750--757},
  year         = {2019}
}

@inproceedings{FactorizationMachine,
  author       = {Steffen Rendle},
  title        = {Factorization Machines},
  booktitle    = {Proceedings of the 10th {IEEE} International Conference on Data Mining},
  pages        = {995--1000},
  year         = {2010}
}

@inproceedings{IndividualizedBKT,
  author       = {Michael Yudelson and
                  Kenneth R. Koedinger and
                  Geoffrey J. Gordon},
  title        = {Individualized {Bayesian} Knowledge Tracing Models},
  booktitle    = {Proceedings of the 16th International Conference on Artificial Intelligence in Education},
  pages        = {171--180},
  year         = {2013}
}

@article{BKTOverview,
  author       = {Radek Pel{\'{a}}nek},
  title        = {Bayesian Knowledge Tracing, Logistic Models, and Beyond: An Overview of Learner Modeling Techniques},
  journal      = {User Modeling and User-Adapted Interaction},
  volume       = {27},
  number       = {3-5},
  pages        = {313--350},
  year         = {2017}
}

@inproceedings{BKTAssumption1,
  author       = {Ryan Shaun Joazeiro de Baker and
                  Albert T. Corbett and
                  Vincent Aleven},
  title        = {More Accurate Student Modeling through Contextual Estimation of Slip
                  and Guess Probabilities in Bayesian Knowledge Tracing},
  booktitle    = {Proceedings of the 9th International Conference on Intelligent Tutoring Systems},
  pages        = {406--415},
  year         = {2008}
}

@inproceedings{BKTAssumption2,
  author       = {Zachary A. Pardos and
                  Neil T. Heffernan},
  title        = {{KT-IDEM}: Introducing Item Difficulty to the Knowledge Tracing Model},
  booktitle    = {Proceedings of the 19th International Conference on User Modeling, Adaption and Personalization},
  pages        = {243--254},
  year         = {2011}
}

@inproceedings{DKT,
  author       = {Chris Piech and
                  Jonathan Bassen and
                  Jonathan Huang and
                  Surya Ganguli and
                  Mehran Sahami and
                  Leonidas J. Guibas and
                  Jascha Sohl{-}Dickstein},
  title        = {Deep Knowledge Tracing},
  booktitle    = {Proceedings of the 29th Annual Conference on Neural Information Processing Systems},
  pages        = {505--513},
  year         = {2015}
}

@inproceedings{DKT+,
  author       = {Chun{-}Kit Yeung and
                  Dit{-}Yan Yeung},
  title        = {Addressing two problems in deep knowledge tracing via prediction-consistent
                  regularization},
  booktitle    = {Proceedings of the 5th Annual {ACM} Conference on Learning at Scale},
  pages        = {5:1--5:10},
  year         = {2018}
}

@inproceedings{DKVMN,
  author       = {Jiani Zhang and
                  Xingjian Shi and
                  Irwin King and
                  Dit{-}Yan Yeung},
  title        = {Dynamic Key-Value Memory Networks for Knowledge Tracing},
  booktitle    = {Proceedings of the 26th International Conference on World Wide Web},
  pages        = {765--774},
  year         = {2017}
}

@article{DCD,
  author       = {Fei Wang and
                  Zhenya Huang and
                  Qi Liu and
                  Enhong Chen and
                  Yu Yin and
                  Jianhui Ma and
                  Shijin Wang},
  title        = {Dynamic Cognitive Diagnosis: An Educational Priors-Enhanced Deep Knowledge Tracing Perspective},
  journal      = {IEEE Transactions on Learning Technologies},
  volume       = {16},
  number       = {3},
  pages        = {306--323},
  year         = {2023},
}

@inproceedings{LSTM,
  author       = {Xingjian Shi and
                  Zhourong Chen and
                  Hao Wang and
                  Dit{-}Yan Yeung and
                  Wai{-}Kin Wong and
                  Wang{-}chun Woo},
  title        = {Convolutional {LSTM} Network: {A} Machine Learning Approach for Precipitation
                  Nowcasting},
  booktitle    = {Proceedings of the 29th Annual Conference on Neural Information Processing Systems},
  pages        = {802--810},
  year         = {2015}
}

@article{Survey1,
  author       = {Ghodai Abdelrahman and
                  Qing Wang and
                  Bernardo Pereira Nunes},
  title        = {Knowledge Tracing: {A} Survey},
  journal      = {ACM Computing Surveys},
  volume       = {55},
  number       = {11},
  pages        = {224:1--224:37},
  year         = {2023}
}

@article{Survey2,
  author       = {Xiangyu Song and
                  Jianxin Li and
                  Taotao Cai and
                  Shuiqiao Yang and
                  Tingting Yang and
                  Chengfei Liu},
  title        = {A survey on deep learning based knowledge tracing},
  journal      = {Knowledge-Based Systems},
  volume       = {258},
  pages        = {110036},
  year         = {2022}
}

@inproceedings{SKVMN,
  author       = {Ghodai Abdelrahman and
                  Qing Wang},
  title        = {Knowledge Tracing with Sequential Key-Value Memory Networks},
  booktitle    = {Proceedings of the 42nd International {ACM} {SIGIR} Conference on Research and Development in Information Retrieval},
  pages        = {175--184},
  year         = {2019}
}

@inproceedings{Attention,
  author       = {Ashish Vaswani and
                  Noam Shazeer and
                  Niki Parmar and
                  Jakob Uszkoreit and
                  Llion Jones and
                  Aidan N. Gomez and
                  Lukasz Kaiser and
                  Illia Polosukhin},
  title        = {Attention is All you Need},
  booktitle    = {Proceedings of the 31st Annual Conference on Neural Information Processing Systems},
  pages        = {5998--6008},
  year         = {2017}
}

@inproceedings{SAKT,
  author       = {Shalini Pandey and
                  George Karypis},
  title        = {A Self Attentive model for Knowledge Tracing},
  booktitle    = {Proceedings of the 12th International Conference on Educational Data Mining},
  year         = {2019}
}

@inproceedings{AKT,
  author       = {Aritra Ghosh and
                  Neil T. Heffernan and
                  Andrew S. Lan},
  title        = {Context-Aware Attentive Knowledge Tracing},
  booktitle    = {Proceedings of the 26th {ACM} {SIGKDD} Conference on Knowledge Discovery
                  and Data Mining},
  pages        = {2330--2339},
  year         = {2020}
}

@article{MRTKT,
  author       = {Jiajun Cui and
                  Zeyuan Chen and
                  Aimin Zhou and
                  Jianyong Wang and
                  Wei Zhang},
  title        = {Fine-Grained Interaction Modeling with Multi-Relational Transformer
                  for Knowledge Tracing},
  journal      = {ACM Transactions on Information Systems},
  volume       = {41},
  number       = {4},
  pages        = {104:1--104:26},
  year         = {2023},
}

@inproceedings{SAINT+,
  author       = {Dongmin Shin and
                  Yugeun Shim and
                  Hangyeol Yu and
                  Seewoo Lee and
                  Byungsoo Kim and
                  Youngduck Choi},
  title        = {{SAINT+:} Integrating Temporal Features for EdNet Correctness Prediction},
  booktitle    = {Proceedings of the 11th International Learning Analytics and Knowledge Conference},
  pages        = {490--496},
  year         = {2021}
}

@inproceedings{KQN,
  author       = {Jinseok Lee and
                  Dit{-}Yan Yeung},
  title        = {Knowledge Query Network for Knowledge Tracing: How Knowledge Interacts
                  with Skills},
  booktitle    = {Proceedings of the 9th International Conference on Learning Analytics and Knowledge},
  pages        = {491--500},
  year         = {2019}
}

@article{EKT,
  author       = {Qi Liu and
                  Zhenya Huang and
                  Yu Yin and
                  Enhong Chen and
                  Hui Xiong and
                  Yu Su and
                  Guoping Hu},
  title        = {{EKT}: Exercise-Aware Knowledge Tracing for Student Performance Prediction},
  journal      = {IEEE Transactions on Knowledge and Data Engineering},
  volume       = {33},
  number       = {1},
  pages        = {100--115},
  year         = {2021}
}

@inproceedings{pykt,
  author       = {Zitao Liu and
                  Qiongqiong Liu and
                  Jiahao Chen and
                  Shuyan Huang and
                  Jiliang Tang and
                  Weiqi Luo},
  title        = {{pyKT}: {A} {Python} Library to Benchmark Deep Learning based Knowledge
                  Tracing Models},
  booktitle    = {Proceedings of the 36th Annual Conference on Neural Information Processing Systems},
  year         = {2022}
}

@inproceedings{ATKT,
  author       = {Xiaopeng Guo and
                  Zhijie Huang and
                  Jie Gao and
                  Mingyu Shang and
                  Maojing Shu and
                  Jun Sun},
  title        = {Enhancing Knowledge Tracing via Adversarial Training},
  booktitle    = {Proceedings of the 29th {ACM} Multimedia Conference},
  pages        = {367--375},
  year         = {2021}
}

@inproceedings{qDKT,
  author       = {Shashank Sonkar and
                  Andrew S. Lan and
                  Andrew E. Waters and
                  Phillip Grimaldi and
                  Richard G. Baraniuk},
  title        = {{qDKT}: Question-centric Deep Knowledge Tracing},
  booktitle    = {Proceedings of the 13th International Conference on Educational Data Mining},
  year         = {2020},
}

@article{SemanticKT,
  author       = {Wentao Wang and
                  Huifang Ma and
                  Yan Zhao and
                  Fanyi Yang and
                  Liang Chang},
  title        = {{SEEP}: Semantic-enhanced question embeddings pre-training for improving
                  knowledge tracing},
  journal      = {Information Sciences},
  volume       = {614},
  pages        = {153--169},
  year         = {2022},
}

@inproceedings{VanillaTrKT,
  author       = {Shi Pu and
                  Michael Yudelson and
                  Lu Ou and
                  Yuchi Huang},
  title        = {Deep Knowledge Tracing with Transformers},
  booktitle    = {Proceedings of the 21st International Conference on Artificial Intelligence in Education},
  pages        = {252--256},
  year         = {2020}
}

@inproceedings{CL4KT,
  title={Contrastive learning for knowledge tracing},
  author={Lee, Wonsung and Chun, Jaeyoon and Lee, Youngmin and Park, Kyoungsoo and Park, Sungrae},
  booktitle={Proceedings of the ACM Web Conference 2022},
  pages={2330--2338},
  year={2022}
}

@inproceedings{CoKT,
  author       = {Ting Long and
                  Jiarui Qin and
                  Jian Shen and
                  Weinan Zhang and
                  Wei Xia and
                  Ruiming Tang and
                  Xiuqiang He and
                  Yong Yu},
  title        = {Improving Knowledge Tracing with Collaborative Information},
  booktitle    = {Proceedins of the 15th {ACM} International Conference on Web Search
                  and Data Mining},
  pages        = {599--607},
  year         = {2022}
}

@inproceedings{DTrKT,
  title={Tracing Knowledge Instead of Patterns: Stable Knowledge Tracing with Diagnostic Transformer},
  author={Yin, Yu and Dai, Le and Huang, Zhenya and Shen, Shuanghong and Wang, Fei and Liu, Qi and Chen, Enhong and Li, Xin},
  booktitle={Proceedings of the ACM Web Conference 2023},
  pages={855--864},
  year={2023}
}

@inproceedings{LBKT,
  title={Learning behavior-oriented knowledge tracing},
  author={Xu, Bihan and Huang, Zhenya and Liu, Jiayu and Shen, Shuanghong and Liu, Qi and Chen, Enhong and Wu, Jinze and Wang, Shijin},
  booktitle={Proceedings of the 29th ACM SIGKDD Conference on Knowledge Discovery and Data Mining},
  pages={2789--2800},
  year={2023}
}

@misc{GPT-J,
  author = {Wang, Ben},
  title = {{Mesh-Transformer-JAX: Model-Parallel Implementation of Transformer Language Model with JAX}},
  howpublished = {\url{https://github.com/kingoflolz/mesh-transformer-jax}},
  year = 2021,
  month = May
}

@misc{GPT1,
  title={Improving language understanding by generative pre-training},
  author={Radford, Alec and Narasimhan, Karthik and Salimans, Tim and Sutskever, Ilya},
  howpublished = {\url{https://www.mikecaptain.com/resources/pdf/GPT-1.pdf}},
  year={2018},
  publisher={OpenAI}
}

@article{GPT2,
  title={Language models are unsupervised multitask learners},
  author={Radford, Alec and Wu, Jeffrey and Child, Rewon and Luan, David and Amodei, Dario and Sutskever, Ilya and others},
  journal={OpenAI Blog},
  volume={1},
  number={8},
  pages={9},
  year={2019}
}

@inproceedings{GPT3,
  author       = {Tom B. Brown and
                  Benjamin Mann and
                  Nick Ryder and
                  Melanie Subbiah and
                  Jared Kaplan and
                  Prafulla Dhariwal and
                  Arvind Neelakantan and
                  Pranav Shyam and
                  Girish Sastry and
                  Amanda Askell and
                  Sandhini Agarwal and
                  Ariel Herbert{-}Voss and
                  Gretchen Krueger and
                  Tom Henighan and
                  Rewon Child and
                  Aditya Ramesh and
                  Daniel M. Ziegler and
                  Jeffrey Wu and
                  Clemens Winter and
                  Christopher Hesse and
                  Mark Chen and
                  Eric Sigler and
                  Mateusz Litwin and
                  Scott Gray and
                  Benjamin Chess and
                  Jack Clark and
                  Christopher Berner and
                  Sam McCandlish and
                  Alec Radford and
                  Ilya Sutskever and
                  Dario Amodei},
  title        = {Language Models are Few-Shot Learners},
  booktitle    = {Proceedings of the 34th Annual Conference
                  on Neural Information Processing Systems},
  year         = {2020},
}

@article{GPT4,
  title={{GPT-4} Technical Report},
  author={Achiam, Josh and Adler, Steven and Agarwal, Sandhini and Ahmad, Lama and Akkaya, Ilge and Aleman, Florencia Leoni and Almeida, Diogo and Altenschmidt, Janko and Altman, Sam and Anadkat, Shyamal and others},
  journal={arXiv preprint arXiv:2303.08774},
  year={2023}
}

@inproceedings{ednet,
  author       = {Youngduck Choi and
                  Youngnam Lee and
                  Dongmin Shin and
                  Junghyun Cho and
                  Seoyon Park and
                  Seewoo Lee and
                  Jineon Baek and
                  Chan Bae and
                  Byungsoo Kim and
                  Jaewe Heo},
  title        = {{EdNet}: {A} Large-Scale Hierarchical Dataset in Education},
  booktitle    = {Proceedings of the 21st International Conference on Artificial Intelligence in Education},
  pages        = {69--73},
  year         = {2020},
}

@article{assistment2009,
  title={The Assistment Builder: Supporting the life cycle of tutoring system content creation},
  author={Razzaq, Leena and Patvarczki, Jozsef and Almeida, Shane F and Vartak, Manasi and Feng, Mingyu and Heffernan, Neil T and Koedinger, Kenneth R},
  journal={IEEE Transactions on Learning Technologies},
  volume={2},
  number={2},
  pages={157--166},
  year={2009},
  publisher={IEEE}
}

@article{StableKT,
  author       = {Jia Zhu and
                  Xiaodong Ma and
                  Changqin Huang},
  title        = {Stable Knowledge Tracing Using Causal Inference},
  journal      = {IEEE Transactions on Learning Technologies},
  volume       = {17},
  pages        = {124--134},
  year         = {2024}
}

@article{OPKT,
  author       = {Liqing Qiu and
                  Menglin Zhu and
                  Jingcheng Zhou},
  title        = {{OPKT}: Enhancing Knowledge Tracing With Optimized Pretraining Mechanisms in Intelligent Tutoring},
  journal      = {IEEE Transactions on Learning Technologies},
  volume       = {17},
  pages        = {841--855},
  year         = {2024},
}

@inproceedings{junyi,
  author       = {Haw{-}Shiuan Chang and
                  Hwai{-}Jung Hsu and
                  Kuan{-}Ta Chen},
  title        = {Modeling Exercise Relationships in E-Learning: {A} Unified Approach},
  booktitle    = {Proceedings of the 8th International Conference on Educational Data Mining},
  pages        = {532--535},
  year         = {2015}
}

@article{RoPE,
  author       = {Jianlin Su and
                  Murtadha H. M. Ahmed and
                  Yu Lu and
                  Shengfeng Pan and
                  Wen Bo and
                  Yunfeng Liu},
  title        = {RoFormer: Enhanced transformer with Rotary Position Embedding},
  journal      = {Neurocomputing},
  volume       = {568},
  pages        = {127063},
  year         = {2024},
}

@article{UMAP,
  author       = {Leland McInnes and
                  John Healy and
                  Nathaniel Saul and
                  Lukas Gro{\ss}berger},
  title        = {{UMAP}: Uniform Manifold Approximation and Projection},
  journal      = {Journal of Open Source Software},
  volume       = {3},
  number       = {29},
  pages        = {861},
  year         = {2018},
}
