@inproceedings{abilasha2022deep,
	title={Deep Extreme Mixture Model for Time Series Forecasting},
	author={Abilasha, S and Bhadra, Sahely and Dadarkar, Ahmed Zaheer and Deepak, P},
	booktitle={31st ACM International Conference on Information and Knowledge Management: CIKM 2022},
	year={2022}
}

@inproceedings{abraham2010integrated,
  title={An integrated framework for simultaneous classification and regression of time-series data},
  author={Abraham, Zubin and Tan, Pang-Ning},
  booktitle={Proceedings of the 2010 SIAM international conference on data mining},
  pages={653--664},
  year={2010},
  organization={SIAM}
}

@article{bai2018empirical,
  title={An empirical evaluation of generic convolutional and recurrent networks for sequence modeling},
  author={Bai, Shaojie and Kolter, J Zico and Koltun, Vladlen},
  journal={arXiv preprint arXiv:1803.01271},
  year={2018}
}

@article{bai2020adaptive,
  title={Adaptive graph convolutional recurrent network for traffic forecasting},
  author={Bai, Lei and Yao, Lina and Li, Can and Wang, Xianzhi and Wang, Can},
  journal={Advances in neural information processing systems},
  volume={33},
  pages={17804--17815},
  year={2020}
}

@inproceedings{eldeletslanet,
  title={TSLANet: Rethinking Transformers for Time Series Representation Learning},
  author={Eldele, Emadeldeen and Ragab, Mohamed and Chen, Zhenghua and Wu, Min and Li, Xiaoli},
  booktitle={Forty-first International Conference on Machine Learning},
  year={2024},
  organization={PMLR}
}

@article{guo2023multivariate,
  title={Multivariate time series forecasting using multiscale recurrent networks with scale attention and cross-scale guidance},
  author={Guo, Qiang and Fang, Lexin and Wang, Ren and Zhang, Caiming},
  journal={IEEE Transactions on Neural Networks and Learning Systems},
  year={2023},
  publisher={IEEE}
}

@inproceedings{huang2019dsanet,
  title={Dsanet: Dual self-attention network for multivariate time series forecasting},
  author={Huang, Siteng and Wang, Donglin and Wu, Xuehan and Tang, Ao},
  booktitle={Proceedings of the 28th ACM international conference on information and knowledge management},
  pages={2129--2132},
  year={2019}
}

@article{li2019enhancing,
  title={Enhancing the locality and breaking the memory bottleneck of transformer on time series forecasting},
  author={Li, Shiyang and Jin, Xiaoyong and Xuan, Yao and Zhou, Xiyou and Chen, Wenhu and Wang, Yu-Xiang and Yan, Xifeng},
  journal={Advances in neural information processing systems},
  volume={32},
  year={2019}
}

@inproceedings{liu2024itransformer,
  title={iTransformer: Inverted Transformers Are Effective for Time Series Forecasting},
  author={Yong Liu and Tengge Hu and Haoran Zhang and Haixu Wu and Shiyu Wang and Lintao Ma and Mingsheng Long},
  booktitle={The Twelfth International Conference on Learning Representations},
  year={2024},
  url={https://openreview.net/forum?id=JePfAI8fah}
}

@article{lu2024novel,
  title={A Novel Sequence-to-Sequence-Based Deep Learning Model for Multistep Load Forecasting},
  author={Lu, Renzhi and Bai, Ruichang and Li, Ruidong and Zhu, Lijun and Sun, Mingyang and Xiao, Feng and Wang, Dong and Wu, Huaming and Ding, Yuemin},
  journal={IEEE Transactions on Neural Networks and Learning Systems},
  year={2024},
  publisher={IEEE}
}

@inproceedings{nie2022time,
  title={A Time Series is Worth 64 Words: Long-term Forecasting with Transformers},
  author={Nie, Yuqi and Nguyen, Nam H and Sinthong, Phanwadee and Kalagnanam, Jayant},
  booktitle={The Eleventh International Conference on Learning Representations},
  year={2022}
}

@article{shih2019temporal,
  title={Temporal pattern attention for multivariate time series forecasting},
  author={Shih, Shun-Yao and Sun, Fan-Keng and Lee, Hung-yi},
  journal={Machine Learning},
  volume={108},
  number={8},
  pages={1421--1441},
  year={2019},
  publisher={Springer}
}

@article{tan2018geomagnetic,
  title={Geomagnetic index Kp forecasting with LSTM},
  author={Tan, Yao and Hu, Qinghua and Wang, Zhen and Zhong, Qiuzhen},
  journal={Space Weather},
  volume={16},
  number={4},
  pages={406--416},
  year={2018},
  publisher={Wiley Online Library}
}

@article{wang2024fredf,
  title={FreDF: Learning to Forecast in Frequency Domain},
  author={Wang, Hao and Pan, Licheng and Chen, Zhichao and Yang, Degui and Zhang, Sen and Yang, Yifei and Liu, Xinggao and Li, Haoxuan and Tao, Dacheng},
  journal={arXiv preprint arXiv:2402.02399},
  year={2024}
}

@inproceedings{wilson2022beyond,
  title={Beyond Point Prediction: Capturing Zero-Inflated \& Heavy-Tailed Spatiotemporal Data with Deep Extreme Mixture Models},
  author={Wilson, Tyler and McDonald, Andrew and Galib, Asadullah Hill and Tan, Pang-Ning and Luo, Lifeng},
  booktitle={Proceedings of the 28th ACM SIGKDD Conference on Knowledge Discovery and Data Mining},
  pages={2020--2028},
  year={2022}
}

@inproceedings{xu2023fits,
  title={FITS: Modeling Time Series with $10 k $ Parameters},
  author={Xu, Zhijian and Zeng, Ailing and Xu, Qiang},
  booktitle={The Twelfth International Conference on Learning Representations},
  year={2023}
}

@inproceedings{zeng2023transformers,
  title={Are transformers effective for time series forecasting?},
  author={Zeng, Ailing and Chen, Muxi and Zhang, Lei and Xu, Qiang},
  booktitle={Proceedings of the AAAI conference on artificial intelligence},
  volume={37},
  number={9},
  pages={11121--11128},
  year={2023}
}

