% Encoding: UTF-8
% Journals

% First the Full Name is given, then the abbreviation used in the AMS Math
% Reviews, with an indication if it could not be found there.
% Note the 2nd overwrites the 1st, so swap them if you want the full name.

 %{AMS}
 @String{AMSTrans = "American Mathematical Society Translations" }
 @String{AMSTrans = "Amer. Math. Soc. Transl." }
 @String{BullAMS = "Bulletin of the American Mathematical Society" }
 @String{BullAMS = "Bull. Amer. Math. Soc." }
 @String{ProcAMS = "Proceedings of the American Mathematical Society" }
 @String{ProcAMS = "Proc. Amer. Math. Soc." }
 @String{TransAMS = "Transactions of the American Mathematical Society" }
 @String{TransAMS = "Trans. Amer. Math. Soc." }

 %ACM
 @String{CACM = "Communications of the {ACM}" }
 @String{CACM = "Commun. {ACM}" }
 @String{CompServ = "Comput. Surveys" }
 @String{JACM = "J. ACM" }
 @String{ACMMathSoft = "{ACM} Transactions on Mathematical Software" }
 @String{ACMMathSoft = "{ACM} Trans. Math. Software" }
 @String{SIGNUM = "{ACM} {SIGNUM} Newsletter" }
 @String{SIGNUM = "{ACM} {SIGNUM} Newslett." }

 @String{AmerSocio = "American Journal of Sociology" }
 @String{AmerStatAssoc = "Journal of the American Statistical Association" }
 @String{AmerStatAssoc = "J. Amer. Statist. Assoc." }
 @String{ApplMathComp = "Applied Mathematics and Computation" }
 @String{ApplMathComp = "Appl. Math. Comput." }
 @String{AmerMathMonthly = "American Mathematical Monthly" }
 @String{AmerMathMonthly = "Amer. Math. Monthly" }
 @String{BIT = "{BIT}" }
 @String{BritStatPsych = "British Journal of Mathematical and Statistical
          Psychology" }
 @String{BritStatPsych = "Brit. J. Math. Statist. Psych." }
 @String{CanMathBull = "Canadian Mathematical Bulletin" }
 @String{CanMathBull = "Canad. Math. Bull." }
 @String{CompApplMath = "Journal of Computational and Applied Mathematics" }
 @String{CompApplMath = "J. Comput. Appl. Math." }
 @String{CompPhys = "Journal of Computational Physics" }
 @String{CompPhys = "J. Comput. Phys." }
 @String{CompStruct = "Computers and Structures" }
 @String{CompStruct = "Comput. \& Structures" }
 @String{CompJour = "The Computer Journal" }
 @String{CompJour = "Comput. J." }
 @String{CompSysSci = "Journal of Computer and System Sciences" }
 @String{CompSysSci = "J. Comput. System Sci." }
 @String{Computing = "Computing" }
 @String{ContempMath = "Contemporary Mathematics" }
 @String{ContempMath = "Contemp. Math." }
 @String{Crelle = "Crelle's Journal" }
 @String{GiornaleMath = "Giornale di Mathematiche" }
 @String{GiornaleMath = "Giorn. Mat." } % didn't find in AMS MR., ibid.

 %IEEE
 @String{Computer = "{IEEE} Computer" }
 @String{IEEETransComp = "{IEEE} Transactions on Computers" }
 @String{IEEETransComp = "{IEEE} Trans. Comput." }
 @String{IEEETransAC = "{IEEE} Transactions on Automatic Control" }
 @String{IEEETransAC = "{IEEE} Trans. Automat. Control" }
 @String{IEEESpec = "{IEEE} Spectrum" } % didn't find in AMS MR
 @String{ProcIEEE = "Proceedings of the {IEEE}" }
 @String{ProcIEEE = "Proc. {IEEE}" } % didn't find in AMS MR
 @String{IEEETransAeroElec = "{IEEE} Transactions on Aerospace and Electronic
     Systems" }
 @String{IEEETransAeroElec = "{IEEE} Trans. Aerospace Electron. Systems" }

 @String{IMANumerAna = "{IMA} Journal of Numerical Analysis" }
 @String{IMANumerAna = "{IMA} J. Numer. Anal." }
 @String{InfProcLet = "Information Processing Letters" }
 @String{InfProcLet = "Inform. Process. Lett." }
 @String{InstMathApp = "Journal of the Institute of Mathematics and
     its Applications" }
 @String{InstMathApp = "J. Inst. Math. Appl." }
 @String{IntControl = "International Journal of Control" }
 @String{IntControl = "Internat. J. Control" }
 @String{IntNumerEng = "International Journal for Numerical Methods in
     Engineering" }
 @String{IntNumerEng = "Internat. J. Numer. Methods Engrg." }
 @String{IntSuper = "International Journal of Supercomputing Applications" }
 @String{IntSuper = "Internat. J. Supercomputing Applic." } % didn't find
%% in AMS MR
 @String{Kibernetika = "Kibernetika" }
 @String{JResNatBurStand = "Journal of Research of the National Bureau
     of Standards" }
 @String{JResNatBurStand = "J. Res. Nat. Bur. Standards" }
 @String{LinAlgApp = "Linear Algebra and its Applications" }
 @String{LinAlgApp = "Linear Algebra Appl." }
 @String{MathAnaAppl = "Journal of Mathematical Analysis and Applications" }
 @String{MathAnaAppl = "J. Math. Anal. Appl." }
 @String{MathAnnalen = "Mathematische Annalen" }
 @String{MathAnnalen = "Math. Ann." }
 @String{MathPhys = "Journal of Mathematical Physics" }
 @String{MathPhys = "J. Math. Phys." }
 @String{MathComp = "Mathematics of Computation" }
 @String{MathComp = "Math. Comp." }
 @String{MathScand = "Mathematica Scandinavica" }
 @String{MathScand = "Math. Scand." }
 @String{TablesAidsComp = "Mathematical Tables and Other Aids to Computation" }
 @String{TablesAidsComp = "Math. Tables Aids Comput." }
 @String{NumerMath = "Numerische Mathematik" }
 @String{NumerMath = "Numer. Math." }
 @String{PacificMath = "Pacific Journal of Mathematics" }
 @String{PacificMath = "Pacific J. Math." }
 @String{ParDistComp = "Journal of Parallel and Distributed Computing" }
 @String{ParDistComp = "J. Parallel and Distrib. Comput." } % didn't find
%% in AMS MR
 @String{ParComputing = "Parallel Computing" }
 @String{ParComputing = "Parallel Comput." }
 @String{PhilMag = "Philosophical Magazine" }
 @String{PhilMag = "Philos. Mag." }
 @String{ProcNAS = "Proceedings of the National Academy of Sciences
                    of the USA" }
 @String{ProcNAS = "Proc. Nat. Acad. Sci. U. S. A." }
 @String{Psychometrika = "Psychometrika" }
 @String{QuartMath = "Quarterly Journal of Mathematics, Oxford, Series (2)" }
 @String{QuartMath = "Quart. J. Math. Oxford Ser. (2)" }
 @String{QuartApplMath = "Quarterly of Applied Mathematics" }
 @String{QuartApplMath = "Quart. Appl. Math." }
 @String{RevueInstStat = "Review of the International Statisical Institute" }
 @String{RevueInstStat = "Rev. Inst. Internat. Statist." }

 %SIAM
 @String{JSIAM = "Journal of the Society for Industrial and Applied
     Mathematics" }
 @String{JSIAM = "J. Soc. Indust. Appl. Math." }
 @String{JSIAMB = "Journal of the Society for Industrial and Applied
     Mathematics, Series B, Numerical Analysis" }
 @String{JSIAMB = "J. Soc. Indust. Appl. Math. Ser. B Numer. Anal." }
 @String{SIAMAlgMeth = "{SIAM} Journal on Algebraic and Discrete Methods" }
 @String{SIAMAlgMeth = "{SIAM} J. Algebraic Discrete Methods" }
 @String{SIAMAppMath = "{SIAM} Journal on Applied Mathematics" }
 @String{SIAMAppMath = "{SIAM} J. Appl. Math." }
 @String{SIAMComp = "{SIAM} Journal on Computing" }
 @String{SIAMComp = "{SIAM} J. Comput." }
 @String{SIAMMatrix = "{SIAM} Journal on Matrix Analysis and Applications" }
 @String{SIAMMatrix = "{SIAM} J. Matrix Anal. Appl." }
 @String{SIAMNumAnal = "{SIAM} Journal on Numerical Analysis" }
 @String{SIAMNumAnal = "{SIAM} J. Numer. Anal." }
 @String{SIAMReview = "{SIAM} Review" }
 @String{SIAMReview = "{SIAM} Rev." }
 @String{SIAMSciStat = "{SIAM} Journal on Scientific and Statistical
     Computing" }
 @String{SIAMSciStat = "{SIAM} J. Sci. Statist. Comput." }

 @String{SoftPracExp = "Software Practice and Experience" }
 @String{SoftPracExp = "Software Prac. Experience" } % didn't find in AMS MR
 @String{StatScience = "Statistical Science" }
 @String{StatScience = "Statist. Sci." }
 @String{Techno = "Technometrics" }
 @String{USSRCompMathPhys = "{USSR} Computational Mathematics and Mathematical
     Physics" }
 @String{USSRCompMathPhys = "{U. S. S. R.} Comput. Math. and Math. Phys." }
 @String{VLSICompSys = "Journal of {VLSI} and Computer Systems" }
 @String{VLSICompSys = "J. {VLSI} Comput. Syst." }
 @String{ZAngewMathMech = "Zeitschrift fur Angewandte Mathematik und
     Mechanik" }
 @String{ZAngewMathMech = "Z. Angew. Math. Mech." }
 @String{ZAngewMathPhys = "Zeitschrift fur Angewandte Mathematik und Physik" }
 @String{ZAngewMathPhys = "Z. Angew. Math. Phys." }

% Publishers % ================================================= |

 @String{Academic = "Academic Press" }
 @String{ACMPress = "{ACM} Press" }
 @String{AdamHilger = "Adam Hilger" }
 @String{AddisonWesley = "Addison-Wesley" }
 @String{AllynBacon = "Allyn and Bacon" }
 @String{AMS = "American Mathematical Society" }
 @String{Birkhauser = "Birkha{\"u}ser" }
 @String{CambridgePress = "Cambridge University Press" }
 @String{Chelsea = "Chelsea" }
 @String{ClaredonPress = "Claredon Press" }
 @String{DoverPub = "Dover Publications" }
 @String{Eyolles = "Eyolles" }
 @String{HoltRinehartWinston = "Holt, Rinehart and Winston" }
 @String{Interscience = "Interscience" }
 @String{JohnsHopkinsPress = "The Johns Hopkins University Press" }
 @String{JohnWileySons = "John Wiley and Sons" }
 @String{Macmillan = "Macmillan" }
 @String{MathWorks = "The Math Works Inc." }
 @String{McGrawHill = "McGraw-Hill" }
 @String{NatBurStd = "National Bureau of Standards" }
 @String{NorthHolland = "North-Holland" }
 @String{OxfordPress = "Oxford University Press" }  %address Oxford or London?
 @String{PergamonPress = "Pergamon Press" }
 @String{PlenumPress = "Plenum Press" }
 @String{PrenticeHall = "Prentice-Hall" }
 @String{SIAMPub = "{SIAM} Publications" }
 @String{Springer = "Springer-Verlag" }
 @String{TexasPress = "University of Texas Press" }
 @String{VanNostrand = "Van Nostrand" }
 @String{WHFreeman = "W. H. Freeman and Co." }

%Entries
@article{elman1990finding,
  title={Finding structure in time},
  author={Elman, Jeffrey L},
  journal={Cognitive science},
  volume={14},
  number={2},
  pages={179--211},
  year={1990},
  publisher={Wiley Online Library}
}

@article{graves2012long,
  title={Long short-term memory},
  author={Graves, Alex},
  journal={Supervised sequence labelling with recurrent neural networks},
  pages={37--45},
  year={2012},
  publisher={Springer}
}

@article{chung2014empirical,
  title={Empirical evaluation of gated recurrent neural networks on sequence modeling},
  author={Chung, Junyoung and Gulcehre, Caglar and Cho, KyungHyun and Bengio, Yoshua},
  journal={arXiv preprint arXiv:1412.3555},
  year={2014}
}

@article{krizhevsky2017imagenet,
  title={Imagenet classification with deep convolutional neural networks},
  author={Krizhevsky, Alex and Sutskever, Ilya and Hinton, Geoffrey E},
  journal={Communications of the ACM},
  volume={60},
  number={6},
  pages={84--90},
  year={2017},
  publisher={AcM New York, NY, USA}
}

@article{lecun1995convolutional,
  title={Convolutional networks for images, speech, and time series},
  author={LeCun, Yann and Bengio, Yoshua and others},
  journal={The handbook of brain theory and neural networks},
  volume={3361},
  number={10},
  pages={1995},
  year={1995},
  publisher={Cambridge, MA USA}
}

@article{vaswani2017attention,
  title={Attention is all you need},
  author={Vaswani, Ashish and Shazeer, Noam and Parmar, Niki and Uszkoreit, Jakob and Jones, Llion and Gomez, Aidan N and Kaiser, {\L}ukasz and Polosukhin, Illia},
  journal={Advances in neural information processing systems},
  volume={30},
  year={2017}
}

@article{li2019enhancing,
  title={Enhancing the locality and breaking the memory bottleneck of transformer on time series forecasting},
  author={Li, Shiyang and Jin, Xiaoyong and Xuan, Yao and Zhou, Xiyou and Chen, Wenhu and Wang, Yu-Xiang and Yan, Xifeng},
  journal={Advances in neural information processing systems},
  volume={32},
  year={2019}
}

@inproceedings{abraham2009semi,
  title={A semi-supervised framework for simultaneous classification and regression of zero-inflated time series data with application to precipitation prediction},
  author={Abraham, Zubin and Tan, Pang-Ning},
  booktitle={2009 IEEE International Conference on Data Mining Workshops},
  pages={644--649},
  year={2009},
  organization={IEEE}
}

@inproceedings{abraham2010integrated,
  title={An integrated framework for simultaneous classification and regression of time-series data},
  author={Abraham, Zubin and Tan, Pang-Ning},
  booktitle={Proceedings of the 2010 SIAM international conference on data mining},
  pages={653--664},
  year={2010},
  organization={SIAM}
}

@inproceedings{wilson2022beyond,
  title={Beyond Point Prediction: Capturing Zero-Inflated \& Heavy-Tailed Spatiotemporal Data with Deep Extreme Mixture Models},
  author={Wilson, Tyler and McDonald, Andrew and Galib, Asadullah Hill and Tan, Pang-Ning and Luo, Lifeng},
  booktitle={Proceedings of the 28th ACM SIGKDD Conference on Knowledge Discovery and Data Mining},
  pages={2020--2028},
  year={2022}
}

@inproceedings{yu2021group,
  title={Group-aware contrastive regression for action quality assessment},
  author={Yu, Xumin and Rao, Yongming and Zhao, Wenliang and Lu, Jiwen and Zhou, Jie},
  booktitle={Proceedings of the IEEE/CVF International Conference on Computer Vision},
  pages={7919--7928},
  year={2021}
}

@article{liu2018joint,
  title={Joint classification and regression via deep multi-task multi-channel learning for Alzheimer's disease diagnosis},
  author={Liu, Mingxia and Zhang, Jun and Adeli, Ehsan and Shen, Dinggang},
  journal={IEEE Transactions on Biomedical Engineering},
  volume={66},
  number={5},
  pages={1195--1206},
  year={2018},
  publisher={IEEE}
}

@article{zhang2012multi,
  title={Multi-modal multi-task learning for joint prediction of multiple regression and classification variables in Alzheimer's disease},
  author={Zhang, Daoqiang and Shen, Dinggang and Alzheimer's Disease Neuroimaging Initiative and others},
  journal={NeuroImage},
  volume={59},
  number={2},
  pages={895--907},
  year={2012},
  publisher={Elsevier}
}

@article{bai2018empirical,
  title={An empirical evaluation of generic convolutional and recurrent networks for sequence modeling},
  author={Bai, Shaojie and Kolter, J Zico and Koltun, Vladlen},
  journal={arXiv preprint arXiv:1803.01271},
  year={2018}
}

@article{shih2019temporal,
  title={Temporal pattern attention for multivariate time series forecasting},
  author={Shih, Shun-Yao and Sun, Fan-Keng and Lee, Hung-yi},
  journal={Machine Learning},
  volume={108},
  number={8},
  pages={1421--1441},
  year={2019},
  publisher={Springer}
}

@article{bai2020adaptive,
  title={Adaptive graph convolutional recurrent network for traffic forecasting},
  author={Bai, Lei and Yao, Lina and Li, Can and Wang, Xianzhi and Wang, Can},
  journal={Advances in neural information processing systems},
  volume={33},
  pages={17804--17815},
  year={2020}
}

@inproceedings{huang2019dsanet,
  title={Dsanet: Dual self-attention network for multivariate time series forecasting},
  author={Huang, Siteng and Wang, Donglin and Wu, Xuehan and Tang, Ao},
  booktitle={Proceedings of the 28th ACM international conference on information and knowledge management},
  pages={2129--2132},
  year={2019}
}

@inproceedings{cao2022prep,
  title={PREP: Pre-training with Temporal Elapse Inference for Popularity Prediction},
  author={Cao, Qi and Shen, Huawei and Liu, Yuanhao and Gao, Jinhua and Cheng, Xueqi},
  booktitle={Companion Proceedings of the Web Conference 2022},
  pages={243--247},
  year={2022}
}

@inproceedings{dasgupta2017nonlinear,
  title={Nonlinear dynamic Boltzmann machines for time-series prediction},
  author={Dasgupta, Sakyasingha and Osogami, Takayuki},
  booktitle={Proceedings of the AAAI Conference on Artificial Intelligence},
  volume={31},
  number={1},
  year={2017}
}

@article{neil2016phased,
  title={Phased lstm: Accelerating recurrent network training for long or event-based sequences},
  author={Neil, Daniel and Pfeiffer, Michael and Liu, Shih-Chii},
  journal={Advances in neural information processing systems},
  volume={29},
  year={2016}
}

@inproceedings{yu2017deep,
  title={Deep learning: A generic approach for extreme condition traffic forecasting},
  author={Yu, Rose and Li, Yaguang and Shahabi, Cyrus and Demiryurek, Ugur and Liu, Yan},
  booktitle={Proceedings of the 2017 SIAM international Conference on Data Mining},
  pages={777--785},
  year={2017},
  organization={SIAM}
}

@inproceedings{zhu2017next,
  title={What to Do Next: Modeling User Behaviors by Time-LSTM},
  author={Zhu, Yu and Li, Hao and Liao, Yikang and Wang, Beidou and Guan, Ziyu and Liu, Haifeng and Cai, Deng},
  booktitle={IJCAI},
  volume={17},
  pages={3602--3608},
  year={2017}
}

@book{albeverio2006extreme,
  title={Extreme events in nature and society},
  author={Albeverio, Sergio and Jentsch, Volker and Kantz, Holger},
  year={2006},
  publisher={Springer Science \& Business Media}
}

@article{ghil2011extreme,
  title={Extreme events: dynamics, statistics and prediction},
  author={Ghil, M and Yiou, P and Hallegatte, St{\'e}phane and Malamud, BD and Naveau, P and Soloviev, A and Friederichs, P and Keilis-Borok, V and Kondrashov, D and Kossobokov, V and others},
  journal={Nonlinear Processes in Geophysics},
  volume={18},
  number={3},
  pages={295--350},
  year={2011},
  publisher={Copernicus GmbH}
}

@article{krizhevsky2017imagenet,
  title={Imagenet classification with deep convolutional neural networks},
  author={Krizhevsky, Alex and Sutskever, Ilya and Hinton, Geoffrey E},
  journal={Communications of the ACM},
  volume={60},
  number={6},
  pages={84--90},
  year={2017},
  publisher={AcM New York, NY, USA}
}

@article{bahdanau2014neural,
  title={Neural machine translation by jointly learning to align and translate},
  author={Bahdanau, Dzmitry and Cho, Kyunghyun and Bengio, Yoshua},
  journal={arXiv preprint arXiv:1409.0473},
  year={2014}
}

@inproceedings{anderson2018bottom,
  title={Bottom-up and top-down attention for image captioning and visual question answering},
  author={Anderson, Peter and He, Xiaodong and Buehler, Chris and Teney, Damien and Johnson, Mark and Gould, Stephen and Zhang, Lei},
  booktitle={Proceedings of the IEEE conference on computer vision and pattern recognition},
  pages={6077--6086},
  year={2018}
}

@inproceedings{zhang2021multi,
  title={Multi-modal multi-label emotion recognition with heterogeneous hierarchical message passing},
  author={Zhang, Dong and Ju, Xincheng and Zhang, Wei and Li, Junhui and Li, Shoushan and Zhu, Qiaoming and Zhou, Guodong},
  booktitle={Proceedings of the AAAI Conference on Artificial Intelligence},
  volume={35},
  number={16},
  pages={14338--14346},
  year={2021}
}

@article{sun2021adjusting,
  title={Adjusting for autocorrelated errors in neural networks for time series},
  author={Sun, Fan-Keng and Lang, Chris and Boning, Duane},
  journal={Advances in Neural Information Processing Systems},
  volume={34},
  pages={29806--29819},
  year={2021}
}

@article{sun2022solar,
  title={Solar Wind Speed Prediction via Graph Attention Network},
  author={Sun, Yanru and Xie, Zongxia and Wang, Haocheng and Huang, Xin and Hu, Qinghua},
  journal={Space Weather},
  volume={20},
  number={7},
  pages={e2022SW003128},
  year={2022},
  publisher={Wiley Online Library}
}

@article{sun2022accurate,
  title={Accurate Solar Wind Speed Prediction with Multimodality Information},
  author={Sun, Yanru and Xie, Zongxia and Chen, Yanhong and Hu, Qinghua},
  journal={Space: Science \& Technology},
  volume={2022},
  year={2022},
  publisher={AAAS}
}

@article{akhter2022hour,
  title={An Hour-Ahead PV Power Forecasting Method Based on an RNN-LSTM Model for Three Different PV Plants},
  author={Akhter, Muhammad Naveed and Mekhilef, Saad and Mokhlis, Hazlie and Almohaimeed, Ziyad M and Muhammad, Munir Azam and Khairuddin, Anis Salwa Mohd and Akram, Rizwan and Hussain, Muhammad Majid},
  journal={Energies},
  volume={15},
  number={6},
  pages={2243},
  year={2022},
  publisher={MDPI}
}

@article{wang2022hour,
  title={Hour-ahead photovoltaic generation forecasting method based on machine learning and multi objective optimization algorithm},
  author={Wang, Jianzhou and Zhou, Yilin and Li, Zhiwu},
  journal={Applied Energy},
  volume={312},
  pages={118725},
  year={2022},
  publisher={Elsevier}
}

@article{vinyals2016matching,
  title={Matching networks for one shot learning},
  author={Vinyals, Oriol and Blundell, Charles and Lillicrap, Timothy and Wierstra, Daan and others},
  journal={Advances in neural information processing systems},
  volume={29},
  year={2016}
}

@article{ravuri2021skilful,
  title={Skilful precipitation nowcasting using deep generative models of radar},
  author={Ravuri, Suman and Lenc, Karel and Willson, Matthew and Kangin, Dmitry and Lam, Remi and Mirowski, Piotr and Fitzsimons, Megan and Athanassiadou, Maria and Kashem, Sheleem and Madge, Sam and others},
  journal={Nature},
  volume={597},
  number={7878},
  pages={672--677},
  year={2021},
  publisher={Nature Publishing Group}
}

@article{mir2022anomalies,
  title={Anomalies Prediction in Radon Time Series for Earthquake Likelihood Using Machine Learning-Based Ensemble Model},
  author={Mir, Adil Aslam and {\c{C}}elebi, Fatih Vehbi and Alsolai, Hadeel and Qureshi, Shahzad Ahmad and Rafique, Muhammad and Alzahrani, Jaber S and Mahgoub, Hany and Hamza, Manar Ahmed},
  journal={IEEE Access},
  volume={10},
  pages={37984--37999},
  year={2022},
  publisher={IEEE}
}

@article{porto2022machine,
  title={Machine Learning Approaches to Extreme Weather Events Forecast in Urban Areas: Challenges and Initial Results},
  author={Porto, Fabio and Ferro, Mariza and Ogasawara, Eduardo and Moeda, Thiago and de Barros, Claudio Daniel Tenorio and Silva, Anderson Chaves and Zorrilla, Rocio and Pereira, Rafael Silva and Castro, Rafaela Nascimento and Silva, Jo{\~a}o Victor and others},
  journal={Supercomputing Frontiers and Innovations},
  volume={9},
  number={1},
  pages={49--73},
  year={2022}
}

@article{yosinski2014transferable,
  title={How transferable are features in deep neural networks?},
  author={Yosinski, Jason and Clune, Jeff and Bengio, Yoshua and Lipson, Hod},
  journal={Advances in neural information processing systems},
  volume={27},
  year={2014}
}

@inproceedings{long2015learning,
  title={Learning transferable features with deep adaptation networks},
  author={Long, Mingsheng and Cao, Yue and Wang, Jianmin and Jordan, Michael},
  booktitle={International conference on machine learning},
  pages={97--105},
  year={2015},
  organization={PMLR}
}

@article{dos2021impact,
  title={Impact of virus genetic variability and host immunity for the success of COVID-19 vaccines},
  author={Dos Santos, Wagner Gouvea},
  journal={Biomedicine \& Pharmacotherapy},
  volume={136},
  pages={111272},
  year={2021},
  publisher={Elsevier}
}

@inproceedings{lai2018modeling,
  title={Modeling long-and short-term temporal patterns with deep neural networks},
  author={Lai, Guokun and Chang, Wei-Cheng and Yang, Yiming and Liu, Hanxiao},
  booktitle={The 41st international ACM SIGIR conference on research \& development in information retrieval},
  pages={95--104},
  year={2018}
}

@inproceedings{ding2019modeling,
  title={Modeling extreme events in time series prediction},
  author={Ding, Daizong and Zhang, Mi and Pan, Xudong and Yang, Min and He, Xiangnan},
  booktitle={Proceedings of the 25th ACM SIGKDD International Conference on Knowledge Discovery \& Data Mining},
  pages={1114--1122},
  year={2019}
}

@inproceedings{du2021adarnn,
  title={Adarnn: Adaptive learning and forecasting of time series},
  author={Du, Yuntao and Wang, Jindong and Feng, Wenjie and Pan, Sinno and Qin, Tao and Xu, Renjun and Wang, Chongjun},
  booktitle={Proceedings of the 30th ACM international conference on information \& knowledge management},
  pages={402--411},
  year={2021}
}

@inproceedings{oreshkinn,
  title={N-BEATS: Neural basis expansion analysis for interpretable time series forecasting},
  author={Oreshkin, Boris N and Carpov, Dmitri and Chapados, Nicolas and Bengio, Yoshua},
  booktitle={International Conference on Learning Representations},
  pages={492--513},
  year={2020}
}

@article{olivares2022neural,
  title={Neural basis expansion analysis with exogenous variables: Forecasting electricity prices with NBEATSx},
  author={Olivares, Kin G and Challu, Cristian and Marcjasz, Grzegorz and Weron, Rafa{\l} and Dubrawski, Artur},
  journal={International Journal of Forecasting},
  year={2022},
  publisher={Elsevier}
}

@article{corbiere2019addressing,
  title={Addressing failure prediction by learning model confidence},
  author={Corbi{\`e}re, Charles and Thome, Nicolas and Bar-Hen, Avner and Cord, Matthieu and P{\'e}rez, Patrick},
  journal={Advances in Neural Information Processing Systems},
  volume={32},
  year={2019}
}

@inproceedings{shao2022pre,
  title={Pre-training Enhanced Spatial-temporal Graph Neural Network for Multivariate Time Series Forecasting},
  author={Shao, Zezhi and Zhang, Zhao and Wang, Fei and Xu, Yongjun},
  booktitle={Proceedings of the 28th ACM SIGKDD Conference on Knowledge Discovery and Data Mining},
  pages={1567--1577},
  year={2022}
}

@inproceedings{patel2022accurate,
  title={Accurate and scalable gaussian processes for fine-grained air quality inference},
  author={Patel, Zeel B and Purohit, Palak and Patel, Harsh M and Sahni, Shivam and Batra, Nipun},
  booktitle={Proceedings of the AAAI Conference on Artificial Intelligence},
  volume={36},
  number={11},
  pages={12080--12088},
  year={2022}
}

@inproceedings{ye2022learning,
  title={Learning the evolutionary and multi-scale graph structure for multivariate time series forecasting},
  author={Ye, Junchen and Liu, Zihan and Du, Bowen and Sun, Leilei and Li, Weimiao and Fu, Yanjie and Xiong, Hui},
  booktitle={Proceedings of the 28th ACM SIGKDD Conference on Knowledge Discovery and Data Mining},
  pages={2296--2306},
  year={2022}
}


@inproceedings{han2022multimodal,
  title={Multimodal dynamics: Dynamical fusion for trustworthy multimodal classification},
  author={Han, Zongbo and Yang, Fan and Huang, Junzhou and Zhang, Changqing and Yao, Jianhua},
  booktitle={Proceedings of the IEEE/CVF Conference on Computer Vision and Pattern Recognition},
  pages={20707--20717},
  year={2022}
}

@article{ben2023simultaneous,
	title={Simultaneous Classification and Regression for Zakat Under-Reporting Detection},
	author={Ben Ismail, Mohamed Maher and AlSadhan, Nasser},
	journal={Applied Sciences},
	volume={13},
	number={9},
	pages={5244},
	year={2023},
	publisher={Multidisciplinary Digital Publishing Institute}
}

@article{chivers2020imputation,
	title={Imputation of missing sub-hourly precipitation data in a large sensor network: A machine learning approach},
	author={Chivers, Benedict D and Wallbank, John and Cole, Steven J and Sebek, Ondrej and Stanley, Simon and Fry, Matthew and Leontidis, Georgios},
	journal={Journal of Hydrology},
	volume={588},
	pages={125126},
	year={2020},
	publisher={Elsevier}
}

@article{teegavarapu2018infilling,
	title={Infilling missing precipitation records using variants of spatial interpolation and data-driven methods: use of optimal weighting parameters and nearest neighbour-based corrections},
	author={Teegavarapu, Ramesh SV and Aly, Alaa and Pathak, Chandra S and Ahlquist, Jon and Fuelberg, Henry and Hood, Jill},
	journal={International Journal of Climatology},
	volume={38},
	number={2},
	pages={776--793},
	year={2018},
	publisher={Wiley Online Library}
}

@article{simolo2010improving,
	title={Improving estimation of missing values in daily precipitation series by a probability density function-preserving approach},
	author={Simolo, Claudia and Brunetti, Michele and Maugeri, Maurizio and Nanni, T},
	journal={International Journal of Climatology},
	volume={30},
	number={10},
	pages={1564--1576},
	year={2010},
	publisher={Wiley Online Library}
}

@inproceedings{KingmaB2015adam,
	author={Diederik P. Kingma and my Ba},
	title={Adam: {A} Method for Stochastic Optimization},
	booktitle={International Conference on Learning Representations},
	year={2015}
}

@article{tan2018geomagnetic,
  title={Geomagnetic index Kp forecasting with LSTM},
  author={Tan, Yao and Hu, Qinghua and Wang, Zhen and Zhong, Qiuzhen},
  journal={Space Weather},
  volume={16},
  number={4},
  pages={406--416},
  year={2018},
  publisher={Wiley Online Library}
}

@inproceedings{abilasha2022deep,
	title={Deep Extreme Mixture Model for Time Series Forecasting},
	author={Abilasha, S and Bhadra, Sahely and Dadarkar, Ahmed Zaheer and Deepak, P},
	booktitle={31st ACM International Conference on Information and Knowledge Management: CIKM 2022},
	year={2022}
}

@inproceedings{galib2022deepextrema,
  title={DeepExtrema: A Deep Learning Approach for Forecasting Block Maxima in Time Series Data},
  author={Galib, Asadullah Hill and McDonald, Andrew and Wilson, Tyler and Luo, Lifeng and Tan, Pang-Ning},
  booktitle={Proceedings of the Thirty-First International Joint Conference on Artificial Intelligence},
  year={2022}
}

@article{li2023dynamic,
  title={Dynamic graph convolutional recurrent network for traffic prediction: Benchmark and solution},
  author={Li, Fuxian and Feng, Jie and Yan, Huan and Jin, Guangyin and Yang, Fan and Sun, Funing and Jin, Depeng and Li, Yong},
  journal={ACM Transactions on Knowledge Discovery from Data},
  volume={17},
  number={1},
  pages={1--21},
  year={2023},
  publisher={ACM New York, NY}
}

@inproceedings{jiang2021multi,
  title={Multi-task active learning for simultaneous emotion classification and regression},
  author={Jiang, Xue and Meng, Lubin and Wu, Dongrui},
  booktitle={2021 IEEE International Conference on Systems, Man, and Cybernetics (SMC)},
  pages={1947--1952},
  year={2021},
  organization={IEEE}
}

@article{li2022extreme,
  title={An Extreme-Adaptive Time Series Prediction Model Based on Probability-Enhanced LSTM Neural Networks},
  author={Li, Yanhong and Xu, Jack and Anastasiu, David C},
  journal={arXiv preprint arXiv:2211.15891},
  year={2022}
}

@inproceedings{nie2022time,
  title={A Time Series is Worth 64 Words: Long-term Forecasting with Transformers},
  author={Nie, Yuqi and Nguyen, Nam H and Sinthong, Phanwadee and Kalagnanam, Jayant},
  booktitle={The Eleventh International Conference on Learning Representations},
  year={2022}
}

@inproceedings{xu2023fits,
  title={FITS: Modeling Time Series with $10 k $ Parameters},
  author={Xu, Zhijian and Zeng, Ailing and Xu, Qiang},
  booktitle={The Twelfth International Conference on Learning Representations},
  year={2023}
}

@article{lu2024novel,
  title={A Novel Sequence-to-Sequence-Based Deep Learning Model for Multistep Load Forecasting},
  author={Lu, Renzhi and Bai, Ruichang and Li, Ruidong and Zhu, Lijun and Sun, Mingyang and Xiao, Feng and Wang, Dong and Wu, Huaming and Ding, Yuemin},
  journal={IEEE Transactions on Neural Networks and Learning Systems},
  year={2024},
  publisher={IEEE}
}

@article{guo2023multivariate,
  title={Multivariate time series forecasting using multiscale recurrent networks with scale attention and cross-scale guidance},
  author={Guo, Qiang and Fang, Lexin and Wang, Ren and Zhang, Caiming},
  journal={IEEE Transactions on Neural Networks and Learning Systems},
  year={2023},
  publisher={IEEE}
}

@inproceedings{eldeletslanet,
  title={TSLANet: Rethinking Transformers for Time Series Representation Learning},
  author={Eldele, Emadeldeen and Ragab, Mohamed and Chen, Zhenghua and Wu, Min and Li, Xiaoli},
  booktitle={Forty-first International Conference on Machine Learning},
  year={2024},
  organization={PMLR}
}

@article{yu2025mgsfformer,
  title={MGSFformer: A Multi-Granularity Spatiotemporal Fusion Transformer for air quality prediction},
  author={Yu, Chengqing and Wang, Fei and Wang, Yilun and Shao, Zezhi and Sun, Tao and Yao, Di and Xu, Yongjun},
  journal={Information Fusion},
  volume={113},
  pages={102607},
  year={2025},
  publisher={Elsevier}
}

@incollection{Bengio+chapter2007,
author = {Bengio, Yoshua and LeCun, Yann},
booktitle = {Large Scale Kernel Machines},
publisher = {MIT Press},
title = {Scaling Learning Algorithms Towards {AI}},
year = {2007}
}

@article{Hinton06,
author = {Hinton, Geoffrey E. and Osindero, Simon and Teh, Yee Whye},
journal = {Neural Computation},
pages = {1527--1554},
title = {A Fast Learning Algorithm for Deep Belief Nets},
volume = {18},
year = {2006}
}

@book{goodfellow2016deep,
title={Deep learning},
author={Goodfellow, Ian and Bengio, Yoshua and Courville, Aaron and Bengio, Yoshua},
volume={1},
year={2016},
publisher={MIT Press}
}


@article{xu2024beyond,
  title={Beyond Trend and Periodicity: Guiding Time Series Forecasting with Textual Cues},
  author={Xu, Zhijian and Bian, Yuxuan and Zhong, Jianyuan and Wen, Xiangyu and Xu, Qiang},
  journal={arXiv preprint arXiv:2405.13522},
  year={2024}
}

@article{chen2023tsmixer,
  title={TSMixer: An All-MLP Architecture for Time Series Forecasting},
  author={Chen, Si-An and Li, Chun-Liang and Arik, Sercan O and Yoder, Nathanael Christian and Pfister, Tomas},
  journal={Transactions on Machine Learning Research},
  year={2023}
}

@article{gruver2024large,
  title={Large language models are zero-shot time series forecasters},
  author={Gruver, Nate and Finzi, Marc and Qiu, Shikai and Wilson, Andrew G},
  journal={Advances in Neural Information Processing Systems},
  volume={36},
  year={2024}
}

@inproceedings{huang2024generative,
  title={Generative Learning for Financial Time Series with Irregular and Scale-Invariant Patterns},
  author={Huang, Hongbin and Chen, Minghua and Qiao, Xiao},
  booktitle={The Twelfth International Conference on Learning Representations},
  year={2024}
}

@inproceedings{long2024unveiling,
  title={Unveiling Delay Effects in Traffic Forecasting: A Perspective from Spatial-Temporal Delay Differential Equations},
  author={Long, Qingqing and Fang, Zheng and Fang, Chen and Chen, Chong and Wang, Pengfei and Zhou, Yuanchun},
  booktitle={Proceedings of the ACM on Web Conference 2024},
  pages={1035--1044},
  year={2024}
}

@inproceedings{zeng2023transformers,
  title={Are transformers effective for time series forecasting?},
  author={Zeng, Ailing and Chen, Muxi and Zhang, Lei and Xu, Qiang},
  booktitle={Proceedings of the AAAI conference on artificial intelligence},
  volume={37},
  number={9},
  pages={11121--11128},
  year={2023}
}

@inproceedings{kong2024spatio,
  title={Spatio-Temporal Pivotal Graph Neural Networks for Traffic Flow Forecasting},
  author={Kong, Weiyang and Guo, Ziyu and Liu, Yubao},
  booktitle={Proceedings of the AAAI Conference on Artificial Intelligence},
  volume={38},
  number={8},
  pages={8627--8635},
  year={2024}
}

@inproceedings{chen2023swinrdm,
  title={Swinrdm: integrate swinrnn with diffusion model towards high-resolution and high-quality weather forecasting},
  author={Chen, Lei and Du, Fei and Hu, Yuan and Wang, Zhibin and Wang, Fan},
  booktitle={Proceedings of the AAAI Conference on Artificial Intelligence},
  volume={37},
  number={1},
  pages={322--330},
  year={2023}
}

@article{bi2023accurate,
  title={Accurate medium-range global weather forecasting with 3D neural networks},
  author={Bi, Kaifeng and Xie, Lingxi and Zhang, Hengheng and Chen, Xin and Gu, Xiaotao and Tian, Qi},
  journal={Nature},
  volume={619},
  number={7970},
  pages={533--538},
  year={2023},
  publisher={Nature Publishing Group UK London}
}

@article{wu2023interpretable,
  title={Interpretable weather forecasting for worldwide stations with a unified deep model},
  author={Wu, Haixu and Zhou, Hang and Long, Mingsheng and Wang, Jianmin},
  journal={Nature Machine Intelligence},
  volume={5},
  number={6},
  pages={602--611},
  year={2023},
  publisher={Nature Publishing Group UK London}
}

@article{wang2023accurate,
  title={An Accurate and interpretable framework for trustworthy process monitoring},
  author={Wang, Hao and Wang, Zhiyu and Niu, Yunlong and Liu, Zhaoran and Li, Haozhe and Liao, Yilin and Huang, Yuxin and Liu, Xinggao},
  journal={IEEE Transactions on Artificial Intelligence},
  year={2023},
  publisher={IEEE}
}

@article{lam2023learning,
  title={Learning skillful medium-range global weather forecasting},
  author={Lam, Remi and Sanchez-Gonzalez, Alvaro and Willson, Matthew and Wirnsberger, Peter and Fortunato, Meire and Alet, Ferran and Ravuri, Suman and Ewalds, Timo and Eaton-Rosen, Zach and Hu, Weihua and others},
  journal={Science},
  volume={382},
  number={6677},
  pages={1416--1421},
  year={2023},
  publisher={American Association for the Advancement of Science}
}

@article{wang2024fredf,
  title={FreDF: Learning to Forecast in Frequency Domain},
  author={Wang, Hao and Pan, Licheng and Chen, Zhichao and Yang, Degui and Zhang, Sen and Yang, Yifei and Liu, Xinggao and Li, Haoxuan and Tao, Dacheng},
  journal={arXiv preprint arXiv:2402.02399},
  year={2024}
}

@article{qi2024enhancing,
  title={Enhancing Multivariate Time Series Forecasting with Mutual Information-driven Cross-Variable and Temporal Modeling},
  author={Qi, Shiyi and Wen, Liangjian and Li, Yiduo and Yang, Yuanhang and Li, Zhe and Rao, Zhongwen and Pan, Lujia and Xu, Zenglin},
  journal={arXiv preprint arXiv:2403.00869},
  year={2024}
}

@article{lin2023petformer,
  title={Petformer: Long-term time series forecasting via placeholder-enhanced transformer},
  author={Lin, Shengsheng and Lin, Weiwei and Wu, Wentai and Wang, Songbo and Wang, Yongxiang},
  journal={arXiv preprint arXiv:2308.04791},
  year={2023}
}

@article{xiong2024tdt,
  title={TDT Loss Takes It All: Integrating Temporal Dependencies among Targets into Non-Autoregressive Time Series Forecasting},
  author={Xiong, Qi and Tang, Kai and Ma, Minbo and Xu, Jie and Li, Tianrui},
  journal={arXiv preprint arXiv:2406.04777},
  year={2024}
}

@article{wang2023time2state,
  title={Time2state: An unsupervised framework for inferring the latent states in time series data},
  author={Wang, Chengyu and Wu, Kui and Zhou, Tongqing and Cai, Zhiping},
  journal={Proceedings of the ACM on Management of Data},
  volume={1},
  number={1},
  pages={1--18},
  year={2023},
  publisher={ACM New York, NY, USA}
}

@inproceedings{lai2024e2usd,
  title={E2Usd: Efficient-yet-effective Unsupervised State Detection for Multivariate Time Series},
  author={Lai, Zhichen and Li, Huan and Zhang, Dalin and Zhao, Yan and Qian, Weizhu and Jensen, Christian S},
  booktitle={Proceedings of the ACM on Web Conference 2024},
  pages={3010--3021},
  year={2024}
}

@inproceedings{sanakoyeu2019divide,
  title={Divide and conquer the embedding space for metric learning},
  author={Sanakoyeu, Artsiom and Tschernezki, Vadim and Buchler, Uta and Ommer, Bjorn},
  booktitle={Proceedings of the ieee/cvf conference on computer vision and pattern recognition},
  pages={471--480},
  year={2019}
}

@inproceedings{zhou2021informer,
  title={Informer: Beyond efficient transformer for long sequence time-series forecasting},
  author={Zhou, Haoyi and Zhang, Shanghang and Peng, Jieqi and Zhang, Shuai and Li, Jianxin and Xiong, Hui and Zhang, Wancai},
  booktitle={Proceedings of the AAAI conference on artificial intelligence},
  volume={35},
  number={12},
  pages={11106--11115},
  year={2021}
}

@article{wu2021autoformer,
  title={Autoformer: Decomposition transformers with auto-correlation for long-term series forecasting},
  author={Wu, Haixu and Xu, Jiehui and Wang, Jianmin and Long, Mingsheng},
  journal={Advances in neural information processing systems},
  volume={34},
  pages={22419--22430},
  year={2021}
}

@inproceedings{liu2024itransformer,
  title={iTransformer: Inverted Transformers Are Effective for Time Series Forecasting},
  author={Yong Liu and Tengge Hu and Haoran Zhang and Haixu Wu and Shiyu Wang and Lintao Ma and Mingsheng Long},
  booktitle={The Twelfth International Conference on Learning Representations},
  year={2024},
  url={https://openreview.net/forum?id=JePfAI8fah}
}

@inproceedings{nie2023a,
  title={A Time Series is Worth 64 Words:  Long-term Forecasting with Transformers},
  author={Yuqi Nie and Nam H Nguyen and Phanwadee Sinthong and Jayant Kalagnanam},
  booktitle={The Eleventh International Conference on Learning Representations },
  year={2023},
  url={https://openreview.net/forum?id=Jbdc0vTOcol}
}

@article{vaswani2017attention,
  title={Attention is all you need},
  author={Vaswani, Ashish and Shazeer, Noam and Parmar, Niki and Uszkoreit, Jakob and Jones, Llion and Gomez, Aidan N and Kaiser, {\L}ukasz and Polosukhin, Illia},
  journal={Advances in neural information processing systems},
  volume={30},
  year={2017}
}

@inproceedings{zhou2022fedformer,
  title={Fedformer: Frequency enhanced decomposed transformer for long-term series forecasting},
  author={Zhou, Tian and Ma, Ziqing and Wen, Qingsong and Wang, Xue and Sun, Liang and Jin, Rong},
  booktitle={International conference on machine learning},
  pages={27268--27286},
  year={2022},
  organization={PMLR}
}

@inproceedings{liu2021pyraformer,
  title={Pyraformer: Low-complexity pyramidal attention for long-range time series modeling and forecasting},
  author={Liu, Shizhan and Yu, Hang and Liao, Cong and Li, Jianguo and Lin, Weiyao and Liu, Alex X and Dustdar, Schahram},
  booktitle={International conference on learning representations},
  year={2021}
}

@article{bian2024multi,
  title={Multi-patch prediction: Adapting llms for time series representation learning},
  author={Bian, Yuxuan and Ju, Xuan and Li, Jiangtong and Xu, Zhijian and Cheng, Dawei and Xu, Qiang},
  journal={arXiv preprint arXiv:2402.04852},
  year={2024}
}

@inproceedings{eldele2024tslanet,
  title={{TSLAN}et: Rethinking Transformers for Time Series Representation Learning},
  author={Emadeldeen Eldele and Mohamed Ragab and Zhenghua Chen and Min Wu and Xiaoli Li},
  booktitle={Forty-first International Conference on Machine Learning},
  year={2024},
  url={https://openreview.net/forum?id=CGR3vpX63X}
}

@article{jacobs1991adaptive,
  title={Adaptive mixtures of local experts},
  author={Jacobs, Robert A and Jordan, Michael I and Nowlan, Steven J and Hinton, Geoffrey E},
  journal={Neural computation},
  volume={3},
  number={1},
  pages={79--87},
  year={1991},
  publisher={MIT Press}
}

@article{dai2024deepseekmoe,
  title={Deepseekmoe: Towards ultimate expert specialization in mixture-of-experts language models},
  author={Dai, Damai and Deng, Chengqi and Zhao, Chenggang and Xu, RX and Gao, Huazuo and Chen, Deli and Li, Jiashi and Zeng, Wangding and Yu, Xingkai and Wu, Y and others},
  journal={arXiv preprint arXiv:2401.06066},
  year={2024}
}

@inproceedings{chen2023mod,
  title={Mod-squad: Designing mixtures of experts as modular multi-task learners},
  author={Chen, Zitian and Shen, Yikang and Ding, Mingyu and Chen, Zhenfang and Zhao, Hengshuang and Learned-Miller, Erik G and Gan, Chuang},
  booktitle={Proceedings of the IEEE/CVF Conference on Computer Vision and Pattern Recognition},
  pages={11828--11837},
  year={2023}
}

@inproceedings{shazeer2017,
  title={ Outrageously Large Neural Networks: The Sparsely-Gated Mixture-of-Experts Layer},
  author={Noam Shazeer and *Azalia Mirhoseini and *Krzysztof Maziarz and Andy Davis and Quoc Le and Geoffrey Hinton and Jeff Dean},
  booktitle={International Conference on Learning Representations},
  year={2017},
  url={https://openreview.net/forum?id=B1ckMDqlg}
}

@inproceedings{lepikhin2021gshard,
  title={{\{}GS{\}}hard: Scaling Giant Models with Conditional Computation and Automatic Sharding},
  author={Dmitry Lepikhin and HyoukJoong Lee and Yuanzhong Xu and Dehao Chen and Orhan Firat and Yanping Huang and Maxim Krikun and Noam Shazeer and Zhifeng Chen},
  booktitle={International Conference on Learning Representations},
  year={2021},
  url={https://openreview.net/forum?id=qrwe7XHTmYb}
}

@article{mustafa2022multimodal,
  title={Multimodal contrastive learning with limoe: the language-image mixture of experts},
  author={Mustafa, Basil and Riquelme, Carlos and Puigcerver, Joan and Jenatton, Rodolphe and Houlsby, Neil},
  journal={Advances in Neural Information Processing Systems},
  volume={35},
  pages={9564--9576},
  year={2022}
}

@article{fedus2022switch,
  title={Switch transformers: Scaling to trillion parameter models with simple and efficient sparsity},
  author={Fedus, William and Zoph, Barret and Shazeer, Noam},
  journal={Journal of Machine Learning Research},
  volume={23},
  number={120},
  pages={1--39},
  year={2022}
}

@inproceedings{du2022glam,
  title={Glam: Efficient scaling of language models with mixture-of-experts},
  author={Du, Nan and Huang, Yanping and Dai, Andrew M and Tong, Simon and Lepikhin, Dmitry and Xu, Yuanzhong and Krikun, Maxim and Zhou, Yanqi and Yu, Adams Wei and Firat, Orhan and others},
  booktitle={International Conference on Machine Learning},
  pages={5547--5569},
  year={2022},
  organization={PMLR}
}

@article{bao2022vlmo,
  title={Vlmo: Unified vision-language pre-training with mixture-of-modality-experts},
  author={Bao, Hangbo and Wang, Wenhui and Dong, Li and Liu, Qiang and Mohammed, Owais Khan and Aggarwal, Kriti and Som, Subhojit and Piao, Songhao and Wei, Furu},
  journal={Advances in Neural Information Processing Systems},
  volume={35},
  pages={32897--32912},
  year={2022}
}

@article{zhu2022uni,
  title={Uni-perceiver-moe: Learning sparse generalist models with conditional moes},
  author={Zhu, Jinguo and Zhu, Xizhou and Wang, Wenhai and Wang, Xiaohua and Li, Hongsheng and Wang, Xiaogang and Dai, Jifeng},
  journal={Advances in Neural Information Processing Systems},
  volume={35},
  pages={2664--2678},
  year={2022}
}

@article{you2021speechmoe,
  title={Speechmoe: Scaling to large acoustic models with dynamic routing mixture of experts},
  author={You, Zhao and Feng, Shulin and Su, Dan and Yu, Dong},
  journal={arXiv preprint arXiv:2105.03036},
  year={2021}
}

@inproceedings{you2022speechmoe2,
  title={Speechmoe2: Mixture-of-experts model with improved routing},
  author={You, Zhao and Feng, Shulin and Su, Dan and Yu, Dong},
  booktitle={ICASSP 2022-2022 IEEE International Conference on Acoustics, Speech and Signal Processing (ICASSP)},
  pages={7217--7221},
  year={2022},
  organization={IEEE}
}

@article{riquelme2021scaling,
  title={Scaling vision with sparse mixture of experts},
  author={Riquelme, Carlos and Puigcerver, Joan and Mustafa, Basil and Neumann, Maxim and Jenatton, Rodolphe and Susano Pinto, Andr{\'e} and Keysers, Daniel and Houlsby, Neil},
  journal={Advances in Neural Information Processing Systems},
  volume={34},
  pages={8583--8595},
  year={2021}
}

@inproceedings{yu2024boosting,
  title={Boosting continual learning of vision-language models via mixture-of-experts adapters},
  author={Yu, Jiazuo and Zhuge, Yunzhi and Zhang, Lu and Hu, Ping and Wang, Dong and Lu, Huchuan and He, You},
  booktitle={Proceedings of the IEEE/CVF Conference on Computer Vision and Pattern Recognition},
  pages={23219--23230},
  year={2024}
}

@InProceedings{Ma_2024_CVPR,
    author    = {Ma, Jiawei and Huang, Po-Yao and Xie, Saining and Li, Shang-Wen and Zettlemoyer, Luke and Chang, Shih-Fu and Yih, Wen-Tau and Xu, Hu},
    title     = {MoDE: CLIP Data Experts via Clustering},
    booktitle = {Proceedings of the IEEE/CVF Conference on Computer Vision and Pattern Recognition},
    month     = {June},
    year      = {2024},
    pages     = {26354-26363}
}

@inproceedings{lee-thorp-ainslie-2022-sparse,
    title = "Sparse Mixers: Combining {M}o{E} and Mixing to build a more efficient {BERT}",
    author = "Lee-Thorp, James  and
      Ainslie, Joshua",
    booktitle = "Findings of the Association for Computational Linguistics: EMNLP 2022",
    month = dec,
    year = "2022",
    address = "Abu Dhabi, United Arab Emirates",
    publisher = "Association for Computational Linguistics",
    url = "https://aclanthology.org/2022.findings-emnlp.5",
    doi = "10.18653/v1/2022.findings-emnlp.5",
    pages = "58--75",
}


@article{puigcerver2023sparse,
  title={From sparse to soft mixtures of experts},
  author={Puigcerver, Joan and Riquelme, Carlos and Mustafa, Basil and Houlsby, Neil},
  journal={arXiv preprint arXiv:2308.00951},
  year={2023}
}

@article{jiang2024mixtral,
  title={Mixtral of experts},
  author={Jiang, Albert Q and Sablayrolles, Alexandre and Roux, Antoine and Mensch, Arthur and Savary, Blanche and Bamford, Chris and Chaplot, Devendra Singh and Casas, Diego de las and Hanna, Emma Bou and Bressand, Florian and others},
  journal={arXiv preprint arXiv:2401.04088},
  year={2024}
}

@article{lepikhin2020gshard,
  title={Gshard: Scaling giant models with conditional computation and automatic sharding},
  author={Lepikhin, Dmitry and Lee, HyoukJoong and Xu, Yuanzhong and Chen, Dehao and Firat, Orhan and Huang, Yanping and Krikun, Maxim and Shazeer, Noam and Chen, Zhifeng},
  journal={arXiv preprint arXiv:2006.16668},
  year={2020}
}

@inproceedings{ro2024moemamba,
  title={MoE-Mamba: Efficient Selective State Space Models with Mixture of Experts},
  author={Maciej Pi{\'o}ro and Kamil Ciebiera and Krystian Kr{\'o}l and Jan Ludziejewski and Micha{\l} Krutul and Jakub Krajewski and Szymon Antoniak and Piotr Mi{\l}o{\'s} and Marek Cygan and Sebastian Jaszczur},
  booktitle={ICLR 2024 Workshop on Mathematical and Empirical Understanding of Foundation Models},
  year={2024},
  url={https://openreview.net/forum?id=LRp8rCaYH7}
}

@inproceedings{anthony2024blackmamba,
  title={BlackMamba: Mixture of Experts for State-Space Models},
  author={Quentin Gregory Anthony and Yury Tokpanov and Paolo Glorioso and Beren Millidge},
  booktitle={ICLR 2024 Workshop on Mathematical and Empirical Understanding of Foundation Models},
  year={2024},
  url={https://openreview.net/forum?id=10dsmPgq9L}
}

@article{wang2024mamba,
  title={Is Mamba Effective for Time Series Forecasting?},
  author={Wang, Zihan and Kong, Fanheng and Feng, Shi and Wang, Ming and Zhao, Han and Wang, Daling and Zhang, Yifei},
  journal={arXiv preprint arXiv:2403.11144},
  year={2024}
}

@article{li2023revisiting,
  title={Revisiting long-term time series forecasting: An investigation on linear mapping},
  author={Li, Zhe and Qi, Shiyi and Li, Yiduo and Xu, Zenglin},
  journal={arXiv preprint arXiv:2305.10721},
  year={2023}
}

@article{kingma2014adam,
  title={Adam: A method for stochastic optimization},
  author={Kingma, Diederik P and Ba, Jimmy},
  journal={arXiv preprint arXiv:1412.6980},
  year={2014}
}

@article{paszke2019pytorch,
  title={Pytorch: An imperative style, high-performance deep learning library},
  author={Paszke, Adam and Gross, Sam and Massa, Francisco and Lerer, Adam and Bradbury, James and Chanan, Gregory and Killeen, Trevor and Lin, Zeming and Gimelshein, Natalia and Antiga, Luca and others},
  journal={Advances in neural information processing systems},
  volume={32},
  year={2019}
}

@inproceedings{zhang2023crossformer,
  title={Crossformer: Transformer utilizing cross-dimension dependency for multivariate time series forecasting},
  author={Zhang, Yunhao and Yan, Junchi},
  booktitle={The eleventh international conference on learning representations},
  year={2023}
}

@article{das2023long,
  title={Long-term forecasting with tide: Time-series dense encoder},
  author={Das, Abhimanyu and Kong, Weihao and Leach, Andrew and Mathur, Shaan and Sen, Rajat and Yu, Rose},
  journal={arXiv preprint arXiv:2304.08424},
  year={2023}
}

@inproceedings{wutimesnet,
  title={TimesNet: Temporal 2D-Variation Modeling for General Time Series Analysis},
  author={Wu, Haixu and Hu, Tengge and Liu, Yong and Zhou, Hang and Wang, Jianmin and Long, Mingsheng},
  booktitle={The Eleventh International Conference on Learning Representations},
  year={2023}
}

@inproceedings{kim2021reversible,
  title={Reversible instance normalization for accurate time-series forecasting against distribution shift},
  author={Kim, Taesung and Kim, Jinhee and Tae, Yunwon and Park, Cheonbok and Choi, Jang-Ho and Choo, Jaegul},
  booktitle={International Conference on Learning Representations},
  year={2021}
}

@inproceedings{huang2024hdmixer,
  title={Hdmixer: Hierarchical dependency with extendable patch for multivariate time series forecasting},
  author={Huang, Qihe and Shen, Lei and Zhang, Ruixin and Cheng, Jiahuan and Ding, Shouhong and Zhou, Zhengyang and Wang, Yang},
  booktitle={Proceedings of the AAAI Conference on Artificial Intelligence},
  volume={38},
  number={11},
  pages={12608--12616},
  year={2024}
}

@inproceedings{ekambaram2023tsmixer,
  title={Tsmixer: Lightweight mlp-mixer model for multivariate time series forecasting},
  author={Ekambaram, Vijay and Jati, Arindam and Nguyen, Nam and Sinthong, Phanwadee and Kalagnanam, Jayant},
  booktitle={Proceedings of the 29th ACM SIGKDD Conference on Knowledge Discovery and Data Mining},
  pages={459--469},
  year={2023}
}

@inproceedings{li2021synergetic,
  title={Synergetic learning of heterogeneous temporal sequences for multi-horizon probabilistic forecasting},
  author={Li, Longyuan and Zhang, Jihai and Yan, Junchi and Jin, Yaohui and Zhang, Yunhao and Duan, Yanjie and Tian, Guangjian},
  booktitle={Proceedings of the AAAI Conference on Artificial Intelligence},
  volume={35},
  number={10},
  pages={8420--8428},
  year={2021}
}

@inproceedings{wu2020connecting,
  title={Connecting the dots: Multivariate time series forecasting with graph neural networks},
  author={Wu, Zonghan and Pan, Shirui and Long, Guodong and Jiang, Jing and Chang, Xiaojun and Zhang, Chengqi},
  booktitle={Proceedings of the 26th ACM SIGKDD international conference on knowledge discovery \& data mining},
  pages={753--763},
  year={2020}
}

@inproceedings{liu2023cross,
  title={Cross-city few-shot traffic forecasting via traffic pattern bank},
  author={Liu, Zhanyu and Zheng, Guanjie and Yu, Yanwei},
  booktitle={Proceedings of the 32nd ACM International Conference on Information and Knowledge Management},
  pages={1451--1460},
  year={2023}
}

@inproceedings{wolf2020transformers,
  title={Transformers: State-of-the-art natural language processing},
  author={Wolf, Thomas and Debut, Lysandre and Sanh, Victor and Chaumond, Julien and Delangue, Clement and Moi, Anthony and Cistac, Pierric and Rault, Tim and Louf, R{\'e}mi and Funtowicz, Morgan and others},
  booktitle={Proceedings of the 2020 conference on empirical methods in natural language processing: system demonstrations},
  pages={38--45},
  year={2020}
}

@inproceedings{radford2021learning,
  title={Learning transferable visual models from natural language supervision},
  author={Radford, Alec and Kim, Jong Wook and Hallacy, Chris and Ramesh, Aditya and Goh, Gabriel and Agarwal, Sandhini and Sastry, Girish and Askell, Amanda and Mishkin, Pamela and Clark, Jack and others},
  booktitle={International conference on machine learning},
  pages={8748--8763},
  year={2021},
  organization={PMLR}
}

@article{wang2022neural,
  title={A neural corpus indexer for document retrieval},
  author={Wang, Yujing and Hou, Yingyan and Wang, Haonan and Miao, Ziming and Wu, Shibin and Chen, Qi and Xia, Yuqing and Chi, Chengmin and Zhao, Guoshuai and Liu, Zheng and others},
  journal={Advances in Neural Information Processing Systems},
  volume={35},
  pages={25600--25614},
  year={2022}
}

@inproceedings{li2022blip,
  title={Blip: Bootstrapping language-image pre-training for unified vision-language understanding and generation},
  author={Li, Junnan and Li, Dongxu and Xiong, Caiming and Hoi, Steven},
  booktitle={International conference on machine learning},
  pages={12888--12900},
  year={2022},
  organization={PMLR}
}

@inproceedings{wang2023image,
  title={Image as a foreign language: Beit pretraining for vision and vision-language tasks},
  author={Wang, Wenhui and Bao, Hangbo and Dong, Li and Bjorck, Johan and Peng, Zhiliang and Liu, Qiang and Aggarwal, Kriti and Mohammed, Owais Khan and Singhal, Saksham and Som, Subhojit and others},
  booktitle={Proceedings of the IEEE/CVF Conference on Computer Vision and Pattern Recognition},
  pages={19175--19186},
  year={2023}
}

@article{hornik1991approximation,
  title={Approximation capabilities of multilayer feedforward networks},
  author={Hornik, Kurt},
  journal={Neural networks},
  volume={4},
  number={2},
  pages={251--257},
  year={1991},
  publisher={Elsevier}
}

@article{zhou2022film,
  title={Film: Frequency improved legendre memory model for long-term time series forecasting},
  author={Zhou, Tian and Ma, Ziqing and Wen, Qingsong and Sun, Liang and Yao, Tao and Yin, Wotao and Jin, Rong and others},
  journal={Advances in neural information processing systems},
  volume={35},
  pages={12677--12690},
  year={2022}
}

@inproceedings{xu2024fits,
   title={{FITS}: Modeling Time Series with \$10k\$ Parameters},
  author={Zhijian Xu and Ailing Zeng and Qiang Xu},
  booktitle={The Twelfth International Conference on Learning Representations},
  year={2024},
  url={https://openreview.net/forum?id=bWcnvZ3qMb}
}

@article{yi2024frequency,
  title={Frequency-domain MLPs are more effective learners in time series forecasting},
  author={Yi, Kun and Zhang, Qi and Fan, Wei and Wang, Shoujin and Wang, Pengyang and He, Hui and An, Ning and Lian, Defu and Cao, Longbing and Niu, Zhendong},
  journal={Advances in Neural Information Processing Systems},
  volume={36},
  year={2024}
}

@article{sun2022fredo,
  title={Fredo: frequency domain-based long-term time series forecasting},
  author={Sun, Fan-Keng and Boning, Duane S},
  journal={arXiv preprint arXiv:2205.12301},
  year={2022}
}

@article{luo2023tfdnet,
  title={TFDNet: Time-Frequency Enhanced Decomposed Network for Long-term Time Series Forecasting},
  author={Luo, Yuxiao and Lyu, Ziyu and Huang, Xingyu},
  journal={arXiv preprint arXiv:2308.13386},
  year={2023}
}

@inproceedings{fan2023dish,
  title={Dish-ts: a general paradigm for alleviating distribution shift in time series forecasting},
  author={Fan, Wei and Wang, Pengyang and Wang, Dongkun and Wang, Dongjie and Zhou, Yuanchun and Fu, Yanjie},
  booktitle={Proceedings of the AAAI conference on artificial intelligence},
  volume={37},
  number={6},
  pages={7522--7529},
  year={2023}
}

@inproceedings{han2024sin,
  title={{SIN}: Selective and Interpretable Normalization for Long-Term Time Series Forecasting},
  author={Lu Han and Han-Jia Ye and De-Chuan Zhan},
  booktitle={Forty-first International Conference on Machine Learning},
  year={2024},
  url={https://openreview.net/forum?id=cUMOVfOIve}
}

@article{liu2024adaptive,
  title={Adaptive normalization for non-stationary time series forecasting: A temporal slice perspective},
  author={Liu, Zhiding and Cheng, Mingyue and Li, Zhi and Huang, Zhenya and Liu, Qi and Xie, Yanhu and Chen, Enhong},
  journal={Advances in Neural Information Processing Systems},
  volume={36},
  year={2023}
}

@article{passalis2019deep,
  title={Deep adaptive input normalization for time series forecasting},
  author={Passalis, Nikolaos and Tefas, Anastasios and Kanniainen, Juho and Gabbouj, Moncef and Iosifidis, Alexandros},
  journal={IEEE transactions on neural networks and learning systems},
  volume={31},
  number={9},
  pages={3760--3765},
  year={2019},
  publisher={IEEE}
}

@inproceedings{ogasawara2010adaptive,
  title={Adaptive normalization: A novel data normalization approach for non-stationary time series},
  author={Ogasawara, Eduardo and Martinez, Leonardo C and De Oliveira, Daniel and Zimbr{\~a}o, Geraldo and Pappa, Gisele L and Mattoso, Marta},
  booktitle={The 2010 International Joint Conference on Neural Networks (IJCNN)},
  pages={1--8},
  year={2010},
  organization={IEEE}
}

@inproceedings{lee2022fnet,
  title={FNet: Mixing Tokens with Fourier Transforms},
  author={Lee-Thorp, James and Ainslie, Joshua and Eckstein, Ilya and Ontanon, Santiago},
  booktitle={Proceedings of the 2022 Conference of the North American Chapter of the Association for Computational Linguistics: Human Language Technologies},
  pages={4296--4313},
  year={2022}
}

@article{chen2024joint,
  title={A Joint Time-Frequency Domain Transformer for multivariate time series forecasting},
  author={Chen, Yushu and Liu, Shengzhuo and Yang, Jinzhe and Jing, Hao and Zhao, Wenlai and Yang, Guangwen},
  journal={Neural Networks},
  volume={176},
  pages={106334},
  year={2024},
  publisher={Elsevier}
}

@article{yan2024multi,
  title={Multi-Resolution Expansion of Analysis in Time-Frequency Domain for Time Series Forecasting},
  author={Yan, Kaiwen and Long, Chen and Wu, Huisi and Wen, Zhenkun},
  journal={IEEE Transactions on Knowledge and Data Engineering},
  year={2024},
  publisher={IEEE}
}

@article{yang2020adaptive,
  title={Adaptive temporal-frequency network for time-series forecasting},
  author={Yang, Zhangjing and Yan, Weiwu and Huang, Xiaolin and Mei, Lin},
  journal={IEEE Transactions on Knowledge and Data Engineering},
  volume={34},
  number={4},
  pages={1576--1587},
  year={2020},
  publisher={IEEE}
}

@article{lim2021time,
  title={Time-series forecasting with deep learning: a survey},
  author={Lim, Bryan and Zohren, Stefan},
  journal={Philosophical Transactions of the Royal Society A},
  volume={379},
  number={2194},
  pages={20200209},
  year={2021},
  publisher={The Royal Society Publishing}
}

@article{liu2024deep,
  title={Deep Time Series Forecasting Models: A Comprehensive Survey},
  author={Liu, Xinhe and Wang, Wenmin},
  journal={Mathematics},
  volume={12},
  number={10},
  pages={1504},
  year={2024},
  publisher={MDPI}
}

@article{qiu2024tfb,
  title   = {TFB: Towards Comprehensive and Fair Benchmarking of Time Series Forecasting Methods},
  author  = {Xiangfei Qiu and Jilin Hu and Lekui Zhou and Xingjian Wu and Junyang Du and Buang Zhang and Chenjuan Guo and Aoying Zhou and Christian S. Jensen and Zhenli Sheng and Bin Yang},
  journal = {Proc. {VLDB} Endow.},
  volume  = {17},
  number  = {9},
  pages   = {2363--2377},
  year    = {2024}
}

@inproceedings{woo2024unified,
  title={Unified Training of Universal Time Series Forecasting Transformers},
  author={Gerald Woo and Chenghao Liu and Akshat Kumar and Caiming Xiong and Silvio Savarese and Doyen Sahoo},
  booktitle={Forty-first International Conference on Machine Learning},
  year={2024},
  url={https://openreview.net/forum?id=Yd8eHMY1wz}
}

@inproceedings{jin2024timellm,
  title={Time-{LLM}: Time Series Forecasting by Reprogramming Large Language Models},
  author={Ming Jin and Shiyu Wang and Lintao Ma and Zhixuan Chu and James Y. Zhang and Xiaoming Shi and Pin-Yu Chen and Yuxuan Liang and Yuan-Fang Li and Shirui Pan and Qingsong Wen},
  booktitle={The Twelfth International Conference on Learning Representations},
  year={2024},
  url={https://openreview.net/forum?id=Unb5CVPtae}
}

@inproceedings{luo2024moderntcn,
  title={Moderntcn: A modern pure convolution structure for general time series analysis},
  author={Luo, Donghao and Wang, Xue},
  booktitle={The Twelfth International Conference on Learning Representations},
  year={2024}
}

@article{lu2018learning,
  title={Learning under concept drift: A review},
  author={Lu, Jie and Liu, Anjin and Dong, Fan and Gu, Feng and Gama, Joao and Zhang, Guangquan},
  journal={IEEE transactions on knowledge and data engineering},
  volume={31},
  number={12},
  pages={2346--2363},
  year={2018},
  publisher={IEEE}
}

@article{liu2022non,
  title={Non-stationary transformers: Exploring the stationarity in time series forecasting},
  author={Liu, Yong and Wu, Haixu and Wang, Jianmin and Long, Mingsheng},
  journal={Advances in Neural Information Processing Systems},
  volume={35},
  pages={9881--9893},
  year={2022}
}

@article{chen2023calibration,
  title={Calibration of Time-Series Forecasting Transformers: Detecting and Adapting Context-Driven Distribution Shift},
  author={Chen, Mouxiang and Shen, Lefei and Fu, Han and Li, Zhuo and Sun, Jianling and Liu, Chenghao},
  journal={arXiv preprint arXiv:2310.14838},
  year={2023}
}

@article{yu2023koopman,
  title={Koopman Neural Forecaster for Time-series with Temporal Distribution Shifts},
  author={Yu, Qi Rose and Wang, Ray and Arik, Sercan and Dong, Yihe},
  journal={Proceedings of ICLR},
  volume={2},
  year={2023}
}

@article{liu2024koopa,
  title={Koopa: Learning non-stationary time series dynamics with koopman predictors},
  author={Liu, Yong and Li, Chenyu and Wang, Jianmin and Long, Mingsheng},
  journal={Advances in Neural Information Processing Systems},
  volume={36},
  year={2024}
}

@inproceedings{wang2024considering,
  title={Considering Nonstationary within Multivariate Time Series with Variational Hierarchical Transformer for Forecasting},
  author={Wang, Muyao and Chen, Wenchao and Chen, Bo},
  booktitle={Proceedings of the AAAI Conference on Artificial Intelligence},
  volume={38},
  number={14},
  pages={15563--15570},
  year={2024}
}

@article{dempster2020rocket,
  title={ROCKET: exceptionally fast and accurate time series classification using random convolutional kernels},
  author={Dempster, Angus and Petitjean, Fran{\c{c}}ois and Webb, Geoffrey I},
  journal={Data Mining and Knowledge Discovery},
  volume={34},
  number={5},
  pages={1454--1495},
  year={2020},
  publisher={Springer}
}