@article{Bauer-FoVolNet-TVCG23,
  title={{FoVolNet}: Fast Volume Rendering using Foveated Deep Neural Networks},
  author={David Bauer and Qi Wu and Kwan-Liu Ma},
  journal={IEEE Transactions on Visualization and Computer Graphics},
  year={2023},
  volume={29},
  number={1},
  pages={515-525}
}

@article{Berger-TFGAN-TVCG19,
  author="Berger, Matthew and Li, Jixian and Levine, Joshua A.",
  journal="IEEE Transactions on Visualization and Computer Graphics", 
  title="A Generative Model for Volume Rendering", 
  year="2019",
  volume="25",
  number="4",
  pages="1636-1650"
}

@inproceedings{BlockGAN,
  author = "Nguyen-Phuoc, Thu and Richardt, Christian and Mai, Long and Yang, Yong-Liang and Mitra, Niloy",
  title = "{BlockGAN}: Learning {3D} Object-Aware Scene Representations from Unlabelled Images",
  year = "2020",
  booktitle = "Proceedings of Advances in Neural Information Processing Systems"
}

@inproceedings{Cao-HexPlane-CVPR23,
  author    = {Cao, Ang and Johnson, Justin},
  title     = {{HexPlane}: A Fast Representation for Dynamic Scenes},
  booktitle   = {Proceedings of IEEE Conference on Computer Vision and Pattern Recognition},
  year      = {2023},
  pages = {130-141}
}

@InProceedings{Chan-EG3D-CVPR22,
  author    = {Chan, Eric R. and Lin, Connor Z. and Chan, Matthew A. and Nagano, Koki and Pan, Boxiao and De Mello, Shalini and Gallo, Orazio and Guibas, Leonidas J. and Tremblay, Jonathan and Khamis, Sameh and Karras, Tero and Wetzstein, Gordon},
  title     = {Efficient Geometry-Aware {3D} Generative Adversarial Networks},
  booktitle = {Proceedings of IEEE Conference on Computer Vision and Pattern Recognition},
  year      = {2022},
  pages     = {16123-16133}
}

@inproceedings{Chan-PiGAN-CVPR21,
  author    = {Chan, Eric R. and Monteiro, Marco and Kellnhofer, Petr and Wu, Jiajun and Wetzstein, Gordon},
  title     = {{Pi-GAN}: Periodic Implicit Generative Adversarial Networks for {3D}-Aware Image Synthesis},
  booktitle = {Proceedings of IEEE Conference on Computer Vision and Pattern Recognition},
  year      = {2021},
  pages     = {5799-5809}
}

@INPROCEEDINGS{Chen-TensoRF-ECCV22,
  author = {Anpei Chen and Zexiang Xu and Andreas Geiger and Jingyi Yu and Hao Su},
  title = {{TensoRF}: Tensorial Radiance Fields},
  booktitle = {Proceedings of European Conference on Computer Vision},
  year = {2022},
  pages = {333-350}
}

@inproceedings{ControllableGAN,
  title="Towards unsupervised learning of generative models for {3D} controllable image synthesis",
  author="Liao, Yiyi and Schwarz, Katja and Mescheder, Lars and Geiger, Andreas",
  booktitle="Proceedings of IEEE Conference on Computer Vision and Pattern Recognition",
  pages="5871-5880",
  year="2020"
}

@inproceedings{Devries-GSN-ICCV21,
  title={Unconstrained Scene Generation with Locally Conditioned Radiance Fields},
  author={Terrance Devries and Miguel {\'A}ngel Bautista and Nitish Srivastava and Graham W. Taylor and Joshua M. Susskind},
  booktitle={Proceedings of IEEE International Conference on Computer Vision},
  year={2021},
  pages={14284-14293}
}

@inproceedings{Fridovich-Keil-K-Planes-CVPR23,
  title={{K-Planes}: Explicit Radiance Fields in Space, Time, and Appearance},
  author={{Sara Fridovich-Keil and Giacomo Meanti} and Frederik Rahb√¶k Warburg and Benjamin Recht and Angjoo Kanazawa},
  year={2023},
  booktitle={Proceedings of IEEE Conference on Computer Vision and Pattern Recognition},
  pages = {12479-12488}
}

@InProceedings{Fridovich-Keil-Plenoxels-CVPR22,
  author    = {Fridovich-Keil, Sara and Yu, Alex and Tancik, Matthew and Chen, Qinhong and Recht, Benjamin and Kanazawa, Angjoo},
  title     = {Plenoxels: Radiance Fields Without Neural Networks},
  booktitle = {Proceedings of IEEE Conference on Computer Vision and Pattern Recognition},
  year      = {2022},
  pages     = {5501-5510}
}

@inproceedings{Gu-StyleNeRF-ICLR22,
  title={{StyleNeRF}: A Style-based {3D} Aware Generator for High-resolution Image Synthesis},
  author={Jiatao Gu and Lingjie Liu and Peng Wang and Christian Theobalt},
  booktitle={Proceedings of International Conference on Learning Representations},
  year={2022}
}

@article{Han-CoordNet-TVCG,
 author = "J. Han and C. Wang",
 title = "{CoordNet}: Data Generation and Visualization Generation for Time-Varying Volumes via a Coordinate-Based Neural Network",
 journal = "IEEE Transactions on Visualization and Computer Graphics",
 year = "2023",
 volume = "29",
 number = "12", 
 pages = "4951-4963"
}

@inproceedings{HoloGAN,
  author="Nguyen-Phuoc, Thu and Li, Chuan and Theis, Lucas and Richardt, Christian and Yang, Yongliang",
  booktitle="Proceedings of IEEE International Conference on Computer Vision", 
  title="{HoloGAN}: Unsupervised Learning of {3D} Representations From Natural Images", 
  year="2019",
  pages="7587-7596"
}

@inproceedings{Hong-DNN-VolVis-PVIS19,
  author="Hong, Fan and Liu, Can and Yuan, Xiaoru",
  booktitle="Proceedings of IEEE Pacific Visualization Symposium", 
  title="{DNN-VolVis}: Interactive Volume Visualization Supported by Deep Neural Network", 
  year="2019",
  pages="282-291"
}

@InProceedings{Jain-DietNeRF-ICCV21,
  author = {Jain, Ajay and Tancik, Matthew and Abbeel, Pieter},
  title = {Putting {NeRF} on a Diet: Semantically Consistent Few-Shot View Synthesis},
  booktitle = {Proceedings of IEEE International Conference on Computer Vision},
  year = {2021},
  pages = {5885-5894}
}

@InProceedings{Jain-DreamField-CVPR22,
  author    = {Jain, Ajay and Mildenhall, Ben and Barron, Jonathan T. and Abbeel, Pieter and Poole, Ben},
  title     = {Zero-Shot Text-Guided Object Generation With Dream Fields},
  booktitle = {Proceedings of IEEE Conference on Computer Vision and Pattern Recognition},
  year      = {2022},
  pages     = {867-876}
}

@inproceedings{Karras-StyleGAN2-CVPR20,
author = "Karras, Tero and Laine, Samuli and Aittala, Miika and Hellsten, Janne and Lehtinen, Jaakko and Aila, Timo",
title = "Analyzing and Improving the Image Quality of {StyleGAN}",
booktitle = "Proceedings of IEEE Conference on Computer Vision and Pattern Recognition",
pages = "8107-8116",
year = "2020"
}

@article{Kerbl-TOG23,
  title={{3D Gaussian} Splatting for Real-Time Radiance Field Rendering},
  author={Kerbl, Bernhard and Kopanas, Georgios and Leimk{\"u}hler, Thomas and Drettakis, George},
  journal={ACM Transactions on Graphics},
  volume={42},
  number={4},
  pages={139:1-139:14},
  year={2023}
}

@inproceedings{Liu-NSVF-NeurIPS20,
  author = {Liu, Lingjie and Gu, Jiatao and Zaw Lin, Kyaw and Chua, Tat-Seng and Theobalt, Christian},
  booktitle = {Proceedings of Advances in Neural Information Processing Systems},
  pages = {15651-15663},
  title = {Neural Sparse Voxel Fields},
  year = {2020}
}

@inproceedings{Mildenhall-NeRF-ECCV20,
  title={{NeRF}: Representing Scenes as Neural Radiance Fields for View Synthesis},
  author={Ben Mildenhall and Pratul P. Srinivasan and Matthew Tancik and Jonathan T. Barron and Ravi Ramamoorthi and Ren Ng},
  booktitle={Proceedings of European Conference on Computer Vision},
  pages={405-421},
  year={2020}
}

@InProceedings{Mildenhall-RawNeRF-CVPR22,
  author    = {Mildenhall, Ben and Hedman, Peter and Martin-Brualla, Ricardo and Srinivasan, Pratul P. and Barron, Jonathan T.},
  title     = {{NeRF} in the Dark: High Dynamic Range View Synthesis from Noisy Raw Images},
  booktitle = {Proceedings of IEEE Conference on Computer Vision and Pattern Recognition},
  year      = {2022},
  pages     = {16190-16199}
}

@InProceedings{Niemeyer-GIRAFFE-CVPR21,
  author    = {Niemeyer, Michael and Geiger, Andreas},
  title     = {{GIRAFFE}: Representing Scenes As Compositional Generative Neural Feature Fields},
  booktitle = {Proceedings of IEEE Conference on Computer Vision and Pattern Recognition},
  year      = {2021},
  pages     = {11453-11464}
}

@InProceedings{Oechsle-UNISURF-ICCV21,
  author    = {Oechsle, Michael and Peng, Songyou and Geiger, Andreas},
  title     = {{UNISURF}: Unifying Neural Implicit Surfaces and Radiance Fields for Multi-View Reconstruction},
  booktitle = {Proceedings of IEEE International Conference on Computer Vision},
  year      = {2021},
  pages     = {5589-5599}
}

@InProceedings{Park-Nerfies-ICCV21,
  author    = {Park, Keunhong and Sinha, Utkarsh and Barron, Jonathan T. and Bouaziz, Sofien and Goldman, Dan B and Seitz, Steven M. and Martin-Brualla, Ricardo},
  title     = {Nerfies: Deformable Neural Radiance Fields},
  booktitle = {Proceedings of IEEE International Conference on Computer Vision},
  year      = {2021},
  pages     = {5865-5874}
}

@inproceedings{PlatonicGAN,
  author="Henzler, Philipp and Mitra, Niloy and Ritschel, Tobias",
  booktitle="Proceedings of IEEE Conference on Computer Vision and Pattern Recognition", 
  title="Escaping {Plato's Cave}: {3D} Shape From Adversarial Rendering", 
  year="2019",
  pages="9983-9992"
}

@inproceedings{PrGAN,
  author = "M. Gadelha and S. Maji and R. Wang",
  booktitle = "Proceedings of International Conference on 3D Vision",
  title = "{3D} Shape Induction from {2D} Views of Multiple Objects",
  year = "2017",
  pages = "402-411"
}

@InProceedings{Pumarola-D-NeRF-CVPR21,
  author    = {Pumarola, Albert and Corona, Enric and Pons-Moll, Gerard and Moreno-Noguer, Francesc},
  title     = {{D-NeRF}: Neural Radiance Fields for Dynamic Scenes},
  booktitle = {Proceedings of IEEE Conference on Computer Vision and Pattern Recognition},
  year      = {2021},
  pages     = {10318-10327}
}

@inproceedings{Schwarz-GRAF-NeurIPS20,
  title = {{GRAF}: Generative Radiance Fields for {3D}-Aware Image Synthesis},
  author = {Schwarz, Katja and Liao, Yiyi and Niemeyer, Michael and Geiger, Andreas},
  booktitle = {Proceedings of Advances in Neural Information Processing Systems},
  year = {2020}
}

@inproceedings{Shao-Tensor4D-CVPR23,
  author       = {Ruizhi Shao and Zerong Zheng and Hanzhang Tu and Boning Liu and Hongwen Zhang and Yebin Liu},
  title        = {{Tensor4D}: Efficient Neural {4D} Decomposition for High-Fidelity Dynamic Reconstruction and Rendering},
  booktitle    = {Proceedings of IEEE Conference on Computer Vision and Pattern Recognition},
  pages        = {16632-16642},
  year         = {2023}
}

@article{Shi-VDL-TVCG22,
  title={{VDL-Surrogate}: A View-Dependent Latent-based Model for Parameter Space Exploration of Ensemble Simulations},
  author={Neng Shi and Jiayi Xu and Hanqi Guo and Jonathan Woodring and Han-Wei Shen},
  journal={IEEE Transactions on Visualization and Computer Graphics},
  year={2023},
  volume={29},
  number={1},
  pages={820-830}
}

@article{Singer-Text-To-4D-arXiv23,
  author = {Singer, Uriel and Sheynin, Shelly and Polyak, Adam and Ashual, Oron and Makarov, Iurii and Kokkinos, Filippos and Goyal, Naman and Vedaldi, Andrea and Parikh, Devi and Johnson, Justin and Taigman, Yaniv},
  title = {Text-to-{4D} Dynamic Scene Generation},
  journal = {arXiv:2301.11280},
  year = {2023}
}

@article{Tang-PVIS25,
 author = "K. Tang and S. Yao and C. Wang",
 title = "{iVR-GS}: Inverse Volume Rendering for Explorable Visualization via Editable {3D Gaussian} Splatting",
 journal = "IEEE Transactions on Visualization and Computer Graphics",
 volume = "31",
 number = "6",
 year = "2025",
 note = "Accepted"
}

@article{Tang-VIS24,
  author = "K. Tang and C. Wang",
  title = "{StyleRF-VolVis}: Style Transfer of Neural Radiance Fields for Expressive Volume Visualization",
  journal = "IEEE Transactions on Visualization and Computer Graphics",
 volume = "31",
 number = "1",
 year = "2025",
 pages = "613-623"
}

@article{Thomas-InstantNGP,
  author = {Thomas M{\"u}ller and Alex Evans and Christoph Schied and Alexander Keller},
  title = {Instant Neural Graphics Primitives with a Multiresolution Hash Encoding},
  journal={ACM Transactions on Graphics},
  volume = {41},
  number = {4},
  year = {2022},
  pages = {102:1-102:15}
}

@inproceedings{VON,
  title="Visual object networks: Image generation with disentangled {3D} representations",
  author="Zhu, Jun-Yan and Zhang, Zhoutong and Zhang, Chengkai and Wu, Jiajun and Torralba, Antonio and Tenenbaum, Josh and Freeman, Bill",
  booktitle = "Proceedings of Advances in Neural Information Processing Systems",
  pages="118-129",
  year="2018"
}

@InProceedings{Wang-CLIP-NeRF-CVPR22,
  author    = {Wang, Can and Chai, Menglei and He, Mingming and Chen, Dongdong and Liao, Jing},
  title     = {{CLIP-NeRF}: Text-and-Image Driven Manipulation of Neural Radiance Fields},
  booktitle = {Proceedings of IEEE Conference on Computer Vision and Pattern Recognition},
  year      = {2022},
  pages     = {3835-3844}
}

@inproceedings{Wang-NeuS-NeurIPS21,
  author = {Wang, Peng and Liu, Lingjie and Liu, Yuan and Theobalt, Christian and Komura, Taku and Wang, Wenping},
  booktitle = {Proceedings of Advances in Neural Information Processing Systems},
  pages = {27171-27183},
  title = {{NeuS}: Learning Neural Implicit Surfaces by Volume Rendering for Multi-view Reconstruction},
  year = {2021}
}

@article{Wang-TVCG,
 author = "C. Wang and J. Han",
 title = "{DL4SciVis}: A State-of-the-Art Survey on Deep Learning for Scientific Visualization",
 journal = "IEEE Transactions on Visualization and Computer Graphics",
 year = "2023",
 volume = "29",
 number = "8", 
 pages = "3714-3733"
}

@article{Weiss-CGF22,
  author       = {Sebastian Weiss and Philipp Herm{\"{u}}ller and R{\"{u}}diger Westermann},
  title        = {Fast Neural Representations for Direct Volume Rendering},
  journal      = {Computer Graphics Forum},
  volume       = {41},
  number       = {6},
  pages        = {196-211},
  year         = {2022}
}

@article{Weiss-DeepDVR-ArXiv21,
  title={Deep Direct Volume Rendering: Learning Visual Feature Mappings From Exemplary Images},
  author={Jakob Weiss and Nassir Navab},
  journal={arXiv:2106.05429},
  year={2021}
}

@article{Weiss-LearningAdaptive-TVCG22,
  author={Weiss, Sebastian and I\c{s}Ik, Mustafa and Thies, Justus and Westermann, R{\"u}diger},
  journal={IEEE Transactions on Visualization and Computer Graphics}, 
  title={Learning Adaptive Sampling and Reconstruction for Volume Visualization}, 
  year={2022},
  volume={28},
  number={7},
  pages={2654-2667}
}

@article{Weiss-SRNet-TVCG21,
  author={Weiss, Sebastian and Chu, Mengyu and Thuerey, Nils and Westermann, R{"\u}diger},
  journal={IEEE Transactions on Visualization and Computer Graphics}, 
  title={Volumetric Isosurface Rendering with Deep Learning-Based Super-Resolution}, 
  year={2021},
  volume={27},
  number={6},
  pages={3064-3078}
}

@article{Wu-TVCG24,
  author       = {Qi Wu and David Bauer and Michael J. Doyle and Kwan-Liu Ma},
  title        = {Interactive Volume Visualization via Multi-Resolution Hash Encoding Based Neural Representation},
  journal      = {IEEE Transactions on Visualization and Computer Graphics},
  volume       = {30},
  number       = {8},
  pages        = {5404-5418},
  year         = {2024}
}

@article{Wurster-TVCG24,
  author       = {Skylar W. Wurster and Tianyu Xiong and Han-Wei Shen and Hanqi Guo and Tom Peterka},
  title        = {Adaptively Placed Multi-Grid Scene Representation Networks for Large-Scale Data Visualization},
  journal      = {IEEE Transactions on Visualization and Computer Graphics},
  volume       = {30},
  number       = {1},
  pages        = {965-974},
  year         = {2024}
}

@inproceedings{Yariv-VolSDF-NeurIPS21,
  author = {Yariv, Lior and Gu, Jiatao and Kasten, Yoni and Lipman, Yaron},
  booktitle = {Proceedings of Advances in Neural Information Processing Systems},
  pages = {4805-4815},
  title = {Volume Rendering of Neural Implicit Surfaces},
  year = {2021}
}

@InProceedings{Yu-PlenOctrees-ICCV21,
  author    = {Yu, Alex and Li, Ruilong and Tancik, Matthew and Li, Hao and Ng, Ren and Kanazawa, Angjoo},
  title     = {{PlenOctrees} for Real-Time Rendering of Neural Radiance Fields},
  booktitle = {Proceedings of IEEE International Conference on Computer Vision},
  year      = {2021},
  pages     = {5752-5761}
}

@inproceedings{Yu-pixelNeRF-CVPR21,
  title={{pixelNeRF}: Neural Radiance Fields from One or Few Images},
  author={Alex Yu and Vickie Ye and Matthew Tancik and Angjoo Kanazawa},
  year={2021},
  pages={4578-4587},
  booktitle={Proceedings of IEEE Conference on Computer Vision and Pattern Recognition}
}

