@article{bai2018empirical,
  title={An empirical evaluation of generic convolutional and recurrent networks for sequence modeling},
  author={Bai, Shaojie and Kolter, J Zico and Koltun, Vladlen},
  journal={arXiv preprint arXiv:1803.01271},
  year={2018},
  url={https://arxiv.org/pdf/1803.01271.pdf}
}
@article{brown2020language,
  title={Language models are few-shot learners},
  author={Brown, Tom and Mann, Benjamin and Ryder, Nick and Subbiah, Melanie and Kaplan, Jared D and Dhariwal, Prafulla and Neelakantan, Arvind and Shyam, Pranav and Sastry, Girish and Askell, Amanda and others},
  journal={Advances in neural information processing systems},
  volume={33},
  pages={1877--1901},
  year={2020},
  url={https://proceedings.neurips.cc/paper/2020/file/1457c0d6bfcb4967418bfb8ac142f64a-Paper.pdf}
}
@misc{openai2023gpt4,
      title={GPT-4 Technical Report}, 
      author={OpenAI},
      year={2023},
      eprint={2303.08774},
      archivePrefix={arXiv},
      primaryClass={cs.CL},
      url={https://arxiv.org/abs/2303.08774}
}
@article{beltagy2020longformer,
  title={Longformer: The long-document transformer},
  author={Beltagy, Iz and Peters, Matthew E and Cohan, Arman},
  journal={arXiv preprint arXiv:2004.05150},
  year={2020},
  url={https://arxiv.org/pdf/2004.05150.pdf}
}
@inproceedings{beltagy2021beyond,
  title={Beyond Paragraphs: NLP for Long Sequences},
  author={Beltagy, Iz and Cohan, Arman and Hajishirzi, Hannaneh and Min, Sewon and Peters, Matthew E},
  booktitle={Proceedings of the 2021 Conference of the North American Chapter of the Association for Computational Linguistics: Human Language Technologies: Tutorials},
  pages={20--24},
  year={2021},
  url={https://aclanthology.org/2021.naacl-tutorials.5.pdf}
}
@inproceedings{carion2020end,
  title={End-to-end object detection with transformers},
  author={Carion, Nicolas and Massa, Francisco and Synnaeve, Gabriel and Usunier, Nicolas and Kirillov, Alexander and Zagoruyko, Sergey},
  booktitle={European conference on computer vision},
  pages={213--229},
  year={2020},
  organization={Springer},
  url={https://arxiv.org/pdf/2005.12872.pdf}
}
@article{chen2016training,
  title={Training deep nets with sublinear memory cost},
  author={Chen, Tianqi and Xu, Bing and Zhang, Chiyuan and Guestrin, Carlos},
  journal={arXiv preprint arXiv:1604.06174},
  year={2016},
  url = {https://arxiv.org/pdf/1604.06174.pdf}
}
@inproceedings{chen-etal-2021-action,
    title = "Action-Based Conversations Dataset: A Corpus for Building More In-Depth Task-Oriented Dialogue Systems",
    author = "Chen, Derek  and
      Chen, Howard  and
      Yang, Yi  and
      Lin, Alexander  and
      Yu, Zhou",
    booktitle = "Proceedings of the 2021 Conference of the North American Chapter of the Association for Computational Linguistics: Human Language Technologies",
    month = jun,
    year = "2021",
    address = "Online",
    publisher = "Association for Computational Linguistics",
    url = "https://aclanthology.org/2021.naacl-main.239",
    doi = "10.18653/v1/2021.naacl-main.239",
    pages = "3002--3017",
}

@article{child2019generating,
  title={Generating long sequences with sparse transformers},
  author={Child, Rewon and Gray, Scott and Radford, Alec and Sutskever, Ilya},
  journal={arXiv preprint arXiv:1904.10509},
  year={2019},
url={https://arxiv.org/pdf/1904.10509.pdf}
}

@inproceedings{choromanski2021rethinking,
title={Rethinking Attention with Performers},
author={Krzysztof Marcin Choromanski and Valerii Likhosherstov and David Dohan and Xingyou Song and Andreea Gane and Tamas Sarlos and Peter Hawkins and Jared Quincy Davis and Afroz Mohiuddin and Lukasz Kaiser and David Benjamin Belanger and Lucy J Colwell and Adrian Weller},
booktitle={International Conference on Learning Representations},
year={2021},
url={https://openreview.net/forum?id=Ua6zuk0WRH}
}

@inproceedings{Clark2020ELECTRA:,
title={ELECTRA: Pre-training Text Encoders as Discriminators Rather Than Generators},
author={Kevin Clark and Minh-Thang Luong and Quoc V. Le and Christopher D. Manning},
booktitle={International Conference on Learning Representations},
year={2020},
url={https://openreview.net/forum?id=r1xMH1BtvB}
}

@inproceedings{conneau-etal-2017-deep,
    title = "Very Deep Convolutional Networks for Text Classification",
    author = {Conneau, Alexis  and
      Schwenk, Holger  and
      Barrault, Lo{\"\i}c  and
      Lecun, Yann},
    booktitle = "Proceedings of the 15th Conference of the {E}uropean Chapter of the Association for Computational Linguistics: Volume 1, Long Papers",
    month = apr,
    year = "2017",
    address = "Valencia, Spain",
    publisher = "Association for Computational Linguistics",
    url = "https://aclanthology.org/E17-1104",
    pages = "1107--1116",
}

@inproceedings{dai-etal-2019-transformer,
    title = "Transformer-{XL}: Attentive Language Models beyond a Fixed-Length Context",
    author = "Dai, Zihang  and
      Yang, Zhilin  and
      Yang, Yiming  and
      Carbonell, Jaime  and
      Le, Quoc  and
      Salakhutdinov, Ruslan",
    booktitle = "Proceedings of the 57th Annual Meeting of the Association for Computational Linguistics",
    month = jul,
    year = "2019",
    address = "Florence, Italy",
    publisher = "Association for Computational Linguistics",
    url = "https://aclanthology.org/P19-1285",
    doi = "10.18653/v1/P19-1285",
    pages = "2978--2988",
}

@inproceedings{dauphin2017language,
  title={Language modeling with gated convolutional networks},
  author={Dauphin, Yann N and Fan, Angela and Auli, Michael and Grangier, David},
  booktitle={International conference on machine learning},
  pages={933--941},
  year={2017},
  organization={PMLR},
url={http://proceedings.mlr.press/v70/dauphin17a/dauphin17a.pdf}
}

@inproceedings{devlin-etal-2019-bert,
    title = "{BERT}: Pre-training of Deep Bidirectional Transformers for Language Understanding",
    author = "Devlin, Jacob  and
      Chang, Ming-Wei  and
      Lee, Kenton  and
      Toutanova, Kristina",
    booktitle = "Proceedings of the 2019 Conference of the North {A}merican Chapter of the Association for Computational Linguistics: Human Language Technologies, Volume 1 (Long and Short Papers)",
    month = jun,
    year = "2019",
    address = "Minneapolis, Minnesota",
    publisher = "Association for Computational Linguistics",
    url = "https://aclanthology.org/N19-1423",
    doi = "10.18653/v1/N19-1423",
    pages = "4171--4186",
}

@inproceedings{gehring2017convolutional,
  title={Convolutional sequence to sequence learning},
  author={Gehring, Jonas and Auli, Michael and Grangier, David and Yarats, Denis and Dauphin, Yann N},
  booktitle={International conference on machine learning},
  pages={1243--1252},
  year={2017},
  organization={PMLR},
url={http://proceedings.mlr.press/v70/gehring17a/gehring17a.pdf}
}

@inproceedings{7780459,
  author={He, Kaiming and Zhang, Xiangyu and Ren, Shaoqing and Sun, Jian},
  booktitle={2016 IEEE Conference on Computer Vision and Pattern Recognition (CVPR)}, 
  title={Deep Residual Learning for Image Recognition}, 
  year={2016},
  volume={},
  number={},
  pages={770-778},
  doi={10.1109/CVPR.2016.90},
  url={https://www.cv-foundation.org/openaccess/content_cvpr_2016/papers/He_Deep_Residual_Learning_CVPR_2016_paper.pdf}
}

@inproceedings{he2016deep,
  title={Deep residual learning for image recognition},
  author={He, Kaiming and Zhang, Xiangyu and Ren, Shaoqing and Sun, Jian},
  booktitle={Proceedings of the IEEE conference on computer vision and pattern recognition},
  pages={770--778},
  year={2016},
url={https://openaccess.thecvf.com/content_cvpr_2016/papers/He_Deep_Residual_Learning_CVPR_2016_paper.pdf}
}

@inproceedings{he-etal-2019-interactive,
    title = "An Interactive Multi-Task Learning Network for End-to-End Aspect-Based Sentiment Analysis",
    author = "He, Ruidan  and
      Lee, Wee Sun  and
      Ng, Hwee Tou  and
      Dahlmeier, Daniel",
    booktitle = "Proceedings of the 57th Annual Meeting of the Association for Computational Linguistics",
    month = jul,
    year = "2019",
    address = "Florence, Italy",
    publisher = "Association for Computational Linguistics",
    url = "https://aclanthology.org/P19-1048",
    doi = "10.18653/v1/P19-1048",
    pages = "504--515",
}

@article{hochreiter1997long,
  title={Long short-term memory},
  author={Hochreiter, Sepp and Schmidhuber, J{\"u}rgen},
  journal={Neural computation},
  volume={9},
  number={8},
  pages={1735--1780},
  year={1997},
  publisher={MIT Press},
  url={https://blog.xpgreat.com/file/lstm.pdf}
}
@article{ho2019axial,
  title={Axial attention in multidimensional transformers},
  author={Ho, Jonathan and Kalchbrenner, Nal and Weissenborn, Dirk and Salimans, Tim},
  journal={arXiv preprint arXiv:1912.12180},
  year={2019},
url={https://arxiv.org/pdf/1912.12180.pdf}
}

@article{huang2019gpipe,
  title={Gpipe: Efficient training of giant neural networks using pipeline parallelism},
  author={Huang, Yanping and Cheng, Youlong and Bapna, Ankur and Firat, Orhan and Chen, Dehao and Chen, Mia and Lee, HyoukJoong and Ngiam, Jiquan and Le, Quoc V and Wu, Yonghui and others},
  journal={Advances in neural information processing systems},
  volume={32},
  year={2019},
url={https://proceedings.neurips.cc/paper/2019/file/093f65e080a295f8076b1c5722a46aa2-Paper.pdf}
}

@article{kingma2014adam,
  title={Adam: A method for stochastic optimization},
  author={Kingma, Diederik P and Ba, Jimmy},
  journal={arXiv preprint arXiv:1412.6980},
  year={2014},
  url={https://arxiv.org/pdf/1412.6980.pdf}
}

@article{kalchbrenner2016neural,
  title={Neural machine translation in linear time},
  author={Kalchbrenner, Nal and Espeholt, Lasse and Simonyan, Karen and Oord, Aaron van den and Graves, Alex and Kavukcuoglu, Koray},
  journal={arXiv preprint arXiv:1610.10099},
  year={2016},
url={https://arxiv.org/pdf/1610.10099.pdf}
}

@inproceedings{kim-2014-convolutional,
    title = "Convolutional Neural Networks for Sentence Classification",
    author = "Kim, Yoon",
    booktitle = "Proceedings of the 2014 Conference on Empirical Methods in Natural Language Processing ({EMNLP})",
    month = oct,
    year = "2014",
    address = "Doha, Qatar",
    publisher = "Association for Computational Linguistics",
    url = "https://aclanthology.org/D14-1181",
    doi = "10.3115/v1/D14-1181",
    pages = "1746--1751",
}

@inproceedings{Kitaev2020Reformer,
title={Reformer: The Efficient Transformer},
author={Nikita Kitaev and Lukasz Kaiser and Anselm Levskaya},
booktitle={International Conference on Learning Representations},
year={2020},
url={https://openreview.net/forum?id=rkgNKkHtvB}
}

@inproceedings{NEURIPS2019_9d8df73a,
 author = {Lample, Guillaume and Sablayrolles, Alexandre and Ranzato, Marc\textquotesingle Aurelio and Denoyer, Ludovic and Jegou, Herve},
 booktitle = {Advances in Neural Information Processing Systems},
 editor = {H. Wallach and H. Larochelle and A. Beygelzimer and F. d\textquotesingle Alch\'{e}-Buc and E. Fox and R. Garnett},
 pages = {},
 publisher = {Curran Associates, Inc.},
 title = {Large Memory Layers with Product Keys},
 url = {https://proceedings.neurips.cc/paper/2019/file/9d8df73a3cfbf3c5b47bc9b50f214aff-Paper.pdf},
 volume = {32},
 year = {2019}
}

@inproceedings{
Lan2020ALBERT:,
title={ALBERT: A Lite BERT for Self-supervised Learning of Language Representations},
author={Zhenzhong Lan and Mingda Chen and Sebastian Goodman and Kevin Gimpel and Piyush Sharma and Radu Soricut},
booktitle={International Conference on Learning Representations},
year={2020},
url={https://openreview.net/forum?id=H1eA7AEtvS}
}

@inproceedings{lin2018multi,
  title={A multi-lingual multi-task architecture for low-resource sequence labeling},
  author={Lin, Ying and Yang, Shengqi and Stoyanov, Veselin and Ji, Heng},
  booktitle={Proceedings of the 56th Annual Meeting of the Association for Computational Linguistics (Volume 1: Long Papers)},
  pages={799--809},
  year={2018},
url={https://aclanthology.org/P18-1074.pdf}
}

@article{liu2019roberta,
  title={Roberta: A robustly optimized bert pretraining approach},
  author={Liu, Yinhan and Ott, Myle and Goyal, Naman and Du, Jingfei and Joshi, Mandar and Chen, Danqi and Levy, Omer and Lewis, Mike and Zettlemoyer, Luke and Stoyanov, Veselin},
  journal={arXiv preprint arXiv:1907.11692},
  year={2019},
url={https://arxiv.org/pdf/1907.11692.pdf}
}

@inproceedings{
loshchilov2017sgdr,
title={{SGDR}: Stochastic Gradient Descent with Warm Restarts},
author={Ilya Loshchilov and Frank Hutter},
booktitle={International Conference on Learning Representations},
year={2017},
url={https://openreview.net/forum?id=Skq89Scxx}
}

@inproceedings{maas2011learning,
  title={Learning word vectors for sentiment analysis},
  author={Maas, Andrew and Daly, Raymond E and Pham, Peter T and Huang, Dan and Ng, Andrew Y and Potts, Christopher},
  booktitle={Proceedings of the 49th annual meeting of the association for computational linguistics: Human language technologies},
  pages={142--150},
  year={2011},
url={https://aclanthology.org/P11-1015.pdf}
}
@article{michel2019sixteen,
  title={Are sixteen heads really better than one?},
  author={Michel, Paul and Levy, Omer and Neubig, Graham},
  journal={Advances in neural information processing systems},
  volume={32},
  year={2019},
url={https://proceedings.neurips.cc/paper/2019/file/2c601ad9d2ff9bc8b282670cdd54f69f-Paper.pdf}
}

@inproceedings{nangia-bowman-2018-listops,
    title = "{L}ist{O}ps: A Diagnostic Dataset for Latent Tree Learning",
    author = "Nangia, Nikita  and
      Bowman, Samuel",
    booktitle = "Proceedings of the 2018 Conference of the North {A}merican Chapter of the Association for Computational Linguistics: Student Research Workshop",
    month = jun,
    year = "2018",
    address = "New Orleans, Louisiana, USA",
    publisher = "Association for Computational Linguistics",
    url = "https://aclanthology.org/N18-4013",
    doi = "10.18653/v1/N18-4013",
    pages = "92--99",
}

@article{oord2016wavenet,
  title={Wavenet: A generative model for raw audio},
  author={Oord, Aaron van den and Dieleman, Sander and Zen, Heiga and Simonyan, Karen and Vinyals, Oriol and Graves, Alex and Kalchbrenner, Nal and Senior, Andrew and Kavukcuoglu, Koray},
  journal={arXiv preprint arXiv:1609.03499},
  year={2016},
  url={https://arxiv.org/pdf/1609.03499.pdf}
}

@inproceedings{parmar2018image,
  title={Image transformer},
  author={Parmar, Niki and Vaswani, Ashish and Uszkoreit, Jakob and Kaiser, Lukasz and Shazeer, Noam and Ku, Alexander and Tran, Dustin},
  booktitle={International conference on machine learning},
  pages={4055--4064},
  year={2018},
  organization={PMLR},
  url={http://proceedings.mlr.press/v80/parmar18a/parmar18a.pdf}
}
@article{radev2013acl,
  title={The ACL anthology network corpus},
  author={Radev, Dragomir R and Muthukrishnan, Pradeep and Qazvinian, Vahed and Abu-Jbara, Amjad},
  journal={Language Resources and Evaluation},
  volume={47},
  number={4},
  pages={919--944},
  year={2013},
  publisher={Springer},
url={https://aclanthology.org/W09-3607.pdf}
}

@article{radford2019language,
  title={Language models are unsupervised multitask learners},
  author={Radford, Alec and Wu, Jeffrey and Child, Rewon and Luan, David and Amodei, Dario and Sutskever, Ilya and others},
  journal={OpenAI blog},
  volume={1},
  number={8},
  pages={9},
  year={2019},
url={https://d4mucfpksywv.cloudfront.net/better-language-models/language-models.pdf}
}

@article{raffel2020exploring,
  title={Exploring the limits of transfer learning with a unified text-to-text transformer.},
  author={Raffel, Colin and Shazeer, Noam and Roberts, Adam and Lee, Katherine and Narang, Sharan and Matena, Michael and Zhou, Yanqi and Li, Wei and Liu, Peter J and others},
  journal={J. Mach. Learn. Res.},
  volume={21},
  number={140},
  pages={1--67},
  year={2020},
  url={https://www.jmlr.org/papers/volume21/20-074/20-074.pdf?ref=https://githubhelp.com}
}


@article{ruder2016overview,
  title={An overview of gradient descent optimization algorithms},
  author={Ruder, Sebastian},
  journal={arXiv preprint arXiv:1609.04747},
  year={2016},
  url={https://arxiv.org/pdf/1609.04747.pdf}
}

@article{sanh2019distilbert,
  title={DistilBERT, a distilled version of BERT: smaller, faster, cheaper and lighter},
  author={Sanh, Victor and Debut, Lysandre and Chaumond, Julien and Wolf, Thomas},
  journal={arXiv preprint arXiv:1910.01108},
  year={2019},
url={https://arxiv.org/pdf/1910.01108.pdf}
}

@inproceedings{smith2019super,
  title={Super-convergence: Very fast training of neural networks using large learning rates},
  author={Smith, Leslie N and Topin, Nicholay},
  booktitle={Artificial intelligence and machine learning for multi-domain operations applications},
  volume={11006},
  pages={369--386},
  year={2019},
  organization={SPIE},
url={https://arxiv.org/pdf/1708.07120.pdf}
}

@inproceedings{strubell-etal-2019-energy,
    title = "Energy and Policy Considerations for Deep Learning in {NLP}",
    author = "Strubell, Emma  and
      Ganesh, Ananya  and
      McCallum, Andrew",
    booktitle = "Proceedings of the 57th Annual Meeting of the Association for Computational Linguistics",
    month = jul,
    year = "2019",
    address = "Florence, Italy",
    publisher = "Association for Computational Linguistics",
    url = "https://aclanthology.org/P19-1355",
    doi = "10.18653/v1/P19-1355",
    pages = "3645--3650",
}


@inproceedings{suhr-etal-2019-executing,
    title = "Executing Instructions in Situated Collaborative Interactions",
    author = "Suhr, Alane  and
      Yan, Claudia  and
      Schluger, Jack  and
      Yu, Stanley  and
      Khader, Hadi  and
      Mouallem, Marwa  and
      Zhang, Iris  and
      Artzi, Yoav",
    booktitle = "Proceedings of the 2019 Conference on Empirical Methods in Natural Language Processing and the 9th International Joint Conference on Natural Language Processing (EMNLP-IJCNLP)",
    month = nov,
    year = "2019",
    address = "Hong Kong, China",
    publisher = "Association for Computational Linguistics",
    url = "https://aclanthology.org/D19-1218",
    doi = "10.18653/v1/D19-1218",
    pages = "2119--2130",
}


@inproceedings{
tay2021long,
title={Long Range Arena : A Benchmark for Efficient Transformers },
author={Yi Tay and Mostafa Dehghani and Samira Abnar and Yikang Shen and Dara Bahri and Philip Pham and Jinfeng Rao and Liu Yang and Sebastian Ruder and Donald Metzler},
booktitle={International Conference on Learning Representations},
year={2021},
url={https://openreview.net/forum?id=qVyeW-grC2k}
}

@article{tay2020efficient,
  title={Efficient transformers: A survey},
  author={Tay, Yi and Dehghani, Mostafa and Bahri, Dara and Metzler, Donald},
  journal={ACM Computing Surveys (CSUR)},
  year={2020},
  publisher={ACM New York, NY},
url={https://dl.acm.org/doi/pdf/10.1145/3530811}
}

@inproceedings{tay-etal-2021-pretrained,
    title = "Are Pretrained Convolutions Better than Pretrained Transformers?",
    author = "Tay, Yi  and
      Dehghani, Mostafa  and
      Gupta, Jai Prakash  and
      Aribandi, Vamsi  and
      Bahri, Dara  and
      Qin, Zhen  and
      Metzler, Donald",
    booktitle = "Proceedings of the 59th Annual Meeting of the Association for Computational Linguistics and the 11th International Joint Conference on Natural Language Processing (Volume 1: Long Papers)",
    month = aug,
    year = "2021",
    address = "Online",
    publisher = "Association for Computational Linguistics",
    url = "https://aclanthology.org/2021.acl-long.335",
    doi = "10.18653/v1/2021.acl-long.335",
    pages = "4349--4359",
}

@article{vaswani2017attention,
  title={Attention is all you need},
  author={Vaswani, Ashish and Shazeer, Noam and Parmar, Niki and Uszkoreit, Jakob and Jones, Llion and Gomez, Aidan N and Kaiser, {\L}ukasz and Polosukhin, Illia},
  journal={Advances in neural information processing systems},
  volume={30},
  year={2017},
url={https://proceedings.neurips.cc/paper/2017/file/3f5ee243547dee91fbd053c1c4a845aa-Paper.pdf}
}

@inproceedings{vijayaraghavan2017twitter,
  title={Twitter demographic classification using deep multi-modal multi-task learning},
  author={Vijayaraghavan, Prashanth and Vosoughi, Soroush and Roy, Deb},
  booktitle={Proceedings of the 55th Annual Meeting of the Association for Computational Linguistics (Volume 2: Short Papers)},
  pages={478--483},
  year={2017},
url={https://aclanthology.org/P17-2076.pdf}
}

@inproceedings{
wu2018pay,
title={Pay Less Attention with Lightweight and Dynamic Convolutions},
author={Felix Wu and Angela Fan and Alexei Baevski and Yann Dauphin and Michael Auli},
booktitle={International Conference on Learning Representations},
year={2019},
url={https://openreview.net/forum?id=SkVhlh09tX},
}


@article{wang2020linformer,
  title={Linformer: Self-attention with linear complexity},
  author={Wang, Sinong and Li, Belinda Z and Khabsa, Madian and Fang, Han and Ma, Hao},
  journal={arXiv preprint arXiv:2006.04768},
  year={2020},
url={https://arxiv.org/pdf/2006.04768.pdf}
}

@inproceedings{xiong2021nystromformer,
  title={Nystr{\"o}mformer: A nystr{\"o}m-based algorithm for approximating self-attention},
  author={Xiong, Yunyang and Zeng, Zhanpeng and Chakraborty, Rudrasis and Tan, Mingxing and Fung, Glenn and Li, Yin and Singh, Vikas},
  booktitle={Proceedings of the AAAI Conference on Artificial Intelligence},
  volume={35},
  number={16},
  pages={14138--14148},
  year={2021},
url={https://arxiv.org/pdf/2102.03902.pdf}
}

@article{yu2015multi,
  title={Multi-scale context aggregation by dilated convolutions, in ICLR 2016},
  author={Yu, Fisher and Koltun, Vladlen},
  journal={arXiv preprint arXiv:1511.07122},
  year={2015},
  url={https://arxiv.org/pdf/1511.07122.pdf}
}

@inproceedings{zafrir2019q8bert,
  title={Q8bert: Quantized 8bit bert},
  author={Zafrir, Ofir and Boudoukh, Guy and Izsak, Peter and Wasserblat, Moshe},
  booktitle={2019 Fifth Workshop on Energy Efficient Machine Learning and Cognitive Computing-NeurIPS Edition (EMC2-NIPS)},
  pages={36--39},
  year={2019},
  organization={IEEE},
url={https://arxiv.org/pdf/1910.06188.pdf}
}

@article{zaheer2020big,
  title={Big bird: Transformers for longer sequences},
  author={Zaheer, Manzil and Guruganesh, Guru and Dubey, Kumar Avinava and Ainslie, Joshua and Alberti, Chris and Ontanon, Santiago and Pham, Philip and Ravula, Anirudh and Wang, Qifan and Yang, Li and others},
  journal={Advances in Neural Information Processing Systems},
  volume={33},
  pages={17283--17297},
  year={2020},
url={https://proceedings.neurips.cc/paper/2020/file/c8512d142a2d849725f31a9a7a361ab9-Paper.pdf}
}

@article{zhang2021survey,
  title={A survey on multi-task learning},
  author={Zhang, Yu and Yang, Qiang},
  journal={IEEE Transactions on Knowledge and Data Engineering},
  year={2021},
  publisher={IEEE},
url={https://arxiv.org/pdf/1707.08114.pdf}
}

@article{zhu2021long,
  title={Long-short transformer: Efficient transformers for language and vision},
  author={Zhu, Chen and Ping, Wei and Xiao, Chaowei and Shoeybi, Mohammad and Goldstein, Tom and Anandkumar, Anima and Catanzaro, Bryan},
  journal={Advances in Neural Information Processing Systems},
  volume={34},
  pages={17723--17736},
  year={2021},
url={https://proceedings.neurips.cc/paper/2021/file/9425be43ba92c2b4454ca7bf602efad8-Paper.pdf}
}

@inproceedings{NEURIPS2019_bdbca288,
 author = {Paszke, Adam and Gross, Sam and Massa, Francisco and Lerer, Adam and Bradbury, James and Chanan, Gregory and Killeen, Trevor and Lin, Zeming and Gimelshein, Natalia and Antiga, Luca and Desmaison, Alban and Kopf, Andreas and Yang, Edward and DeVito, Zachary and Raison, Martin and Tejani, Alykhan and Chilamkurthy, Sasank and Steiner, Benoit and Fang, Lu and Bai, Junjie and Chintala, Soumith},
 booktitle = {Advances in Neural Information Processing Systems},
 editor = {H. Wallach and H. Larochelle and A. Beygelzimer and F. d\textquotesingle Alch\'{e}-Buc and E. Fox and R. Garnett},
 pages = {},
 publisher = {Curran Associates, Inc.},
 title = {PyTorch: An Imperative Style, High-Performance Deep Learning Library},
 url = {https://proceedings.neurips.cc/paper/2019/file/bdbca288fee7f92f2bfa9f7012727740-Paper.pdf},
 volume = {32},
 year = {2019}
}

@article{campos2022compressing,
  title={Compressing Cross-Lingual Multi-Task Models at Qualtrics},
  author={Campos, Daniel and Perry, Daniel and Joshi, Samir and Gambhir, Yashmeet and Du, Wei and Xing, Zhengzheng and Colak, Aaron},
  journal={arXiv preprint arXiv:2211.15927},
  url={https://arxiv.org/abs/2211.15927},
  year={2022}
}