@article{10.1145/3414685.3417774,
author = {Zhou, Yang and Han, Xintong and Shechtman, Eli and Echevarria, Jose and Kalogerakis, Evangelos and Li, Dingzeyu},
title = {MakeltTalk: speaker-aware talking-head animation},
year = {2020},
volume = {39},
journal = {ACM Transaction Graphics}
}

@InProceedings{Bounareli_2023_ICCV,
    author    = {Bounareli, Stella and Tzelepis, Christos and Argyriou, Vasileios and Patras, Ioannis and Tzimiropoulos, Georgios},
    title     = {HyperReenact: One-Shot Reenactment via Jointly Learning to Refine and Retarget Faces},
    booktitle = {Proceedings of ICCV},
    year      = {2023},
}

@InProceedings{Ni_2023_CVPR,
    author    = {Ni, Haomiao and Shi, Changhao and Li, Kai and Huang, Sharon X. and Min, Martin Renqiang},
    title     = {Conditional Image-to-Video Generation With Latent Flow Diffusion Models},
    booktitle = {Proceedings of CVPR},
    year      = {2023},
}

@InProceedings{Oorloff_2023_ICCV,
    author    = {Oorloff, Trevine and Yacoob, Yaser},
    title     = {Expressive Talking Head Video Encoding in StyleGAN2 Latent Space},
    booktitle = {Proceedings of ICCV Workshops},
    year      = {2023},
}

@InProceedings{Pang_2023_CVPR,
    author    = {Pang, Youxin and Zhang, Yong and Quan, Weize and Fan, Yanbo and Cun, Xiaodong and Shan, Ying and Yan, Dong-Ming},
    title     = {DPE: Disentanglement of Pose and Expression for General Video Portrait Editing},
    booktitle = {Proceedings of CVPR},
    year      = {2023},
}

@InProceedings{Wang_2023_CVPR,
    author    = {Wang, Duomin and Deng, Yu and Yin, Zixin and Shum, Heung-Yeung and Wang, Baoyuan},
    title     = {Progressive Disentangled Representation Learning for Fine-Grained Controllable Talking Head Synthesis},
    booktitle = {Proceedings of CVPR},
    year      = {2023},
}

@inproceedings{Zhou2021Pose,
  title = {Pose-Controllable Talking Face Generation by Implicitly Modularized Audio-Visual Representation},
  author = {Zhou, Hang and Sun, Yasheng and Wu, Wayne and Loy, Chen Change and Wang, Xiaogang and Liu, Ziwei},
  booktitle = {Proceedings of CVPR},
  year = {2021}
}

@inproceedings{du2023dae,
  title={Dae-talker: High fidelity speech-driven talking face generation with diffusion autoencoder},
  author={Du, Chenpeng and Chen, Qi and He, Tianyu and Tan, Xu and Chen, Xie and Yu, Kai and Zhao, Sheng and Bian, Jiang},
  booktitle={Proceedings of ACM Multimedia},
  year={2023}
}

@article{gururani2022SPACE,
  title={{SPACE: Speech-driven Portrait Animation with Controllable Expression}},
  author={Siddharth Gururani and Arun Mallya and Ting-Chun Wang and Rafael Valle and Ming-Yu Liu},
  journal={arXiv preprint arXiv:2211.09809},
  year={2022}
}

@inproceedings{gururani2023space,
  title={SPACE: Speech-driven Portrait Animation with Controllable Expression},
  author={Gururani, Siddharth and Mallya, Arun and Wang, Ting-Chun and Valle, Rafael and Liu, Ming-Yu},
  booktitle={Proceedings of ICCV},
  year={2023}
}

@inproceedings{harvey2022flexible,
  title={Flexible diffusion modeling of long videos},
  author={Harvey, William and Naderiparizi, Saeid and Masrani, Vaden and Weilbach, Christian and Wood, Frank},
  booktitle={Proceedings of NeurIPS},
  volume={35},
  year={2022}
}

@inproceedings{ho2020denoising,
  title={Denoising diffusion probabilistic models},
  author={Ho, Jonathan and Jain, Ajay and Abbeel, Pieter},
  booktitle={Proceedings of NeurIPS},
  year={2020}
}

@inproceedings{huang2023collaborative,
  title={Collaborative diffusion for multi-modal face generation and editing},
  author={Huang, Ziqi and Chan, Kelvin CK and Jiang, Yuming and Liu, Ziwei},
  booktitle={Proceedings of CVPR},
  year={2023}
}

@inproceedings{ji2021audio-driven,
title={ Audio-Driven Emotional Video Portraits},
author={Ji, Xinya and Zhou, Hang and Wang, Kaisiyuan and Wu, Wayne and Loy, Chen Change and Cao, Xun and Xu, Feng},
booktitle={Proceedings of CVPR},
year={2021}
}

@inproceedings{kim2023dcface,
  title={DCFace: Synthetic Face Generation with Dual Condition Diffusion Model},
  author={Kim, Minchul and Liu, Feng and Jain, Anil and Liu, Xiaoming},
  booktitle={Proceedings of CVPR},
  year={2023}
}

@inproceedings{li2024ae,
  title={Ae-nerf: Audio enhanced neural radiance field for few shot talking head synthesis},
  author={Li, Dongze and Zhao, Kang and Wang, Wei and Peng, Bo and Zhang, Yingya and Dong, Jing and Tan, Tieniu},
  booktitle={Proceedings of AAAI},
  volume={38},
  year={2024}
}

@article{ma2023dreamtalk,
title={Dreamtalk: When expressive talking head generation meets diffusion probabilistic models},
author={Ma, Yifeng and Zhang, Shiwei and Wang, Jiayu and Wang, Xiang and Zhang, Yingya and Deng, Zhidong},
journal={arXiv preprint arXiv:2312.09767},
year={2023}
}

@article{ma2023styletalk,
  title={Styletalk: One-shot talking head generation with controllable speaking styles},
  author={Ma, Yifeng and Wang, Suzhen and Hu, Zhipeng and Fan, Changjie and Lv, Tangjie and Ding, Yu and Deng, Zhidong and Yu, Xin},
  journal={arXiv preprint arXiv:2301.01081},
  year={2023}
}

@InProceedings{pmlr-v37-sohl-dickstein15,
  title = 	 {Deep Unsupervised Learning using Nonequilibrium Thermodynamics},
  author = 	 {Sohl-Dickstein, Jascha and Weiss, Eric and Maheswaranathan, Niru and Ganguli, Surya},
  booktitle = 	 {Proceedings of ICML},
  year = 	 {2015},

}

@inproceedings{schneider2019wav2vec,
  title={wav2vec: Unsupervised Pre-training for Speech Recognition},
  author={Steffen Schneider and Alexei Baevski and Ronan Collobert and Michael Auli},
  booktitle={Proceedings of Interspeech},
  year={2019},
}

@inproceedings{shen2023difftalk,
   author={Shen, Shuai and Zhao, Wenliang and Meng, Zibin and Li, Wanhua and Zhu, Zheng and Zhou, Jie and Lu, Jiwen},
   title={DiffTalk: Crafting Diffusion Models for Generalized Audio-Driven Portraits Animation},
   booktitle={Proceedings of CVPR},
   year={2023}
}

@inproceedings{stypulkowski2024diffused,
  title={Diffused heads: Diffusion models beat gans on talking-face generation},
  author={Stypu{\l}kowski, Micha{\l} and Vougioukas, Konstantinos and He, Sen and Zieba, Maciej and Petridis, Stavros and Pantic, Maja},
  booktitle={Proceedings of WACV},
  year={2024}
}

@article{sun2024diffposetalk,
  title={Diffposetalk: Speech-driven stylistic 3d facial animation and head pose generation via diffusion models},
  author={Sun, Zhiyao and Lv, Tian and Ye, Sheng and Lin, Matthieu and Sheng, Jenny and Wen, Yu-Hui and Yu, Minjing and Liu, Yong-jin},
  journal={ACM Transactions on Graphics},
  volume={43},
  year={2024},
}

@article{textbasedediting,
author = {Fried, Ohad and Tewari, Ayush and Zollh\"{o}fer, Michael and Finkelstein, Adam and Shechtman, Eli and Goldman, Dan B and Genova, Kyle and Jin, Zeyu and Theobalt, Christian and Agrawala, Maneesh},
title = {Text-based editing of talking-head video},
year = {2019},
volume = {38},
journal = {ACM Transaction Graphics},

}

@inproceedings{thambiraja2023imitator,
  title={Imitator: Personalized speech-driven 3d facial animation},
  author={Thambiraja, Balamurugan and Habibie, Ikhsanul and Aliakbarian, Sadegh and Cosker, Darren and Theobalt, Christian and Thies, Justus},
  booktitle={Proceedings of ICCV},
  year={2023}
}

@InProceedings{wang2021audio2head,
author = {Suzhen, Wang and Lincheng, Li and Yu, Ding and Changjie, Fan and Xin, Yu},
title = {Audio2Head: Audio-driven One-shot Talking-head Generation with Natural Head Motion},
booktitle = {Proceedings of IJCAI},
year = {2021},
}

@inproceedings{wang2022latent,
  title={Latent Image Animator: Learning to Animate Images via Latent Space Navigation},
  author={Wang, Yaohui and Yang, Di and Bremond, Francois and Dantcheva, Antitza},
  booktitle={Proceedings of ICLR},
  year={2022}
}

@inproceedings{wang2024eat,
  title={EAT-Face: Emotion-Controllable Audio-Driven Talking Face Generation via Diffusion Model},
  author={Wang, Haodi and Jia, Xiaojun and Cao, Xiaochun},
  booktitle={Proceedings of FG},
  year={2024},
}

@inproceedings{wav2lips,
author = {Prajwal, K R and Mukhopadhyay, Rudrabha and Namboodiri, Vinay P. and Jawahar, C.V.},
title = {A Lip Sync Expert Is All You Need for Speech to Lip Generation In the Wild},
year = {2020},
booktitle = {Proceedings of ACM Multimedia},

}

@inproceedings{wu2023tune,
  title={Tune-a-video: One-shot tuning of image diffusion models for text-to-video generation},
  author={Wu, Jay Zhangjie and Ge, Yixiao and Wang, Xintao and Lei, Stan Weixian and Gu, Yuchao and Shi, Yufei and Hsu, Wynne and Shan, Ying and Qie, Xiaohu and Shou, Mike Zheng},
  booktitle={Proceedings of ICCV},
  year={2023}
}

@inproceedings{yu2023talking,
  title={Talking head generation with probabilistic audio-to-visual diffusion priors},
  author={Yu, Zhentao and Yin, Zixin and Zhou, Deyu and Wang, Duomin and Wong, Finn and Wang, Baoyuan},
  booktitle={Proceedings of ICCV},
  year={2023}
}

@inproceedings{zhang2023sadtalker,
  title={SadTalker: Learning Realistic 3D Motion Coefficients for Stylized Audio-Driven Single Image Talking Face Animation},
  author={Zhang, Wenxuan and Cun, Xiaodong and Wang, Xuan and Zhang, Yong and Shen, Xi and Guo, Yu and Shan, Ying and Wang, Fei},
  booktitle={Proceedings of CVPR},
  year={2023}
}

@inproceedings{zhou2023shifted,
  title={Shifted diffusion for text-to-image generation},
  author={Zhou, Yufan and Liu, Bingchen and Zhu, Yizhe and Yang, Xiao and Chen, Changyou and Xu, Jinhui},
  booktitle={Proceedings of CVPR},
  year={2023}
}

