@String(PAMI = {IEEE Trans. Pattern Anal. Mach. Intell.})
@String(IJCV = {Int. J. Comput. Vis.})
@String(CVPR= {IEEE Conf. Comput. Vis. Pattern Recog.})
@String(ICCV= {Int. Conf. Comput. Vis.})
@String(ECCV= {Eur. Conf. Comput. Vis.})
@String(NIPS= {Adv. Neural Inform. Process. Syst.})
@String(ICPR = {Int. Conf. Pattern Recog.})
@String(BMVC= {Brit. Mach. Vis. Conf.})
@String(TOG= {ACM Trans. Graph.})
@String(TIP  = {IEEE Trans. Image Process.})
@String(TVCG  = {IEEE Trans. Vis. Comput. Graph.})
@String(TMM  = {IEEE Trans. Multimedia})
@String(ACMMM= {ACM Int. Conf. Multimedia})
@String(ICME = {Int. Conf. Multimedia and Expo})
@String(ICASSP=	{ICASSP})
@String(ICIP = {IEEE Int. Conf. Image Process.})
@String(ACCV  = {ACCV})
@String(ICLR = {Int. Conf. Learn. Represent.})
@String(IJCAI = {IJCAI})
@String(PR   = {Pattern Recognition})
@String(AAAI = {AAAI})
@String(CVPRW= {IEEE Conf. Comput. Vis. Pattern Recog. Worksh.})
@String(CSVT = {IEEE Trans. Circuit Syst. Video Technol.})

@String(SPL	= {IEEE Sign. Process. Letters})
@String(VR   = {Vis. Res.})
@String(JOV	 = {J. Vis.})
@String(TVC  = {The Vis. Comput.})
@String(JCST  = {J. Comput. Sci. Tech.})
@String(CGF  = {Comput. Graph. Forum})
@String(CVM = {Computational Visual Media})


@String(PAMI  = {IEEE TPAMI})
@String(IJCV  = {IJCV})
@String(CVPR  = {CVPR})
@String(ICCV  = {ICCV})
@String(ECCV  = {ECCV})
@String(NIPS  = {NeurIPS})
@String(ICPR  = {ICPR})
@String(BMVC  =	{BMVC})
@String(TOG   = {ACM TOG})
@String(TIP   = {IEEE TIP})
@String(TVCG  = {IEEE TVCG})
@String(TCSVT = {IEEE TCSVT})
@String(TMM   =	{IEEE TMM})
@String(ACMMM = {ACM MM})
@String(ICME  =	{ICME})
@String(ICASSP=	{ICASSP})
@String(ICIP  = {ICIP})
@String(ACCV  = {ACCV})
@String(ICLR  = {ICLR})
@String(IJCAI = {IJCAI})
@String(PR = {PR})
@String(AAAI = {AAAI})
@String(CVPRW= {CVPRW})
@String(CSVT = {IEEE TCSVT})


@inproceedings{thambiraja2023imitator,
  title={Imitator: Personalized speech-driven 3d facial animation},
  author={Thambiraja, Balamurugan and Habibie, Ikhsanul and Aliakbarian, Sadegh and Cosker, Darren and Theobalt, Christian and Thies, Justus},
  booktitle={Proceedings of ICCV},
  year={2023}
}

@article{ma2023styletalk,
  title={Styletalk: One-shot talking head generation with controllable speaking styles},
  author={Ma, Yifeng and Wang, Suzhen and Hu, Zhipeng and Fan, Changjie and Lv, Tangjie and Ding, Yu and Deng, Zhidong and Yu, Xin},
  journal={arXiv preprint arXiv:2301.01081},
  year={2023}
}

@inproceedings{wang2022latent,
  title={Latent Image Animator: Learning to Animate Images via Latent Space Navigation},
  author={Wang, Yaohui and Yang, Di and Bremond, Francois and Dantcheva, Antitza},
  booktitle={Proceedings of ICLR},
  year={2022}
}

@inproceedings{siarohin2019first,
  title={First order motion model for image animation},
  author={Siarohin, Aliaksandr and Lathuili{\`e}re, St{\'e}phane and Tulyakov, Sergey and Ricci, Elisa and Sebe, Nicu},
  booktitle={Proceedings of NeurIPS},
  volume={32},
  year={2019}
}

@inproceedings{zhang2023sadtalker,
  title={SadTalker: Learning Realistic 3D Motion Coefficients for Stylized Audio-Driven Single Image Talking Face Animation},
  author={Zhang, Wenxuan and Cun, Xiaodong and Wang, Xuan and Zhang, Yong and Shen, Xi and Guo, Yu and Shan, Ying and Wang, Fei},
  booktitle={Proceedings of CVPR},
  year={2023}
}

@article{joshi2022synthetic,
  title={Synthetic data in human analysis: A survey},
  author={Joshi, Indu and Grimmer, Marcel and Rathgeb, Christian and Busch, Christoph and Bremond, Francois and Dantcheva, Antitza},
  journal={arXiv preprint arXiv:2208.09191},
  year={2022}
}

@inproceedings{siarohin2021motion,
  title={Motion representations for articulated animation},
  author={Siarohin, Aliaksandr and Woodford, Oliver J and Ren, Jian and Chai, Menglei and Tulyakov, Sergey},
  booktitle={Proceedings of CVPR},
  year={2021}
}

@inproceedings{zhao2022thin,
  title={Thin-plate spline motion model for image animation},
  author={Zhao, Jian and Zhang, Hui},
  booktitle={Proceedings of CVPR},
  year={2022}
}

@inproceedings{cudeiro2019capture,
  title={Capture, learning, and synthesis of 3D speaking styles},
  author={Cudeiro, Daniel and Bolkart, Timo and Laidlaw, Cassidy and Ranjan, Anurag and Black, Michael J},
  booktitle={Proceedings of CVPR},
  year={2019}
}

@inproceedings{fan2022faceformer,
  title={Faceformer: Speech-driven 3d facial animation with transformers},
  author={Fan, Yingruo and Lin, Zhaojiang and Saito, Jun and Wang, Wenping and Komura, Taku},
  booktitle={Proceedings of CVPR},
  year={2022}
}

@article{karras2017audio,
  title={Audio-driven facial animation by joint end-to-end learning of pose and emotion},
  author={Karras, Tero and Aila, Timo and Laine, Samuli and Herva, Antti and Lehtinen, Jaakko},
  journal={ACM Transactions on Graphics},
  volume={36},
  year={2017},
}

@inproceedings{richard2021meshtalk,
  title={Meshtalk: 3d face animation from speech using cross-modality disentanglement},
  author={Richard, Alexander and Zollh{\"o}fer, Michael and Wen, Yandong and De la Torre, Fernando and Sheikh, Yaser},
  booktitle={Proceedings of CVPR},
  year={2021}
}

@article{egger20203d,
  title={3d morphable face models—past, present, and future},
  author={Egger, Bernhard and Smith, William AP and Tewari, Ayush and Wuhrer, Stefanie and Zollhoefer, Michael and Beeler, Thabo and Bernard, Florian and Bolkart, Timo and Kortylewski, Adam and Romdhani, Sami and others},
  journal={ACM Transactions on Graphics},
  volume={39},
  year={2020},

}

@article{song2022everybody,
  title={Everybody’s talkin’: Let me talk as you want},
  author={Song, Linsen and Wu, Wayne and Qian, Chen and He, Ran and Loy, Chen Change},
  journal={IEEE Transactions on Information Forensics and Security},
  volume={17},
  year={2022},
  publisher={IEEE}
}

@ARTICLE{88573,

  author={Umeyama, S.},

  journal={IEEE Transactions on Pattern Analysis and Machine Intelligence}, 

  title={Least-squares estimation of transformation parameters between two point patterns}, 

  year={1991},

  volume={13}}

@inproceedings{thies2020neural,
  title={Neural voice puppetry: Audio-driven facial reenactment},
  author={Thies, Justus and Elgharib, Mohamed and Tewari, Ayush and Theobalt, Christian and Nie{\ss}ner, Matthias},
  booktitle={Proceedings of  ECCV},
  year={2020},

}

@article{ye2022audio,
  title={Audio-driven talking face video generation with dynamic convolution kernels},
  author={Ye, Zipeng and Xia, Mengfei and Yi, Ran and Zhang, Juyong and Lai, Yu-Kun and Huang, Xuwei and Zhang, Guoxin and Liu, Yong-jin},
  journal={IEEE Transactions on Multimedia},
  year={2022},
}

@inproceedings{zhang2021flow,
  title={Flow-guided one-shot talking face generation with a high-resolution audio-visual dataset},
  author={Zhang, Zhimeng and Li, Lincheng and Ding, Yu and Fan, Changjie},
  booktitle={Proceedings of CVPR},
  year={2021}
}

@inproceedings{ho2020denoising,
  title={Denoising diffusion probabilistic models},
  author={Ho, Jonathan and Jain, Ajay and Abbeel, Pieter},
  booktitle={Proceedings of NeurIPS},
  year={2020}
}

@inproceedings{goodfellow2014generative,
  title={Generative adversarial nets},
  author={Goodfellow, Ian and Pouget-Abadie, Jean and Mirza, Mehdi and Xu, Bing and Warde-Farley, David and Ozair, Sherjil and Courville, Aaron and Bengio, Yoshua},
  booktitle={Proceedings of NeurIPS},
  year={2014}
}

@inproceedings{gan2017triangle,
  title={Triangle generative adversarial networks},
  author={Gan, Zhe and Chen, Liqun and Wang, Weiyao and Pu, Yuchen and Zhang, Yizhe and Liu, Hao and Li, Chunyuan and Carin, Lawrence},
  booktitle={Proceedings of NeurIPS},
  year={2017}
}

@article{reed2016generative,
  title={Generative adversarial text to image synthesis},
  author={Reed, Scott and Akata, Zeynep and Yan, Xinchen and Logeswaran, Lajanugen and Schiele, Bernt and Lee, Honglak},
  journal={arXiv preprint arXiv:1605.05396},
  year={2016}
}

@article{di2017face,
  title={Face Synthesis from Visual Attributes via Sketch using Conditional {VAEs} and {GANs}},
  author={Di, Xing and Patel, Vishal M},
  journal={arXiv preprint arXiv:1801.00077},
  year={2017}
}

@inproceedings{yan2016attribute2image,
  title={Attribute2image: Conditional image generation from visual attributes},
  author={Yan, Xinchen and Yang, Jimei and Sohn, Kihyuk and Lee, Honglak},
  booktitle={Proceedings of ECCV},
  year={2016}
}

@article{mirza2014conditional,
  title={Conditional generative adversarial nets},
  author={Mirza, Mehdi and Osindero, Simon},
  journal={arXiv preprint arXiv:1411.1784},
  year={2014}
}

@article{dantcheva2015else,
  title={What else does your biometric data reveal? A survey on soft biometrics},
  author={A. Dantcheva and P. Elia and A. Ross},
  journal={IEEE Transactions on Information Forensics and Security},
  year={2015}
}

@article{nixon2015soft,
  title={On soft biometrics},
  author={Nixon, Mark S and Correia, Paulo L and Nasrollahi, Kamal and Moeslund, Thomas B and Hadid, Abdenour and Tistarelli, Massimo},
  journal={Pattern Recognition Letters},
  volume={68},
  year={2015},
}

@InProceedings{ JDN:04b,
	title = {Soft biometric traits for personal recognition systems},
	author = {A. K. Jain and S. C. Dass and K. Nandakumar},
	booktitle = {Proceedings of ICBA},
	year = {2004}
}

@article{zhang2018compositional,
  title={Compositional model-based sketch generator in facial entertainment},
  author={Zhang, Mingjin and Li, Jie and Wang, Nannan and Gao, Xinbo},
  journal={IEEE transactions on cybernetics},
  volume={48},
  year={2018},
  publisher={IEEE}
}

@article{zhang2016robust,
  title={Robust face sketch style synthesis},
  author={Zhang, Shengchuan and Gao, Xinbo and Wang, Nannan and Li, Jie},
  journal={IEEE Transactions on Image Processing},
  volume={25},
  year={2016},
}

@article{klum2014facesketchid,
  title={The FaceSketchID system: Matching facial composites to mugshots},
  author={Klum, Scott J and Han, Hu and Klare, Brendan F and Jain, Anil K},
  journal={IEEE Transactions on Information Forensics and Security},
  volume={9},
  year={2014},
}

@article{sweegers2014neural,
  title={Neural mechanisms supporting the extraction of general knowledge across episodic memories},
  author={Sweegers, Carly CG and Takashima, Atsuko and Fern{\'a}ndez, Guill{\'e}n and Talamini, Lucia M},
  journal={Neuroimage},
  volume={87},
  year={2014},
}

@Online{mugshot,
title = {FACES 4.0, http://www.iqbiometrix.com, 2018},
url = {http://www.iqbiometrix.com},
book = {IQ Biometrics},
year = {2014},
}

@article{choi2017stargan,
  title={{StarGAN}: Unified Generative Adversarial Networks for Multi-Domain Image-to-Image Translation},
  author={Choi, Yunjey and Choi, Minje and Kim, Munyoung and Ha, Jung-Woo and Kim, Sunghun and Choo, Jaegul},
  journal={arXiv preprint arXiv:1711.09020},
  year={2017}
}

@inproceedings{makeupgan,
title = {{PairedCycleGAN}: Asymmetric Style Transfer for Applying and Removing Makeup},
author = {Huiwen Chang and Jingwan Lu and Fisher Yu and Adam Finkelstein}, 
booktitle = {Proceedings of CVPR},
year = {2018}
}

@inproceedings{liu2015deep,
  title={Deep learning face attributes in the wild},
  author={Liu, Ziwei and Luo, Ping and Wang, Xiaogang and Tang, Xiaoou},
  booktitle={Proceedings of ICCV},
  year={2015}
}

@inproceedings{NIPS2016_6125,
title = {Improved Techniques for Training {GANs}},
author = {Salimans, Tim and Goodfellow, Ian and Zaremba, Wojciech and Cheung, Vicki and Radford, Alec and Chen, Xi and Chen, Xi},
booktitle = {Proceedings of NeurIPS},
year = {2016}
}

@article{DBLP:journals/corr/HeuselRUNKH17,
  author    = {Martin Heusel and
               Hubert Ramsauer and
               Thomas Unterthiner and
               Bernhard Nessler and
               G{\"{u}}nter Klambauer and
               Sepp Hochreiter},
  title     = {{GANs} Trained by a Two Time-Scale Update Rule Converge to a Nash Equilibrium},
  journal={arXiv preprint arXiv:1706.08500},
  year      = {2017}
}

@article{Rothe:2018:DER:3191121.3191162,
 author = {Rothe, Rasmus and Timofte, Radu and Van Gool, Luc},
 title = {Deep Expectation of Real and Apparent Age from a Single Image Without Facial Landmarks},
 journal = {Int. J. Comput. Vision},
 issue_date = {April     2018},
 volume = {126},
 year = {2018},
} 

@online{face++,
  year= {2018},
  author = {Face++},
  title = {Face++ API, https://www.faceplusplus.com.cn/, 2018},
  url = {https://www.faceplusplus.com.cn/}
}

@online{dface,
  year= {2018},
  author = {DFace},
  title = {DeepLearning Face, https://github.com/kuaikuaikim/DFace, 2018},
  url = {https://github.com/kuaikuaikim/DFace}
}

@online{dlib,
  year= {2018},
  author = {dlib},
  title = {http://dlib.net/},
  url = {http://dlib.net/}
}

@inproceedings{dibekliouglu2012you,
  title={Are you really smiling at me? Spontaneous versus posed enjoyment smiles},
  author={Dibeklio{\u{g}}lu, Hamdi and Salah, Albert Ali and Gevers, Theo},
  booktitle={Proceedings of ECCV},
  year={2012}
}

@inproceedings{vondrick2016generating,
  title={Generating videos with scene dynamics},
  author={Vondrick, Carl and Pirsiavash, Hamed and Torralba, Antonio},
  booktitle={Proceedings of  NeurIPS},
  year={2016}
}

@inproceedings{saito2017temporal,
  title={Temporal generative adversarial nets with singular value clipping},
  author={Saito, Masaki and Matsumoto, Eiichi and Saito, Shunta},
  booktitle={Proceedings of  ICCV},
  year={2017}
}

@inproceedings{tulyakov2017mocogan,
  title={{MoCoGAN}: Decomposing motion and content for video generation},
  author={Tulyakov, Sergey and Liu, Ming-Yu and Yang, Xiaodong and Kautz, Jan},
  booktitle={Proceedings of  CVPR},
  year={2018}
}

@article{lu2017conditional,
  title={Conditional {CycleGAN} for attribute guided face image generation},
  author={Lu, Yongyi and Tai, Yu-Wing and Tang, Chi-Keung},
  journal={arXiv preprint arXiv:1705.09966},
  year={2017}
}

@inproceedings{miyato2018spectral,
title={Spectral Normalization for Generative Adversarial Networks},
author={Takeru Miyato and Toshiki Kataoka and Masanori Koyama and Yuichi Yoshida},
booktitle={Proceedings of  ICLR},
year={2018}
}

@Article{Dantcheva2011,
author="Dantcheva, Antitza
and Velardo, Carmelo
and D'Angelo, Angela
and Dugelay, Jean-Luc",
title="Bag of soft biometrics for person identification",
journal="Multimedia Tools and Applications",
year="2011",
volume="51",
}

@INPROCEEDINGS{7294927,
author={Cunjian Chen and Antitza Dantcheva and Arun Ross},
booktitle={Proceedings of VISAPP},
title={Impact of facial cosmetics on automatic gender and age estimation algorithms},
year={2014},
}


@inproceedings{wang2018biosig,
title={From attributes to faces: a conditional generative adversarial network for face generation},
author={Yaohui Wang and Antitza Dantcheva and Francois Bremond},
booktitle={Proceedings of  BIOSIG},
year={2017}
}

@article{arjovsky2017wasserstein,
  title={Wasserstein {GAN}},
  author={Arjovsky, Martin and Chintala, Soumith and Bottou, L{\'e}on},
  journal={arXiv preprint arXiv:1701.07875},
  year={2017}
}

@article{berthelot2017began,
  title={{BEGAN}: boundary equilibrium generative adversarial networks},
  author={Berthelot, David and Schumm, Thomas and Metz, Luke},
  journal={arXiv preprint arXiv:1703.10717},
  year={2017}
}

@article{zhang2017facial,
  title={Facial expression recognition based on deep evolutional spatial-temporal networks},
  author={Zhang, Kaihao and Huang, Yongzhen and Du, Yong and Wang, Liang},
  journal={IEEE Transactions on Image Processing},
  volume={26},
  year={2017},
}

@article{sariyanidi2017learning,
  title={Learning bases of activity for facial expression recognition},
  author={Sariyanidi, Evangelos and Gunes, Hatice and Cavallaro, Andrea},
  journal={IEEE Transactions on Image Processing},
  volume={26},
  year={2017},
}

@inproceedings{ding2017facenet2expnet,
  title={Facenet2expnet: Regularizing a deep face recognition net for expression recognition},
  author={Ding, Hui and Zhou, Shaohua Kevin and Chellappa, Rama},
  booktitle={Proceedings of FG},
  year={2017},
}

@article{zen2016learning,
  title={Learning personalized models for facial expression analysis and gesture recognition},
  author={Zen, Gloria and Porzi, Lorenzo and Sangineto, Enver and Ricci, Elisa and Sebe, Nicu},
  journal={IEEE Transactions on Multimedia},
  volume={18},
  year={2016},
}

@inproceedings{yang2018facial,
  title={Facial Expression Recognition by De-Expression Residue Learning},
  author={Yang, Huiyuan and Ciftci, Umur and Yin, Lijun},
  booktitle={Proceedings of CVPR},
  year={2018}
}

@inproceedings{cheng20184dfab,
  title={4DFAB: A Large Scale 4D Database for Facial Expression Analysis and Biometric Applications},
  author={Cheng, Shiyang and Kotsia, Irene and Pantic, Maja and Zafeiriou, Stefanos},
  booktitle={Proceedings of  CVPR},
  year={2018}
}

@article{martinez2017automatic,
  title={Automatic analysis of facial actions: A survey},
  author={Martinez, Brais and Valstar, Michel F and Jiang, Bihan and Pantic, Maja},
  journal={IEEE Transactions on Affective Computing},
  year={2017},
}

@inproceedings{kulkarni2015deep,
  title={Deep convolutional inverse graphics network},
  author={Kulkarni, Tejas D and Whitney, William F and Kohli, Pushmeet and Tenenbaum, Josh},
  booktitle={Proceedings of NeurIPS},
  year={2015}
}

@article{koppula2016anticipating,
  title={Anticipating human activities using object affordances for reactive robotic response},
  author={Koppula, Hema S and Saxena, Ashutosh},
  journal={IEEE Transactions on Pattern Analysis and Machine Intelligence},
  volume={38},
  year={2016},
}

@inproceedings{oh2015action,
  title={Action-conditional video prediction using deep networks in atari games},
  author={Oh, Junhyuk and Guo, Xiaoxiao and Lee, Honglak and Lewis, Richard L and Singh, Satinder},
  booktitle={Proceedings of NeurIPS},
  year={2015}
}
@inproceedings{srivastava2015unsupervised,
  title={Unsupervised learning of video representations using {LSTMs}},
  author={Srivastava, Nitish and Mansimov, Elman and Salakhudinov, Ruslan},
  booktitle={Proceedings of ICML},
  year={2015}
}

@inproceedings{aifanti2010mug,
  title={The MUG facial expression database},
  author={Aifanti, Niki and Papachristou, Christos and Delopoulos, Anastasios},
  booktitle={Workshop on Image analysis for multimedia interactive services (WIAMIS)},
  year={2010},
}


@article{villegas2017decomposing,
  title={Decomposing motion and content for natural video sequence prediction},
  author={Villegas, Ruben and Yang, Jimei and Hong, Seunghoon and Lin, Xunyu and Lee, Honglak},
  journal={arXiv preprint arXiv:1706.08033},
  year={2017}
}

@article{villegas2017learning,
  title={Learning to generate long-term future via hierarchical prediction},
  author={Villegas, Ruben and Yang, Jimei and Zou, Yuliang and Sohn, Sungryull and Lin, Xunyu and Lee, Honglak},
  journal={arXiv preprint arXiv:1704.05831},
  year={2017}
}

@inproceedings{zhao2018learning,
  title={Learning to forecast and refine residual motion for image-to-video generation},
  author={Zhao, Long and Peng, Xi and Tian, Yu and Kapadia, Mubbasir and Metaxas, Dimitris},
  booktitle={Proceedings of ECCV},
  year={2018}
}



@techreport{amos2016openface,
  title={OpenFace: A general-purpose face recognition library with mobile applications},
  author={Amos, Brandon and Bartosz Ludwiczuk and Satyanarayanan, Mahadev},
  year={2016},
  institution={CMU-CS-16-118, CMU School of Computer Science},
}

@inproceedings{isola2017image,
  title={{Image-to-Image Translation with Conditional Adversarial Networks}},
  author={Isola, Phillip and Zhu, Jun-Yan and Zhou, Tinghui and Efros, Alexei A},
  booktitle={Proceedings of CVPR},
  year={2017}
}

@inproceedings{esser2018variational,
  title={A Variational U-Net for Conditional Appearance and Shape Generation},
  author={Esser, Patrick and Sutter, Ekaterina and Ommer, Bj{\"o}rn},
  booktitle={Proceedings of CVPR},
  year={2018}
}

@inproceedings{olszewski2017realistic,
  title={Realistic dynamic facial textures from a single image using gans},
  author={Olszewski, Kyle and Li, Zimo and Yang, Chao and Zhou, Yi and Yu, Ronald and Huang, Zeng and Xiang, Sitao and Saito, Shunsuke and Kohli, Pushmeet and Li, Hao},
  booktitle={Proceedings of ICCV},
  year={2017}
}

@inproceedings{thies2016face2face,
  title={Face2face: Real-time face capture and reenactment of {RGB} videos},
  author={Thies, Justus and Zollhofer, Michael and Stamminger, Marc and Theobalt, Christian and Nie{\ss}ner, Matthias},
  booktitle={Proceedings of CVPR},
  year={2016}
}
@inproceedings{laine2017production,
  title={Production-level facial performance capture using deep convolutional neural networks},
  author={Laine, Samuli and Karras, Tero and Aila, Timo and Herva, Antti and Saito, Shunsuke and Yu, Ronald and Li, Hao and Lehtinen, Jaakko},
  booktitle={Proceedings of  SIGGRAPH},
  year={2017},
}

@inproceedings{NIPS2014_5353,
title = {Two-Stream Convolutional Networks for Action Recognition in Videos},
author = {Simonyan, Karen and Zisserman, Andrew},
booktitle = {Proceedings of NeurIPS},
editor = {Z. Ghahramani and M. Welling and C. Cortes and N. D. Lawrence and K. Q. Weinberger},
year = {2014}
}

@article{kingma2014adam,
  title={Adam: A method for stochastic optimization},
  author={Kingma, Diederik P and Ba, Jimmy},
  journal={arXiv preprint arXiv:1412.6980},
  year={2014}
}

@inproceedings{tran2018closer,
  title={A Closer Look at Spatiotemporal Convolutions for Action Recognition},
  author={Tran, Du and Wang, Heng and Torresani, Lorenzo and Ray, Jamie and LeCun, Yann and Paluri, Manohar},
  booktitle={Proceedings of CVPR},
  year={2018}
}

@article{taigman2016unsupervised,
  title={Unsupervised cross-domain image generation},
  author={Taigman, Yaniv and Polyak, Adam and Wolf, Lior},
  journal={arXiv preprint arXiv:1611.02200},
  year={2016}
}

@inproceedings{zhu2017unpaired,
  title={{Unpaired Image-to-Image Translation using Cycle-Consistent Adversarial Networks}},
  author={Zhu, Jun-Yan and Park, Taesung and Isola, Phillip and Efros, Alexei A},
  booktitle={Proceedings of ICCV},
  year={2017}
}

@inproceedings{ledig2017photo,
  title={Photo-Realistic Single Image Super-Resolution Using a Generative Adversarial Network.},
  author={Ledig, Christian and Theis, Lucas and Husz{\'a}r, Ferenc and Caballero, Jose and Cunningham, Andrew and Acosta, Alejandro and Aitken, Andrew P and Tejani, Alykhan and Totz, Johannes and Wang, Zehan and others},
  booktitle={Proceedings of CVPR},
  year={2017}
}

@inproceedings{shen2018faceid,
  title={{FaceID-GAN}: Learning a Symmetry Three-Player {GAN} for Identity-Preserving Face Synthesis},
  author={Shen, Yujun and Luo, Ping and Yan, Junjie and Wang, Xiaogang and Tang, Xiaoou},
  booktitle={Proceedings of CVPR},
  year={2018}
}

@inproceedings{ronneberger2015u,
  title={U-net: Convolutional networks for biomedical image segmentation},
  author={Ronneberger, Olaf and Fischer, Philipp and Brox, Thomas},
  booktitle={Proceedings of MICCAI},
  year={2015},
}

@article{radford2015unsupervised,
  title={Unsupervised representation learning with deep convolutional generative adversarial networks},
  author={Radford, Alec and Metz, Luke and Chintala, Soumith},
  journal={arXiv preprint arXiv:1511.06434},
  year={2015}
}

@inproceedings{sage2017logo,
  title={{Logo Synthesis and Manipulation with Clustered Generative Adversarial Networks}},
  author={Sage, Alexander and Agustsson, Eirikur and Timofte, Radu and Van Gool, Luc},
  booktitle={Proceedings of CVPR},
  year={2018}
}

@inproceedings{pathak2016context,
  title={Context encoders: Feature learning by inpainting},
  author={Pathak, Deepak and Krahenbuhl, Philipp and Donahue, Jeff and Darrell, Trevor and Efros, Alexei A},
  booktitle={Proceedings of CVPR},
  year={2016}
}

@inproceedings{wang2016generative,
  title={Generative image modeling using style and structure adversarial networks},
  author={Wang, Xiaolong and Gupta, Abhinav},
  booktitle={Proceedings of ECCV},
  year={2016}
}

@inproceedings{jang2018video,
  title={{Video Prediction with Appearance and Motion Conditions}},
  author={Jang, Yunseok and Kim, Gunhee and Song, Yale},
  booktitle={Proceedings of ICML},
  year={2018}
}

@inproceedings{tran2015learning,
  title={Learning spatiotemporal features with 3d convolutional networks},
  author={Tran, Du and Bourdev, Lubomir and Fergus, Rob and Torresani, Lorenzo and Paluri, Manohar},
  booktitle={Proceedings of ICCV},
  year={2015}
}

@inproceedings{villegas2017decomposing,
  title={Decomposing motion and content for natural video sequence prediction},
  author={Villegas, Ruben and Yang, Jimei and Hong, Seunghoon and Lin, Xunyu and Lee, Honglak},
  booktitle={Proceedings of ICLR},
  year={2017}
}

@inproceedings{ryoo2011human,
  title={Human activity prediction: Early recognition of ongoing activities from streaming videos},
  author={Ryoo, Michael S},
  booktitle={Proceedings of ICCV},
  year={2011}
}

@inproceedings{lan2014hierarchical,
  title={A hierarchical representation for future action prediction},
  author={Lan, Tian and Chen, Tsung-Chuan and Savarese, Silvio},
  booktitle={Proceedings of ECCV},
  year={2014}
}

@inproceedings{yuen2010data,
  title={A data-driven approach for event prediction},
  author={Yuen, Jenny and Torralba, Antonio},
  booktitle={Proceedings of ECCV},
  year={2010}
}

@article{hoai2014max,
  title={Max-margin early event detectors},
  author={Hoai, Minh and De la Torre, Fernando},
  journal={International Journal of Computer Vision},
  volume={107},
  year={2014},
}
@inproceedings{pintea2014deja,
  title={D{\'e}ja vu},
  author={Pintea, Silvia L and van Gemert, Jan C and Smeulders, Arnold WM},
  booktitle={Proceedings of ECCV},
  year={2014}
}

@inproceedings{walker2016uncertain,
  title={An uncertain future: Forecasting from static images using variational autoencoders},
  author={Walker, Jacob and Doersch, Carl and Gupta, Abhinav and Hebert, Martial},
  booktitle={Proceedings of ECCV},
  year={2016}
}
@inproceedings{walker2014patch,
  title={Patch to the future: Unsupervised visual prediction},
  author={Walker, Jacob and Gupta, Abhinav and Hebert, Martial},
  booktitle={Proceedings of CVPR},
  year={2014}
}

@article{jaiswal2017bidirectional,
  title={Bidirectional Conditional Generative Adversarial Networks},
  author={Jaiswal, Ayush and AbdAlmageed, Wael and Wu, Yue and Natarajan, Premkumar},
  journal={arXiv preprint arXiv:1711.07461},
  year={2017}
}

@inproceedings{bousmalis2017unsupervised,
  title={Unsupervised pixel-level domain adaptation with generative adversarial networks},
  author={Bousmalis, Konstantinos and Silberman, Nathan and Dohan, David and Erhan, Dumitru and Krishnan, Dilip},
  booktitle={Proceedings of CVPR},
  year={2017}
}

@inproceedings{huang2017expecting,
  title={Expecting the unexpected: Training detectors for unusual pedestrians with adversarial imposters},
  author={Huang, Shiyu and Ramanan, Deva},
  booktitle={Proceedings of CVPR},
  year={2017}
}

@inproceedings{li2017perceptual,
  title={Perceptual generative adversarial networks for small object detection},
  author={Li, Jianan and Liang, Xiaodan and Wei, Yunchao and Xu, Tingfa and Feng, Jiashi and Yan, Shuicheng},
  booktitle={Proceedings of CVPR},
  year={2017}
}

@inproceedings{kingma2013auto,
  title={Auto-Encoding Variational Bayes},
  author={Kingma, Diederik P. and Welling, Max},
  booktitle={Proceedings of ICLR},
  year={2014}
}

@inproceedings{mathieu2016disentangling,
  title={Disentangling factors of variation in deep representation using adversarial training},
  author={Mathieu, Michael F and Zhao, Junbo Jake and Zhao, Junbo and Ramesh, Aditya and Sprechmann, Pablo and LeCun, Yann},
  booktitle={Proceedings of NeurIPS},
  year={2016}
}

@article{mescheder2017adversarial,
  title={Adversarial variational bayes: Unifying variational autoencoders and generative adversarial networks},
  author={Mescheder, Lars and Nowozin, Sebastian and Geiger, Andreas},
  journal={arXiv preprint arXiv:1701.04722},
  year={2017}
}

@inproceedings{finn2016unsupervised,
  title={Unsupervised learning for physical interaction through video prediction},
  author={Finn, Chelsea and Goodfellow, Ian and Levine, Sergey},
  booktitle={Proceedings of  NeurIPS},
  year={2016}
}

@inproceedings{mathieu2015deep,
  title={{Deep Multi-Scale Video Prediction Beyond Mean Square Error}},
  author={Mathieu, Michael and Couprie, Camille and LeCun, Yann},
  booktitle={Proceedings of ICLR},
  year={2016}
}

@inproceedings{Song2011TrackingBA,
  title={{Tracking Body and Hands For Gesture Recognition: NATOPS Aircraft Handling Signals Database}},
  author={Yale Song and David Demirdjian and Randall Davis},
  booktitle={Proceedings of FG},
  year={2011}
}

@inproceedings{wang2018vid2vid,
   author    = {Ting-Chun Wang and Ming-Yu Liu and Jun-Yan Zhu and Guilin Liu
                and Andrew Tao and Jan Kautz and Bryan Catanzaro},
   title     = {Video-to-Video Synthesis},
   booktitle = {Proceedings of NeurIPS},
   year      = {2018}
}

@inproceedings{hara2018can,
  title={{Can Spatiotemporal 3D CNNs Retrace the History of 2D CNNs and ImageNet?}},
  author={Hara, Kensho and Kataoka, Hirokatsu and Satoh, Yutaka},
  booktitle={Proceedings of CVPR},
  year={2018}
}

@inproceedings{odena2017conditional,
  title={{Conditional Image Synthesis With Auxiliary Classifier GANs}},
  author={Odena, Augustus and Olah, Christopher and Shlens, Jonathon},
  booktitle={Proceedings of ICML},
  year={2017}
}

@inproceedings{
miyato2018cgans,
title={c{GAN}s with Projection Discriminator},
author={Takeru Miyato and Masanori Koyama},
booktitle={Proceedings of ICLR},
year={2018}
}

@article{ActionsAsSpaceTimeShapes_pami07,
  author 	= {Lena Gorelick and Moshe Blank and Eli Shechtman and Michal Irani and Ronen Basri},
  title 	= {Actions as Space-Time Shapes},
  journal 	= {IEEE Transactions on Pattern Analysis and Machine Intelligence},
  volume 	= {29},
  year 		= {2007}
}

@article{kay2017kinetics,
  title={The kinetics human action video dataset},
  author={Kay, Will and Carreira, Joao and Simonyan, Karen and Zhang, Brian and Hillier, Chloe and Vijayanarasimhan, Sudheendra and Viola, Fabio and Green, Tim and Back, Trevor and Natsev, Paul and others},
  journal={arXiv preprint arXiv:1705.06950},
  year={2017}
}

@techreport{soomro2012ucf101,
  title={{UCF101: A Dataset of 101 Human Action Classes From Videos in The Wild}},
  author={Soomro, Khurram and Zamir, Amir Roshan and Shah, Mubarak},
  year={2012},
  institution={CRCV-TR-12-01}
}

@article{zhang2018self,
  title={{Self-Attention Generative Adversarial Networks}},
  author={Zhang, Han and Goodfellow, Ian and Metaxas, Dimitris and Odena, Augustus},
  journal={arXiv preprint arXiv:1805.08318},
  year={2018}
}

@inproceedings{brock2018large,
title={Large Scale {GAN} Training for High Fidelity Natural Image Synthesis},
author={Andrew Brock and Jeff Donahue and Karen Simonyan},
booktitle={Proceedings of ICLR},
year={2019}
}

@InProceedings{pmlr-v80-wichers18a,
  title = 	 {Hierarchical Long-term Video Prediction without Supervision},
  author = 	 {wichers, Nevan and Villegas, Ruben and Erhan, Dumitru and Lee, Honglak},
  booktitle = 	 {Proceedings of ICML},
  year = 	 {2018}
}

@article{NextSegmPredICCV17,
  title={Predicting Deeper into the Future of Semantic Segmentation},
  author={Luc, Pauline and Neverova, Natalia and Couprie, Camille and Verbeek, Jacob and LeCun, Yann},
  journal={Proceedings of ICCV},
  year={2017}
}

@InProceedings{Reda_2018_ECCV,
author = {Reda, Fitsum A. and Liu, Guilin and Shih, Kevin J. and Kirby, Robert and Barker, Jon and Tarjan, David and Tao, Andrew and Catanzaro, Bryan},
title = {{SDC-Net: Video prediction using spatially-displaced convolution}},
booktitle = {Proceedings of ECCV},
year = {2018}
}

@inproceedings{liang2017dual,
  title={Dual motion GAN for future-flow embedded video prediction},
  author={Liang, Xiaodan and Lee, Lisa and Dai, Wei and Xing, Eric P},
  booktitle={Proceedings of ICCV},
  year={2017}
}

@inproceedings{denton2017unsupervised,
  title={{Unsupervised Learning of Disentangled Representations from Video}},
  author={Denton, Emily L and Birodkar, vighnesh},
  booktitle={Proceedings of NeurIPS},
  year={2017}
}

@InProceedings{pmlr-v80-denton18a,
  title = 	 {Stochastic Video Generation with a Learned Prior},
  author = 	 {Denton, Emily and Fergus, Rob},
  booktitle = 	 {Proceedings of ICML},
  year = 	 {2018}
}

@inproceedings{yang2018pose,
  title={Pose guided human video generation},
  author={Yang, Ceyuan and Wang, Zhe and Zhu, Xinge and Huang, Chen and Shi, Jianping and Lin, Dahua},
  booktitle={Proceedings of ECCV},
  year={2018}
}

@inproceedings{
mishra2018a,
title={A Simple Neural Attentive Meta-Learner},
author={Nikhil Mishra and Mostafa Rohaninejad and Xi Chen and Pieter Abbeel},
booktitle={Proceedings of ICLR},
year={2018}
}

@inproceedings{li2018flow,
  title={Flow-grounded spatial-temporal video prediction from still images},
  author={Li, Yijun and Fang, Chen and Yang, Jimei and Wang, Zhaowen and Lu, Xin and Yang, Ming-Hsuan},
  booktitle={Proceedings of ECCV},
  year={2018}
}

@article{Hochreiter:1997:LSM:1246443.1246450,
 author = {Hochreiter, Sepp and Schmidhuber, J\"{u}rgen},
 title = {Long Short-Term Memory},
 journal = {Neural Comput.},
 issue_date = {November 15, 1997},
 volume = {9},
 year = {1997},
 numpages = {46},
} 

@article{chung2014empirical,
  title={Empirical evaluation of gated recurrent neural networks on sequence modeling},
  author={Chung, Junyoung and Gulcehre, Caglar and Cho, KyungHyun and Bengio, Yoshua},
  journal={arXiv preprint arXiv:1412.3555},
  year={2014}
}

@inproceedings{choi2018stargan,
  title={Stargan: Unified generative adversarial networks for multi-domain image-to-image translation},
  author={Choi, Yunjey and Choi, Minje and Kim, Munyoung and Ha, Jung-Woo and Kim, Sunghun and Choo, Jaegul},
  booktitle={Proceedings of CVPR},
  year={2018}
}

@InProceedings{Zhao_2018_ECCV,
author = {Zhao, Long and Peng, Xi and Tian, Yu and Kapadia, Mubbasir and Metaxas, Dimitris},
title = {Learning to Forecast and Refine Residual Motion for Image-to-Video Generation},
booktitle = {Proceedings of ECCV},
year = {2018}
}

@inproceedings{walker2017pose,
  title={The pose knows: Video forecasting by generating pose futures},
  author={Walker, Jacob and Marino, Kenneth and Gupta, Abhinav and Hebert, Martial},
  booktitle={Proceedings of ICCV},
  year={2017}
}

@inproceedings{xue2016visual,
  title={Visual dynamics: Probabilistic future frame synthesis via cross convolutional networks},
  author={Xue, Tianfan and Wu, Jiajun and Bouman, Katherine and Freeman, Bill},
  booktitle={Proceedings of NeurIPS},
  year={2016}
}

@inproceedings{yan2016attribute2image,
  title={Attribute2image: Conditional image generation from visual attributes},
  author={Yan, Xinchen and Yang, Jimei and Sohn, Kihyuk and Lee, Honglak},
  booktitle={Proceedings of ECCV},
  year={2016}
}

@inproceedings{zhu2017unpaired,
  title={Unpaired image-to-image translation using cycle-consistent adversarial networks},
  author={Zhu, Jun-Yan and Park, Taesung and Isola, Phillip and Efros, Alexei A},
  booktitle={Proceedings of ICCV},
  year={2017}
}

@inproceedings{sutskever2014sequence,
  title={Sequence to sequence learning with neural networks},
  author={Sutskever, Ilya and Vinyals, Oriol and Le, Quoc V},
  booktitle={Proceedings of NeurIPS},
  year={2014}
}

@InProceedings{pmlr-v80-denton18a,
  title = 	 {Stochastic Video Generation with a Learned Prior},
  author = 	 {Denton, Emily and Fergus, Rob},
  booktitle = 	 {Proceedings of ICML},
  year = 	 {2018},
  publisher = 	 {Proceedings of PMLR},
}

@inproceedings{NIPS2017_7240,
title = {GANs Trained by a Two Time-Scale Update Rule Converge to a Local Nash Equilibrium},
author = {Heusel, Martin and Ramsauer, Hubert and Unterthiner, Thomas and Nessler, Bernhard and Hochreiter, Sepp},
booktitle = {Proceedings of NeurIPS},
year = {2017}
}

@inproceedings{long2015fully,
  title={Fully convolutional networks for semantic segmentation},
  author={Long, Jonathan and Shelhamer, Evan and Darrell, Trevor},
  booktitle={Proceedings of CVPR},
  year={2015}
}

@inproceedings{karras2019style,
  title={A style-based generator architecture for generative adversarial networks},
  author={Karras, Tero and Laine, Samuli and Aila, Timo},
  booktitle={Proceedings of CVPR},
  year={2019}
}

@article{child2019generating,
  title={Generating long sequences with sparse transformers},
  author={Child, Rewon and Gray, Scott and Radford, Alec and Sutskever, Ilya},
  journal={arXiv preprint arXiv:1904.10509},
  year={2019}
}


@inproceedings{NIPS2016_6399,
title = {InfoGAN: Interpretable Representation Learning by Information Maximizing Generative Adversarial Nets},
author = {Chen, Xi and Duan, Yan and Houthooft, Rein and Schulman, John and Sutskever, Ilya and Abbeel, Pieter},
booktitle = {Proceedings of NeurIPS},
year = {2016}
}

@inproceedings{yang2018pose,
  title={Pose guided human video generation},
  author={Yang, Ceyuan and Wang, Zhe and Zhu, Xinge and Huang, Chen and Shi, Jianping and Lin, Dahua},
  booktitle={Proceedings of ECCV},
  year={2018}
}

@inproceedings{zhou2019talking,
  title     = {Talking Face Generation by Adversarially Disentangled Audio-Visual Representation},
  author    = {Zhou, Hang and Liu, Yu and Liu, Ziwei and Luo, Ping and Wang, Xiaogang},
  booktitle = {Proceedings of AAAI},
  year      = {2019},
}

@inproceedings{chan2019everybody,
  title={Everybody dance now},
  author={Chan, Caroline and Ginosar, Shiry and Zhou, Tinghui and Efros, Alexei A},
  booktitle={Proceedings of ICCV},
  year={2019}
}

@article{bengio2013representation,
  title={Representation learning: A review and new perspectives},
  author={Bengio, Yoshua and Courville, Aaron and Vincent, Pascal},
  journal={IEEE Transactions on Pattern Analysis and Machine Intelligence},
  volume={35},
  year={2013},
}

@article{higgins2017beta,
  title={beta-VAE: Learning Basic Visual Concepts with a Constrained Variational Framework.},
  author={Higgins, Irina and Matthey, Loic and Pal, Arka and Burgess, Christopher and Glorot, Xavier and Botvinick, Matthew and Mohamed, Shakir and Lerchner, Alexander},
  journal={Proceedings of ICLR},
  year={2017}
}

@article{karras2017progressive,
  title={Progressive growing of gans for improved quality, stability, and variation},
  author={Karras, Tero and Aila, Timo and Laine, Samuli and Lehtinen, Jaakko},
  journal={arXiv preprint arXiv:1710.10196},
  year={2017}
}


@inproceedings{he2018probabilistic,
  title={Probabilistic video generation using holistic attribute control},
  author={He, Jiawei and Lehrmann, Andreas and Marino, Joseph and Mori, Greg and Sigal, Leonid},
  booktitle={Proceedings of ECCV},
  year={2018}
}

@inproceedings{xu2018attngan,
  title={Attngan: Fine-grained text to image generation with attentional generative adversarial networks},
  author={Xu, Tao and Zhang, Pengchuan and Huang, Qiuyuan and Zhang, Han and Gan, Zhe and Huang, Xiaolei and He, Xiaodong},
  booktitle={Proceedings of CVPR},
  year={2018}
}

@inproceedings{ma2018disentangled,
  title={Disentangled person image generation},
  author={Ma, Liqian and Sun, Qianru and Georgoulis, Stamatios and Van Gool, Luc and Schiele, Bernt and Fritz, Mario},
  booktitle={Proceedings of CVPR},
  year={2018}
}

@inproceedings{zhao2019image,
  title={Image generation from layout},
  author={Zhao, Bo and Meng, Lili and Yin, Weidong and Sigal, Leonid},
  booktitle={Proceedings of CVPR},
  year={2019}
}

@inproceedings{albahar2019guided,
  title={Guided Image-to-Image Translation with Bi-Directional Feature Transformation},
  author={AlBahar, Badour and Huang, Jia-Bin},
  booktitle={Proceedings of ICCV},
  year={2019}
}

@inproceedings{siddiquee2019learning,
  title={Learning Fixed Points in Generative Adversarial Networks: From Image-to-Image Translation to Disease Detection and Localization},
  author={Siddiquee, Md Mahfuzur Rahman and Zhou, Zongwei and Tajbakhsh, Nima and Feng, Ruibin and Gotway, Michael B and Bengio, Yoshua and Liang, Jianming},
  booktitle={Proceedings of ICCV},
  year={2019}
}

@inproceedings{romero2019smit,
  title={SMIT: Stochastic multi-label image-to-image translation},
  author={Romero, Andr{\'e}s and Arbel{\'a}ez, Pablo and Van Gool, Luc and Timofte, Radu},
  booktitle={Proceedings of ICCV Workshops},
  year={2019}
}

@article{pan2019video,
  title={Video Generation from Single Semantic Label Map},
  author={Pan, Junting and Wang, Chengyu and Jia, Xu and Shao, Jing and Sheng, Lu and Yan, Junjie and Wang, Xiaogang},
  journal={arXiv preprint arXiv:1903.04480},
  year={2019}
}

@article{pu2018jointgan,
  title={Jointgan: Multi-domain joint distribution learning with generative adversarial nets},
  author={Pu, Yunchen and Dai, Shuyang and Gan, Zhe and Wang, Weiyao and Wang, Guoyin and Zhang, Yizhe and Henao, Ricardo and Carin, Lawrence},
  journal={arXiv preprint arXiv:1806.02978},
  year={2018}
}


@inproceedings{chen2016infogan,
  title={Infogan: Interpretable representation learning by information maximizing generative adversarial nets},
  author={Chen, Xi and Duan, Yan and Houthooft, Rein and Schulman, John and Sutskever, Ilya and Abbeel, Pieter},
  booktitle={Proceedings of NeurIPS},
  year={2016}
}


@InProceedings{Singh_2019_CVPR,
author = {Singh, Krishna Kumar and Ojha, Utkarsh and Lee, Yong Jae},
title = {FineGAN: Unsupervised Hierarchical Disentanglement for Fine-Grained Object Generation and Discovery},
booktitle = {Proceedings of CVPR},
year = {2019}
}

@InProceedings{Lee_2018_ECCV,
author = {Lee, Hsin-Ying and Tseng, Hung-Yu and Huang, Jia-Bin and Singh, Maneesh and Yang, Ming-Hsuan},
title = {Diverse Image-to-Image Translation via Disentangled Representations},
booktitle = {Proceedings of ECCV},
year = {2018}
}

@InProceedings{i3d,
author = {Carreira, Joao and Zisserman, Andrew},
title = {Quo Vadis, Action Recognition? A New Model and the Kinetics Dataset},
booktitle = {Proceedings of CVPR},
year = {2017}
}

@InProceedings{imaginator,
  author = {WANG, Yaohui and Bilinski, Piotr and Bremond, Francois and Dantcheva, Antitza},
  title = {ImaGINator: Conditional Spatio-Temporal GAN for Video Generation},
  booktitle = {Proceedings of WACV},
  year = {2020}
}

@inproceedings{bulat2017far,
  title={How far are we from solving the 2D \& 3D Face Alignment problem? (and a dataset of 230,000 3D facial landmarks)},
  author={Bulat, Adrian and Tzimiropoulos, Georgios},
  booktitle={Proceedings of ICCV},
  year={2017}
}


@inproceedings{bau2019gandissect,
 title={GAN Dissection: Visualizing and Understanding Generative Adversarial Networks},
 author={Bau, David and Zhu, Jun-Yan and Strobelt, Hendrik and Zhou, Bolei and Tenenbaum, Joshua B. and Freeman, William T. and Torralba, Antonio},
 booktitle={Proceedings of ICLR},
 year={2019}
}


@inproceedings{stylegan2,
  title={Analyzing and Improving the Image Quality of {StyleGAN}},
  author={Tero Karras and Samuli Laine and Miika Aittala and Janne Hellsten and Jaakko Lehtinen and Timo Aila},
  booktitle={Proceedings of CVPR},
  year={2020}
}

@inproceedings{huang2018munit,
  title={Multimodal Unsupervised Image-to-image Translation},
  author={Huang, Xun and Liu, Ming-Yu and Belongie, Serge and Kautz, Jan},
  booktitle={Proceedings of ECCV},
  year={2018}
}

@inproceedings{wang2020g3an,
  title={{G3AN}: Disentangling Appearance and Motion for Video Generation},
  author={Wang, Yaohui and Bilinski, Piotr and Bremond, Francois and Dantcheva, Antitza},
  booktitle={Proceedings of CVPR},
  year={2020}
}

@inproceedings{shen2020interpreting,
  title     = {Interpreting the Latent Space of GANs for Semantic Face Editing},
  author    = {Shen, Yujun and Gu, Jinjin and Tang, Xiaoou and Zhou, Bolei},
  booktitle = {Proceedings of CVPR},
  year      = {2020}
}

@inproceedings{goetschalckx2019ganalyze,
  title={Ganalyze: Toward visual definitions of cognitive image properties},
  author={Goetschalckx, Lore and Andonian, Alex and Oliva, Aude and Isola, Phillip},
  booktitle={Proceedings of ICCV},
  year={2019}
}

@inproceedings{gansteerability,
  title={On the "steerability" of generative adversarial networks},
  author={Jahanian, Ali and Chai, Lucy and Isola, Phillip},
  booktitle={Proceedings of ICLR},
  year={2020}
}

@article{ebert2017self,
  title={Self-supervised visual planning with temporal skip connections},
  author={Ebert, Frederik and Finn, Chelsea and Lee, Alex X and Levine, Sergey},
  journal={arXiv preprint arXiv:1710.05268},
  year={2017}
}

@Article{Nagrani19,
              author       = "Arsha Nagrani and Joon~Son Chung and Weidi Xie and Andrew Zisserman",
              title        = "Voxceleb: Large-scale speaker verification in the wild",
              journal      = "Computer Science and Language",
              year         = "2019",
            }

@InProceedings{Chung18b,
  author       = "Chung, J.~S. and Nagrani, A. and Zisserman, A.",
  title        = "VoxCeleb2: Deep Speaker Recognition",
  booktitle    = "Proceedings of INTERSPEECH",
  year         = "2018",
}

@InProceedings{Wang_2020_CVPR,
author = {Wang, Yaohui and Bilinski, Piotr and Bremond, Francois and Dantcheva, Antitza},
title = {{G3AN}: Disentangling Appearance and Motion for Video Generation},
booktitle = {Proceedings of CVPR},
year = {2020}
}

@inproceedings{karras2020analyzing,
  title={Analyzing and improving the image quality of stylegan},
  author={Karras, Tero and Laine, Samuli and Aittala, Miika and Hellsten, Janne and Lehtinen, Jaakko and Aila, Timo},
  booktitle={Proceedings of CVPR},
  year={2020}
}


@article{bau2018gan,
  title={Gan dissection: Visualizing and understanding generative adversarial networks},
  author={Bau, David and Zhu, Jun-Yan and Strobelt, Hendrik and Zhou, Bolei and Tenenbaum, Joshua B and Freeman, William T and Torralba, Antonio},
  journal={Proceedings of ICLR},
  year={2018}
}

@inproceedings{bau2020rewriting,
 title={Rewriting a Deep Generative Model},
 author={Bau, David and Liu, Steven and Wang, Tongzhou and Zhu,
 Jun-Yan and Torralba, Antonio},
 booktitle={Proceedings of ECCV},
 year={2020}
}

@inproceedings{feichtenhofer2019slowfast,
  title={Slowfast networks for video recognition},
  author={Feichtenhofer, Christoph and Fan, Haoqi and Malik, Jitendra and He, Kaiming},
  booktitle={Proceedings of CVPR},
  year={2019}
}

@inproceedings{zakharov2019few,
  title={Few-shot adversarial learning of realistic neural talking head models},
  author={Zakharov, Egor and Shysheya, Aliaksandra and Burkov, Egor and Lempitsky, Victor},
  booktitle={Proceedings of ICCV},
  year={2019}
}

@inproceedings{wang2019fewshotvid2vid,
   author={Ting-Chun Wang and Ming-Yu Liu and Andrew Tao and Guilin Liu and Jan Kautz and Bryan Catanzaro},
   title={Few-shot Video-to-Video Synthesis},
   booktitle={Proceedings of NeurIPS},   
   year={2019},
}

@inproceedings{yang2020temporal,
  title={Temporal pyramid network for action recognition},
  author={Yang, Ceyuan and Xu, Yinghao and Shi, Jianping and Dai, Bo and Zhou, Bolei},
  booktitle={Proceedings of CVPR},
  year={2020}
}

@inproceedings{lenc2015understanding,
  title={Understanding image representations by measuring their equivariance and equivalence},
  author={Lenc, Karel and Vedaldi, Andrea},
  booktitle={Proceedings of CVPR},
  year={2015}
}

@article{cohen2019gauge,
  title={Gauge equivariant convolutional networks and the icosahedral cnn},
  author={Cohen, Taco S and Weiler, Maurice and Kicanaoglu, Berkay and Welling, Max},
  journal={arXiv preprint arXiv:1902.04615},
  year={2019}
}

@inproceedings{hinton2011transforming,
  title={Transforming auto-encoders},
  author={Hinton, Geoffrey E and Krizhevsky, Alex and Wang, Sida D},
  booktitle={Proceedings of ICANN},
  year={2011},
  organization={Springer}
}

@inproceedings{hara3dcnns,
  author={Kensho Hara and Hirokatsu Kataoka and Yutaka Satoh},
  title={Can Spatiotemporal 3D CNNs Retrace the History of 2D CNNs and ImageNet?},
  booktitle={Proceedings of CVPR},
  year={2018},
}

@INPROCEEDINGS{Mescheder2018ICML,
  author = {Lars Mescheder and Sebastian Nowozin and Andreas Geiger},
  title = {Which Training Methods for GANs do actually Converge?},
  booktitle = {Proceedings of ICML},
  year = {2018}
}

@article{baker2011database,
  title={A database and evaluation methodology for optical flow},
  author={Baker, Simon and Scharstein, Daniel and Lewis, JP and Roth, Stefan and Black, Michael J and Szeliski, Richard},
  journal={International journal of computer vision},
  volume={92},
  year={2011},
}

@inproceedings{wang2018high,
  title={High-resolution image synthesis and semantic manipulation with conditional gans},
  author={Wang, Ting-Chun and Liu, Ming-Yu and Zhu, Jun-Yan and Tao, Andrew and Kautz, Jan and Catanzaro, Bryan},
  booktitle={Proceedings of CVPR},
  year={2018}
}

@inproceedings{park2019semantic,
  title={Semantic image synthesis with spatially-adaptive normalization},
  author={Park, Taesung and Liu, Ming-Yu and Wang, Ting-Chun and Zhu, Jun-Yan},
  booktitle={Proceedings of CVPR},
  year={2019}
}

@article{TGAN2020,
title = {Train Sparsely, Generate Densely: Memory-efficient Unsupervised Training of High-resolution Temporal GAN},
author = {Saito, Masaki and Saito, Shunta and Koyama, Masanori and Kobayashi, Sosuke},
journal = {International Journal of Computer Vision
},
year = {2020},
}

@article{acharya2018towards,
  title={Towards high resolution video generation with progressive growing of sliced Wasserstein GANs},
  author={Acharya, Dinesh and Huang, Zhiwu and Paudel, Danda Pani and Van Gool, Luc},
  journal={arXiv preprint arXiv:1810.02419},
  year={2018}
}

@inproceedings{zhu2017unpaired,
  title={Unpaired image-to-image translation using cycle-consistent adversarial networks},
  author={Zhu, Jun-Yan and Park, Taesung and Isola, Phillip and Efros, Alexei A},
  booktitle={Proceedings of ICCV},
  year={2017}
}


@INPROCEEDINGS{varol17_surreal,
  title     = {Learning from Synthetic Humans},
  author    = {Varol, G{\"u}l and Romero, Javier and Martin, Xavier and Mahmood, Naureen and Black, Michael J. and Laptev, Ivan and Schmid, Cordelia},
  booktitle = {Proceedings of CVPR},
  year      = {2017}
}

@ARTICLE{varol19_surreact,
  title   = {Synthetic Humans for Action Recognition from Unseen Viewpoints},
  author  = {Varol, G{\"u}l and Laptev, Ivan and Schmid, Cordelia and Zisserman, Andrew},
  journal={arXiv preprint arXiv:1912.04070},
  year    = {2019}
}


@inproceedings{ohnishi2018ftgan,
  title={Hierarchical Video Generation from Orthogonal Information: Optical Flow and Texture},
  author={Ohnishi, Katsunori and Yamamoto, Shohei and Ushiku, Yoshitaka and Harada, Tatsuya},
  booktitle={Proceedings of AAAI},
  year={2018}
}

@inproceedings{CycleGAN2017,
  title={Unpaired Image-to-Image Translation using Cycle-Consistent Adversarial Networkss},
  author={Zhu, Jun-Yan and Park, Taesung and Isola, Phillip and Efros, Alexei A},
  booktitle={Proceedings of ICCV},
  year={2017}
}

@inproceedings{shaham2019singan,
  title={Singan: Learning a generative model from a single natural image},
  author={Shaham, Tamar Rott and Dekel, Tali and Michaeli, Tomer},
  booktitle={Proceedings of CVPR},
  year={2019}
}

@inproceedings{park2020cut,
  title={Contrastive Learning for Unpaired Image-to-Image Translation},
  author={Taesung Park and Alexei A. Efros and Richard Zhang and Jun-Yan Zhu},
  booktitle={Proceedings of ECCV},
  year={2020}
}

@article{bau2020understanding,
  title={Understanding the role of individual units in a deep neural network},
  author={Bau, David and Zhu, Jun-Yan and Strobelt, Hendrik and Lapedriza, Agata and Zhou, Bolei and Torralba, Antonio},
  journal={Proceedings of the National Academy of Sciences},
  year={2020},
}


@inproceedings{paszke2019pytorch,
  title={Pytorch: An imperative style, high-performance deep learning library},
  author={Paszke, Adam and Gross, Sam and Massa, Francisco and Lerer, Adam and Bradbury, James and Chanan, Gregory and Killeen, Trevor and Lin, Zeming and Gimelshein, Natalia and Antiga, Luca and others},
  booktitle={Proceedings of NeurIPS},
  year={2019}
}

@inproceedings{yu2018bisenet,
  title={Bisenet: Bilateral segmentation network for real-time semantic segmentation},
  author={Yu, Changqian and Wang, Jingbo and Peng, Chao and Gao, Changxin and Yu, Gang and Sang, Nong},
  booktitle={Proceedings of ECCV},
  year={2018}
}

@inproceedings{cho2014learning,
  title={Learning phrase representations using RNN encoder-decoder for statistical machine translation},
  author={Cho, Kyunghyun and Van Merri{\"e}nboer, Bart and Gulcehre, Caglar and Bahdanau, Dzmitry and Bougares, Fethi and Schwenk, Holger and Bengio, Yoshua},
  booktitle={Proceedings of EMNLP},
  year={2014}
}

@inproceedings{transformer,
  title={Attention is all you need},
  author={Vaswani, Ashish and Shazeer, Noam and Parmar, Niki and Uszkoreit, Jakob and Jones, Llion and Gomez, Aidan N and Kaiser, {\L}ukasz and Polosukhin, Illia},
  booktitle={Proceedings of NeurIPS},
  year={2017}
}

@article{lee2018savp,
  title={Stochastic Adversarial Video Prediction},
  author={Alex X. Lee and Richard Zhang and Frederik Ebert and Pieter Abbeel and Chelsea Finn and Sergey Levine},
  journal={arXiv preprint arXiv:1804.01523},
  year={2018}
}

@InProceedings{WANG_2020_WACV,
  author = {Wang, Yaohui and Bilinski, Piotr and Bremond, Francois and Dantcheva, Antitza},
  title = {ImaGINator: Conditional Spatio-Temporal GAN for Video Generation},
  booktitle = {Proceedings of WACV},
  year = {2020}
}

@inproceedings{NIPS2016_d9d4f495,
 author = {Finn, Chelsea and Goodfellow, Ian and Levine, Sergey},
 booktitle = {Proceedings of NeurIPS},
 title = {Unsupervised Learning for Physical Interaction through Video Prediction},
 year = {2016}
}

@article{ye2019cvp,
  title={Compositional Video Prediction},
  author={Ye, Yufei and Singh, Maneesh  and Gupta, Abhinav and Tulsiani, Shubham},
  year={2019},
  booktitle={Proceedings of ICCV}
}

@inproceedings{villegas17hierchvid,
  title={{Learning to Generate Long-term Future via Hierarchical Prediction}},
  author={Villegas, Ruben and Yang, Jimei and Zou, Yuliang and Sohn, Sungryull and Lin, Xunyu and Lee, Honglak},
  booktitle={Proceedings of ICML},
  year={2017}
}

@InProceedings{zhang2019phd,
    title = {Predicting 3D Human Dynamics from Video},
    author = {Zhang, Jason Y. and Felsen, Panna and Kanazawa, Angjoo and Malik, Jitendra},
    booktitle = {Proceedings of ICCV},
    year = {2019},
}

@inproceedings{liu2020selfconditioned,
 title={Diverse Image Generation via Self-Conditioned GANs},
 author={Liu, Steven and Wang, Tongzhou and Bau, David and Zhu, Jun-Yan and Torralba, Antonio},
 booktitle={Proceedings of CVPR},
 year={2020}
}

@inproceedings{zhao2020diffaugment,
  title={Differentiable Augmentation for Data-Efficient GAN Training},
  author={Zhao, Shengyu and Liu, Zhijian and Lin, Ji and Zhu, Jun-Yan and Han, Song},
  booktitle={Proceedings of NeurIPS},
  year={2020}
}

@inproceedings{lin2021anycost,
  author    = {Lin, Ji and Zhang, Richard and Ganz, Frieder and Han, Song and Zhu, Jun-Yan},
  title     = {Anycost GANs for Interactive Image Synthesis and Editing},
  booktitle = {Proceedings of CVPR},
  year      = {2021},
}

@article{menapace2021playable,
  title={Playable Video Generation},
  author={Menapace, Willi and Lathuili{\`e}re, St{\'e}phane and Tulyakov, Sergey and Siarohin, Aliaksandr and Ricci, Elisa},
  journal={Proceedings of CVPR},
  year={2021}
}

@InProceedings{Simonyan15,
  author       = "Karen Simonyan and Andrew Zisserman",
  title        = "Very Deep Convolutional Networks for Large-Scale Image Recognition",
  booktitle    = "Proceedings of ICLR",
  year         = "2015",
}

@article{clark2019adversarial,
  title={Adversarial video generation on complex datasets},
  author={Clark, Aidan and Donahue, Jeff and Simonyan, Karen},
  journal={arXiv preprint arXiv:1907.06571},
  year={2019}
}

@inproceedings{mocoganhd,
title={A Good Image Generator Is What You Need for High-Resolution Video Synthesis},
author={Yu Tian and Jian Ren and Menglei Chai and Kyle Olszewski and Xi Peng and Dimitris N. Metaxas and Sergey Tulyakov},
booktitle={Proceedings of ICLR},
year={2021}
}

@inproceedings{peebles2020hessian,
  title={The Hessian Penalty: A Weak Prior for Unsupervised Disentanglement},
  author={Peebles, William and Peebles, John and Zhu, Jun-Yan and Efros, Alexei A. and Torralba, Antonio},
  booktitle={Proceedings of ECCV},
  year={2020}
}

@inproceedings{shen2021closedform,
  title     = {Closed-Form Factorization of Latent Semantics in GANs},
  author    = {Shen, Yujun and Zhou, Bolei},
  booktitle = {Proceedings of CVPR},
  year      = {2021}
}

@inproceedings{ZhuangICLR2021,
  author = {P. Zhuang and O. Koyejo and A.~G. Schwing},
  title = {{Enjoy Your Editing: Controllable GANs for Image Editing via Latent Space Navigation}},
  booktitle = {Proceedings of  ICLR},
  year = {2021},
}

@inproceedings{zhu2020indomain,
  title     = {In-domain GAN Inversion for Real Image Editing},
  author    = {Zhu, Jiapeng and Shen, Yujun and Zhao, Deli and Zhou, Bolei},
  booktitle = {Proceedings of ECCV},
  year      = {2020}
}

@InProceedings{Abdal_2020_CVPR,
author = {Abdal, Rameen and Qin, Yipeng and Wonka, Peter},
title = {Image2StyleGAN++: How to Edit the Embedded Images?},
booktitle = {Proceedings of CVPR},
year = {2020}
}

@inproceedings{siarohin2021motion,
        author={Siarohin, Aliaksandr and Woodford, Oliver and Ren, Jian and Chai, Menglei and Tulyakov, Sergey},
        title={Motion Representations for Articulated Animation},
        booktitle = {Proceedings of CVPR},
        year = {2021}
}

@inproceedings{wang2021facevid2vid,
    title={One-Shot Free-View Neural Talking-Head Synthesis for Video Conferencing},
    author={Ting-Chun Wang and Arun Mallya and Ming-Yu Liu}, 
    booktitle={Proceedings of CVPR}, 
    year={2021} 
}


@article{cao2014displaced,
  title={Displaced dynamic expression regression for real-time facial tracking and animation},
  author={Cao, Chen and Hou, Qiming and Zhou, Kun},
  journal={ACM Transactions on graphics},
  volume={33},
  year={2014},
}
@article{thies2019deferred,
  title={Deferred neural rendering: Image synthesis using neural textures},
  author={Thies, Justus and Zollh{\"o}fer, Michael and Nie{\ss}ner, Matthias},
  journal={ACM Transactions on Graphics},
  volume={38},
  year={2019},
}

@inproceedings{zhang2018perceptual,
  title={The Unreasonable Effectiveness of Deep Features as a Perceptual Metric},
  author={Zhang, Richard and Isola, Phillip and Efros, Alexei A and Shechtman, Eli and Wang, Oliver},
  booktitle={Proceedings of CVPR},
  year={2018}
}

@inproceedings{NIPS2012_c399862d,
 author = {Krizhevsky, Alex and Sutskever, Ilya and Hinton, Geoffrey E},
 booktitle = {Proceedings of NeurIPS},
 editor = {F. Pereira and C. J. C. Burges and L. Bottou and K. Q. Weinberger},
 title = {ImageNet Classification with Deep Convolutional Neural Networks},
 year = {2012}
}

@article{zheng2020vehiclenet,
  title={VehicleNet: Learning Robust Visual Representation for Vehicle Re-identification},
  author={Zheng, Zhedong and Ruan, Tao and Wei, Yunchao and Yang, Yi and Mei, Tao},
  journal={IEEE Transaction on Multimedia},
  year={2020}
}

@article{8765346,
  author = {Z. {Cao} and G. {Hidalgo Martinez} and T. {Simon} and S. {Wei} and Y. A. {Sheikh}},
  journal = {IEEE Transactions on Pattern Analysis and Machine Intelligence},
  title = {OpenPose: Realtime Multi-Person 2D Pose Estimation using Part Affinity Fields},
  year = {2019}
}

@InProceedings{Thies_2016_CVPR,
author = {Thies, Justus and Zollhofer, Michael and Stamminger, Marc and Theobalt, Christian and Niessner, Matthias},
title = {Face2Face: Real-Time Face Capture and Reenactment of RGB Videos},
booktitle = {Proceedings of CVPR},
month = {June},
year = {2016}
}

@InProceedings{Wang_2021_CVPR,
    author    = {Wang, Ting-Chun and Mallya, Arun and Liu, Ming-Yu},
    title     = {One-Shot Free-View Neural Talking-Head Synthesis for Video Conferencing},
    booktitle = {Proceedings of CVPR},
    year      = {2021},
}

@inproceedings{transmomo2020,
title={TransMoMo: Invariance-Driven Unsupervised Video Motion Retargeting},
author={Yang, Zhuoqian and Zhu, Wentao and Wu, Wayne and Qian, Chen and Zhou, Qiang and Zhou, Bolei and Loy, Chen Change},
booktitle={Proceedings of CVPR},
year={2020}
}

@inproceedings{NIPS2017_2d2ca7ee,
 author = {Denton, Emily L and Birodkar, vighnesh},
 booktitle = {Proceedings of NeurIPS},
 editor = {I. Guyon and U. V. Luxburg and S. Bengio and H. Wallach and R. Fergus and S. Vishwanathan and R. Garnett},
 title = {Unsupervised Learning of Disentangled Representations from Video},
 year = {2017}
}

@article{li2018disentangled,
  title={Disentangled sequential autoencoder},
  author={Li, Yingzhen and Mandt, Stephan},
  journal={Proceedings of ICML},
  year={2018}
}

@inproceedings{bhagat2020disentangling,
  title={Disentangling multiple features in video sequences using gaussian processes in variational autoencoders},
  author={Bhagat, Sarthak and Uppal, Shagun and Yin, Zhuyun and Lim, Nengli},
  booktitle={Proceedings of ECCV},
  year={2020}
}

@inproceedings{xie2020motion,
  title={Motion-based generator model: Unsupervised disentanglement of appearance, trackable and intrackable motions in dynamic patterns},
  author={Xie, Jianwen and Gao, Ruiqi and Zheng, Zilong and Zhu, Song-Chun and Wu, Ying Nian},
  booktitle={Proceedings of AAAI},
  year={2020}
}

@phdthesis{wang:tel-03551913,
  TITLE = {{Learning to Generate Human Videos}},
  AUTHOR = {Wang, Yaohui},
  SCHOOL = {{Inria - Sophia Antipolis ; Universit{\'e} Cote d'Azur}},
  YEAR = {2021},
  TYPE = {Theses},
  HAL_ID = {tel-03551913},
  HAL_VERSION = {v1},
}

@inproceedings{liu2019liquid,
  title={Liquid warping gan: A unified framework for human motion imitation, appearance transfer and novel view synthesis},
  author={Liu, Wen and Piao, Zhixin and Min, Jie and Luo, Wenhan and Ma, Lin and Gao, Shenghua},
  booktitle={Proceedings of CVPR},
  year={2019}
}

@InProceedings{Chen_2021_CVPR,
    author    = {Chen, Hao and Wang, Yaohui and Lagadec, Benoit and Dantcheva, Antitza and Bremond, Francois},
    title     = {Joint Generative and Contrastive Learning for Unsupervised Person Re-Identification},
    booktitle = {Proceedings of CVPR},
    year      = {2021}
}


@inproceedings{ddpm,
  title={Denoising diffusion probabilistic models},
  author={Ho, Jonathan and Jain, Ajay and Abbeel, Pieter},
  booktitle={Proceedings of NeurIPS},
  year={2020}
}

@inproceedings{
ddim,
title={Denoising Diffusion Implicit Models},
author={Jiaming Song and Chenlin Meng and Stefano Ermon},
booktitle={Proceedings of ICLR},
year={2021},
}

@article{gpt,
  title={Improving language understanding by generative pre-training},
  author={Radford, Alec and Narasimhan, Karthik and Salimans, Tim and Sutskever, Ilya and others},
  year={2018},
  publisher={OpenAI}
}

@inproceedings{
    digan,
    title={Generating Videos with Dynamics-aware Implicit Generative Adversarial Networks},
    author={Yu, Sihyun and Tack, Jihoon and Mo, Sangwoo and Kim, Hyunsu and Kim, Junho and Ha, Jung-Woo and Shin, Jinwoo},
    booktitle={Proceedings of ICLR},
    year={2022},
}

@inproceedings{tats,
  title={Long video generation with time-agnostic vqgan and time-sensitive transformer},
  author={Ge, Songwei and Hayes, Thomas and Yang, Harry and Yin, Xi and Pang, Guan and Jacobs, David and Huang, Jia-Bin and Parikh, Devi},
  booktitle={Proceedings of ECCV},
  year={2022}
}

@inproceedings{stylegan-v,
    title={Stylegan-v: A continuous video generator with the price, image quality and perks of stylegan2},
    author={Skorokhodov, Ivan and Tulyakov, Sergey and Elhoseiny, Mohamed},
    booktitle={Proceedings of CVPR},
    year={2022}
}

@article{videogpt,
  title={Videogpt: Video generation using vq-vae and transformers},
  author={Yan, Wilson and Zhang, Yunzhi and Abbeel, Pieter and Srinivas, Aravind},
  journal={arXiv preprint arXiv:2104.10157},
  year={2021}
}

@inproceedings{makeavideo,
title={Make-A-Video: Text-to-Video Generation without Text-Video Data},
author={Uriel Singer and Adam Polyak and Thomas Hayes and Xi Yin and Jie An and Songyang Zhang and Qiyuan Hu and Harry Yang and Oron Ashual and Oran Gafni and Devi Parikh and Sonal Gupta and Yaniv Taigman},
booktitle={Proceedings of ICLR},
year={2023},
}

@inproceedings{phenaki,
title={Phenaki: Variable Length Video Generation from Open Domain Textual Descriptions},
author={Ruben Villegas and Mohammad Babaeizadeh and Pieter-Jan Kindermans and Hernan Moraldo and Han Zhang and Mohammad Taghi Saffar and Santiago Castro and Julius Kunze and Dumitru Erhan},
booktitle={Proceedings of ICLR},
year={2023}
}

@article{imagenvideo,
  title={Imagen video: High definition video generation with diffusion models},
  author={Ho, Jonathan and Chan, William and Saharia, Chitwan and Whang, Jay and Gao, Ruiqi and Gritsenko, Alexey and Kingma, Diederik P and Poole, Ben and Norouzi, Mohammad and Fleet, David J and others},
  journal={arXiv preprint arXiv:2210.02303},
  year={2022}
}

@inproceedings{vqgan,
  title={Taming transformers for high-resolution image synthesis},
  author={Esser, Patrick and Rombach, Robin and Ommer, Bjorn},
  booktitle={Proceedings of CVPR},
  year={2021}
}

@article{rossler2018faceforensics,
  title={Faceforensics: A large-scale video dataset for forgery detection in human faces},
  author={R{\"o}ssler, Andreas and Cozzolino, Davide and Verdoliva, Luisa and Riess, Christian and Thies, Justus and Nie{\ss}ner, Matthias},
  journal={arXiv preprint arXiv:1803.09179},
  year={2018}
}

@inproceedings{zhu2022celebvhq,
  title={{CelebV-HQ}: A Large-Scale Video Facial Attributes Dataset},
  author={Zhu, Hao and Wu, Wayne and Zhu, Wentao and Jiang, Liming and Tang, Siwei and Zhang, Li and Liu, Ziwei and Loy, Chen Change},
  booktitle={Proceedings of ECCV},
  year={2022}
}

@article{controlnet,
  title={Adding Conditional Control to Text-to-Image Diffusion Models}, 
  author={Lvmin Zhang and Maneesh Agrawala},
  year={2023},
  journal={arXiv preprint arXiv:2302.05543},
}

@inproceedings{nichol2021improved,
  title={Improved denoising diffusion probabilistic models},
  author={Nichol, Alexander Quinn and Dhariwal, Prafulla},
  booktitle={Proceedings of ICML},
  year={2021},
}

@inproceedings{brooks2022generating,
    title={Generating Long Videos of Dynamic Scenes},
    author={Brooks, Tim and Hellsten, Janne and Aittala, Miika and Wang, Ting-Chun and Aila, Timo and Lehtinen, Jaakko and Liu, Ming-Yu and Efros, Alexei A and Karras, Tero},
    booktitle={Proceedings of NeurIPS},
    year={2022}
}

@article{vqvae,
  title={Neural discrete representation learning},
  author={Van Den Oord, Aaron and Vinyals, Oriol and others},
  journal={Proceedings of NeurIPS},
  year={2017}
}

@inproceedings{dalle,
  title={Zero-shot text-to-image generation},
  author={Ramesh, Aditya and Pavlov, Mikhail and Goh, Gabriel and Gray, Scott and Voss, Chelsea and Radford, Alec and Chen, Mark and Sutskever, Ilya},
  booktitle={Proceedings of ICML},
  year={2021},
}

@article{dalle2,
  title={Hierarchical text-conditional image generation with clip latents},
  author={Ramesh, Aditya and Dhariwal, Prafulla and Nichol, Alex and Chu, Casey and Chen, Mark},
  journal={arXiv preprint arXiv:2204.06125},
  year={2022}
}

@article{radford2019language,
  title={Language Models are Unsupervised Multitask Learners},
  author={Radford, Alec and Wu, Jeff and Child, Rewon and Luan, David and Amodei, Dario and Sutskever, Ilya},
  year={2019},
  publisher={OpenAI}

}

@article{vdm,
  title={Video diffusion models},
  author={Ho, Jonathan and Salimans, Tim and Gritsenko, Alexey and Chan, William and Norouzi, Mohammad and Fleet, David J},
  journal={arXiv preprint arXiv:2204.03458},
  year={2022}
}

@InProceedings{Rombach_2022_CVPR,
    author    = {Rombach, Robin and Blattmann, Andreas and Lorenz, Dominik and Esser, Patrick and Ommer, Bj\"orn},
    title     = {High-Resolution Image Synthesis With Latent Diffusion Models},
    booktitle = {Proceedings of CVPR},
    year      = {2022},
}

@inproceedings{bar2022text2live,
  title={Text2live: Text-driven layered image and video editing},
  author={Bar-Tal, Omer and Ofri-Amar, Dolev and Fridman, Rafail and Kasten, Yoni and Dekel, Tali},
  booktitle={Proceedings of ECCV},
  year={2022},
}

@inproceedings{bergman2022gnarf,
author = {Bergman, Alexander W. and Kellnhofer, Petr and Yifan, Wang and Chan, Eric R. and Lindell, David B. and Wetzstein, Gordon},
title = {Generative Neural Articulated Radiance Fields},
booktitle = {Proceedings of NeurIPS},
year = {2022},
}

@inproceedings{wang2021dance,
  title={Dance in the wild: Monocular human animation with neural dynamic appearance synthesis},
  author={Wang, Tuanfeng Y and Ceylan, Duygu and Singh, Krishna Kumar and Mitra, Niloy J},
  booktitle={Proceedings of 3DV},
  year={2021},
}

@article{yang20223dhumangan,
    title={3DHumanGAN: Towards Photo-realistic 3D-Aware Human Image Generation}, 
    author={Yang, Zhuoqian and Li, Shikai and Wu, Wayne and Dai, Bo},
    journal={arXiv preprint arXiv:2212.07378},
    year    = {2022}
}

@article{zheng2018discriminatively,
  title={A discriminatively learned CNN embedding for person reidentification},
  author={Zheng, Zhedong and Zheng, Liang and Yang, Yi},
  journal={ACM Transactions on Multimedia Computing, Communications, and Applications},
  year={2018},
}

@inproceedings{
  scorebased,
  title={Score-Based Generative Modeling through Stochastic Differential Equations},
  author={Yang Song and Jascha Sohl-Dickstein and Diederik P Kingma and Abhishek Kumar and Stefano Ermon and Ben Poole},
  booktitle={Proceedings of ICLR},
  year={2021},
}

@inproceedings{ldm,
  title={High-resolution image synthesis with latent diffusion models},
  author={Rombach, Robin and Blattmann, Andreas and Lorenz, Dominik and Esser, Patrick and Ommer, Bj{\"o}rn},
  booktitle={Proceedings of CVPR},
  year={2022}
}

@inproceedings{videoLDM,
  title={Align your latents: High-resolution video synthesis with latent diffusion models},
  author={Blattmann, Andreas and Rombach, Robin and Ling, Huan and Dockhorn, Tim and Kim, Seung Wook and Fidler, Sanja and Kreis, Karsten},
  booktitle={Proceedings of CVPR},
  year={2023}
}

@inproceedings{webvid,
  title={Frozen in time: A joint video and image encoder for end-to-end retrieval},
  author={Bain, Max and Nagrani, Arsha and Varol, G{\"u}l and Zisserman, Andrew},
  booktitle={Proceedings of ICCV},
  year={2021}
}

@article{rope,
  title={Roformer: Enhanced transformer with rotary position embedding},
  author={Su, Jianlin and Lu, Yu and Pan, Shengfeng and Murtadha, Ahmed and Wen, Bo and Liu, Yunfeng},
  journal={arXiv preprint arXiv:2104.09864},
  year={2021}
}

@inproceedings{movienet,
	title={MovieNet: A Holistic Dataset for Movie Understanding},
	author={Huang, Qingqiu and Xiong, Yu and Rao, Anyi and Wang, Jiaze and Lin, Dahua},
	booktitle = {Proceedings of ECCV}, 
	year={2020}
}

@article{laion5b,
  title={Laion-5b: An open large-scale dataset for training next generation image-text models},
  author={Schuhmann, Christoph and Beaumont, Romain and Vencu, Richard and Gordon, Cade and Wightman, Ross and Cherti, Mehdi and Coombes, Theo and Katta, Aarush and Mullis, Clayton and Wortsman, Mitchell and others},
  journal={Advances in Neural Information Processing Systems},
  year={2022}
}


@inproceedings{Chan_2022_CVPR,
    author    = {Chan, Kelvin C.K. and Zhou, Shangchen and Xu, Xiangyu and Loy, Chen Change},
    title     = {{BasicVSR++}: Improving Video Super-Resolution With Enhanced Propagation and Alignment},
    booktitle = {Proceedings of CVPR},
    year      = {2022}
}

@inproceedings{Chan_2022_CVPR_Real,
    author    = {Chan, Kelvin C.K. and Zhou, Shangchen and Xu, Xiangyu and Loy, Chen Change},
    title     = {Investigating Tradeoffs in Real-World Video Super-Resolution},
    booktitle = {Proceedings of CVPR},
    year      = {2022}
}

@inproceedings{zhou2020cross,
  title={Cross-scale internal graph neural network for image super-resolution},
  author={Zhou, Shangchen and Zhang, Jiawei and Zuo, Wangmeng and Loy, Chen Change},
  booktitle={Proceedings of NeurIPS},
  year={2020}
}

@inproceedings{zhou2022towards,
  title={Towards robust blind face restoration with codebook lookup transformer},
  author={Zhou, Shangchen and Chan, Kelvin and Li, Chongyi and Loy, Chen Change},
  booktitle={Proceedings of NeurIPS},
  year={2022}
}

@misc{li2023videochat,
      title={VideoChat: Chat-Centric Video Understanding}, 
      author={KunChang Li and Yinan He and Yi Wang and Yizhuo Li and Wenhai Wang and Ping Luo and Yali Wang and Limin Wang and Yu Qiao},
      year={2023},
      journal={arXiv preprint arXiv:2305.06355},
}

@inproceedings{
hu2022lora,
title={Lo{RA}: Low-Rank Adaptation of Large Language Models},
author={Edward J Hu and Yelong Shen and Phillip Wallis and Zeyuan Allen-Zhu and Yuanzhi Li and Shean Wang and Lu Wang and Weizhu Chen},
booktitle={Proceedings of ICLR},
year={2022}
}

@article{imagen,
  title={Photorealistic text-to-image diffusion models with deep language understanding},
  author={Saharia, Chitwan and Chan, William and Saxena, Saurabh and Li, Lala and Whang, Jay and Denton, Emily L and Ghasemipour, Kamyar and Gontijo Lopes, Raphael and Karagol Ayan, Burcu and Salimans, Tim and others},
  journal={Proceedings of NeurIPS},
  year={2022}
}

@article{llama,
  title={Llama: Open and efficient foundation language models},
  author={Touvron, Hugo and Lavril, Thibaut and Izacard, Gautier and Martinet, Xavier and Lachaux, Marie-Anne and Lacroix, Timoth{\'e}e and Rozi{\`e}re, Baptiste and Goyal, Naman and Hambro, Eric and Azhar, Faisal and others},
  journal={arXiv preprint arXiv:2302.13971},
  year={2023}
}

@inproceedings{clip,
  title={Learning transferable visual models from natural language supervision},
  author={Radford, Alec and Kim, Jong Wook and Hallacy, Chris and Ramesh, Aditya and Goh, Gabriel and Agarwal, Sandhini and Sastry, Girish and Askell, Amanda and Mishkin, Pamela and Clark, Jack and others},
  booktitle={Proceedings of ICML},
  year={2021}
}

@article{t5,
  title={Exploring the limits of transfer learning with a unified text-to-text transformer},
  author={Raffel, Colin and Shazeer, Noam and Roberts, Adam and Lee, Katherine and Narang, Sharan and Matena, Michael and Zhou, Yanqi and Li, Wei and Liu, Peter J},
  journal={The Journal of Machine Learning Research},
  year={2020}
}

@inproceedings{bengio2009curriculum,
  title={Curriculum learning},
  author={Bengio, Yoshua and Louradour, J{\'e}r{\^o}me and Collobert, Ronan and Weston, Jason},
  booktitle={Proceedings of ICML},
  year={2009}
}

@article{prompt2prompt,
  title={Null-text Inversion for Editing Real Images using Guided Diffusion Models},
  author={Mokady, Ron and Hertz, Amir and Aberman, Kfir and Pritch, Yael and Cohen-Or, Daniel},
  journal={arXiv preprint arXiv:2211.09794},
  year={2022}
}

@inproceedings{parmar2023zero,
  title={Zero-shot image-to-image translation},
  author={Parmar, Gaurav and Kumar Singh, Krishna and Zhang, Richard and Li, Yijun and Lu, Jingwan and Zhu, Jun-Yan},
  booktitle={Proceedings of SIGGRAPH},
  year={2023}
}

@article{magicvideo,
  title={Magicvideo: Efficient video generation with latent diffusion models},
  author={Zhou, Daquan and Wang, Weimin and Yan, Hanshu and Lv, Weiwei and Zhu, Yizhe and Feng, Jiashi},
  journal={arXiv preprint arXiv:2211.11018},
  year={2022}
}

@article{lvdm,
  title={Latent video diffusion models for high-fidelity long video generation},
  author={He, Yingqing and Yang, Tianyu and Zhang, Yong and Shan, Ying and Chen, Qifeng},
  journal={arXiv preprint arXiv:2211.13221},
  year={2022}
}



@article{ediffi,
  title={ediffi: Text-to-image diffusion models with an ensemble of expert denoisers},
  author={Balaji, Yogesh and Nah, Seungjun and Huang, Xun and Vahdat, Arash and Song, Jiaming and Kreis, Karsten and Aittala, Miika and Aila, Timo and Laine, Samuli and Catanzaro, Bryan and others},
  journal={arXiv preprint arXiv:2211.01324},
  year={2022}
}

@article{sr3,
  title={Image super-resolution via iterative refinement},
  author={Saharia, Chitwan and Ho, Jonathan and Chan, William and Salimans, Tim and Fleet, David J and Norouzi, Mohammad},
  journal={IEEE Transactions on Pattern Analysis and Machine Intelligence},
  publisher={IEEE}
}

@article{stablesr,
  title={Exploiting Diffusion Prior for Real-World Image Super-Resolution},
  author={Wang, Jianyi and Yue, Zongsheng and Zhou, Shangchen and Chan, Kelvin CK and Loy, Chen Change},
  journal={arXiv preprint arXiv:2305.07015},
  year={2023}
}

@article{pyoco,
  title={Preserve your own correlation: A noise prior for video diffusion models},
  author={Ge, Songwei and Nah, Seungjun and Liu, Guilin and Poon, Tyler and Tao, Andrew and Catanzaro, Bryan and Jacobs, David and Huang, Jia-Bin and Liu, Ming-Yu and Balaji, Yogesh},
  journal={arXiv preprint arXiv:2305.10474},
  year={2023}
}

@article{ucf101,
  title={UCF101: A dataset of 101 human actions classes from videos in the wild},
  author={Soomro, Khurram and Zamir, Amir Roshan and Shah, Mubarak},
  journal={arXiv preprint arXiv:1212.0402},
  year={2012}
}

@article{msrvtt,
  title={The MSR-video to text dataset with clean annotations},
  author={Chen, Haoran and Li, Jianmin and Frintrop, Simone and Hu, Xiaolin},
  journal={arXiv preprint arXiv:2102.06448},
  year={2021}
}

@inproceedings{cogvideo,
title={CogVideo: Large-scale Pretraining for Text-to-Video Generation via Transformers},
author={Wenyi Hong and Ming Ding and Wendi Zheng and Xinghan Liu and Jie Tang},
booktitle={Proceedings of ICLR },
year={2023},
}

@article{videofusion,
  title={VideoFusion: Decomposed Diffusion Models for High-Quality Video Generation},
  author={Zhengxiong Luo and Dayou Chen and Yingya Zhang and Yan Huang and Liangsheng Wang and Yujun Shen and Deli Zhao and Jinren Zhou and Tien-Ping Tan},
  journal={Proceedings of CVPR},
  year={2023},
}

@article{godiva,
  title={Godiva: Generating open-domain videos from natural descriptions},
  author={Wu, Chenfei and Huang, Lun and Zhang, Qianxi and Li, Binyang and Ji, Lei and Yang, Fan and Sapiro, Guillermo and Duan, Nan},
  journal={arXiv preprint arXiv:2104.14806},
  year={2021}
}

@inproceedings{nuwa,
  title={N{\"u}wa: Visual synthesis pre-training for neural visual world creation},
  author={Wu, Chenfei and Liang, Jian and Ji, Lei and Yang, Fan and Fang, Yuejian and Jiang, Daxin and Duan, Nan},
  booktitle={Proceedings of ECCV},
  year={2022},
}

@article{modelscope,
  title={ModelScope Text-to-Video Technical Report},
  author={Wang, Jiuniu and Yuan, Hangjie and Chen, Dayou and Zhang, Yingya and Wang, Xiang and Zhang, Shiwei},
  journal={arXiv preprint arXiv:2308.06571},
  year={2023}
}



@inproceedings{jiang2021talk,
  title={Talk-to-Edit: Fine-Grained Facial Editing via Dialog},
  author={Jiang, Yuming and Huang, Ziqi and Pan, Xingang and Loy, Chen Change and Liu, Ziwei},
  booktitle={Proceedings of ICCV},
  year={2021}
}

@article{jiang2023text2performer,
  author = {Jiang, Yuming and Yang, Shuai and Koh, Tong Liang and Wu, Wayne and Loy, Chen Change and Liu, Ziwei},
  title = {Text2Performer: Text-Driven Human Video Generation},
  journal = {arXiv preprint arXiv:2303.13495},
  year = {2023}
}

@article{jiang2022text2human,
        title={Text2Human: Text-Driven Controllable Human Image Generation},
        author={Jiang, Yuming and Yang, Shuai and Qiu, Haonan and Wu, Wayne and Loy, Chen Change and Liu, Ziwei},
        journal={ACM Transactions on Graphics},
        volume={41},
        year={2022},
}

@inproceedings{jiang2021robust,
  title={Robust Reference-based Super-Resolution via C2-Matching},
  author={Jiang, Yuming and Chan, Kelvin CK and Wang, Xintao and Loy, Chen Change and Liu, Ziwei},
  booktitle={Proceedings of CVPR},
  year={2021}
}

@article{jiang2022reference,
  title={Reference-based Image and Video Super-Resolution via $C^{2}$-Matching},
  author={Jiang, Yuming and Chan, Kelvin CK and Wang, Xintao and Loy, Chen Change and Liu, Ziwei},
  journal={IEEE Transactions on Pattern Analysis and Machine Intelligence},
  year={2022},
}

@article{zhang2022towards,
  title={Towards Smooth Video Composition},
  author={Zhang, Qihang and Yang, Ceyuan and Shen, Yujun and Xu, Yinghao and Zhou, Bolei},
  journal={Proceedings of ICLR},
  year={2022}
}

@article{guo2023animatediff,
  title={Animatediff: Animate your personalized text-to-image diffusion models without specific tuning},
  author={Guo, Yuwei and Yang, Ceyuan and Rao, Anyi and Wang, Yaohui and Qiao, Yu and Lin, Dahua and Dai, Bo},
  journal={arXiv preprint arXiv:2307.04725},
  year={2023}
}

@inproceedings{deng2019accurate,
  title={Accurate 3d face reconstruction with weakly-supervised learning: From single image to image set},
  author={Deng, Yu and Yang, Jiaolong and Xu, Sicheng and Chen, Dong and Jia, Yunde and Tong, Xin},
  booktitle={Proceedings of CVPR workshops},
  year={2019}
}

@inproceedings{gururani2023space,
  title={SPACE: Speech-driven Portrait Animation with Controllable Expression},
  author={Gururani, Siddharth and Mallya, Arun and Wang, Ting-Chun and Valle, Rafael and Liu, Ming-Yu},
  booktitle={Proceedings of ICCV},
  year={2023}
}

@inproceedings{9711291,
  author={Ren, Yurui and Li, Ge and Chen, Yuanqi and Li, Thomas H. and Liu, Shan},
  booktitle={Proceedings of ICCV}, 
  title={PIRenderer: Controllable Portrait Image Generation via Semantic Neural Rendering}, 
  year={2021},}

@inproceedings{
tevet2023human,
title={Human Motion Diffusion Model},
author={Guy Tevet and Sigal Raab and Brian Gordon and Yoni Shafir and Daniel Cohen-or and Amit Haim Bermano},
booktitle={Proceedings of ICLR},
year={2023},
}

@inproceedings{sohl2015deep,
  title={Deep unsupervised learning using nonequilibrium thermodynamics},
  author={Sohl-Dickstein, Jascha and Weiss, Eric and Maheswaranathan, Niru and Ganguli, Surya},
  booktitle={Proceedings of ICML},
  year={2015},
}

@inproceedings{
singer2023makeavideo,
title={Make-A-Video: Text-to-Video Generation without Text-Video Data},
author={Uriel Singer and Adam Polyak and Thomas Hayes and Xi Yin and Jie An and Songyang Zhang and Qiyuan Hu and Harry Yang and Oron Ashual and Oran Gafni and Devi Parikh and Sonal Gupta and Yaniv Taigman},
booktitle={Proceedings of ICLR },
year={2023},
}

@inproceedings{chung2017out,
  title={Out of time: automated lip sync in the wild},
  author={Chung, Joon Son and Zisserman, Andrew},
  booktitle={Proceedings of ACCV Workshops},
  year={2017},
}

@inproceedings{chen2018lip,
  title={Lip movements generation at a glance},
  author={Chen, Lele and Li, Zhiheng and Maddox, Ross K and Duan, Zhiyao and Xu, Chenliang},
  booktitle={Proceedings of ECCV},
  year={2018}
}


@Article{dlib09,
  author = {Davis E. King},
  title = {Dlib-ml: A Machine Learning Toolkit},
  journal = {Journal of Machine Learning Research},
  year = {2009},
  volume = {10},
}


@inproceedings{hong2022depth,
  title={Depth-aware generative adversarial network for talking head video generation},
  author={Hong, Fa-Ting and Zhang, Longhao and Shen, Li and Xu, Dan},
  booktitle={Proceedings of CVPR},
  year={2022}
}

@INPROCEEDINGS {taklingheadgen,
author = {Z. Yu and Z. Yin and D. Zhou and D. Wang and F. Wong and B. Wang},
booktitle = {Proceedings of ICCV},
title = {Talking Head Generation with Probabilistic Audio-to-Visual Diffusion Priors},
year = {2023},
}

@INPROCEEDINGS {oneshottalking,
author = {Z. Zhang and L. Li and Y. Ding and C. Fan},
booktitle = {Proceedings of CVPR},
title = {Flow-guided One-shot Talking Face Generation with a High-resolution Audio-visual Dataset},
year = {2021},

}

@inproceedings{guo2021adnerf,
    title={AD-NeRF: Audio Driven Neural Radiance Fields for Talking Head Synthesis},
    author={Yudong Guo and Keyu Chen and Sen Liang and Yongjin Liu and Hujun Bao and Juyong Zhang},
    booktitle = {Proceedings of ICCV},
    year={2021}
}

@article{gururani2022SPACE,
  title={{SPACE: Speech-driven Portrait Animation with Controllable Expression}},
  author={Siddharth Gururani and Arun Mallya and Ting-Chun Wang and Rafael Valle and Ming-Yu Liu},
  journal={arXiv preprint arXiv:2211.09809},
  year={2022}
}
@article{thies2020nvp,
  author = {Thies, Justus and Elgharib, Mohamed and Tewari, Ayush and Theobalt, Christian and Nie{\ss}ner, Matthias},
  title = {Neural Voice Puppetry: Audio-driven Facial Reenactment},
  journal={Proceedings of ECCV},
  year={2020}
}
@inproceedings{Zhou2021Pose,
  title = {Pose-Controllable Talking Face Generation by Implicitly Modularized Audio-Visual Representation},
  author = {Zhou, Hang and Sun, Yasheng and Wu, Wayne and Loy, Chen Change and Wang, Xiaogang and Liu, Ziwei},
  booktitle = {Proceedings of CVPR},
  year = {2021}
}
@InProceedings{wang2021audio2head,
author = {Suzhen, Wang and Lincheng, Li and Yu, Ding and Changjie, Fan and Xin, Yu},
title = {Audio2Head: Audio-driven One-shot Talking-head Generation with Natural Head Motion},
booktitle = {Proceedings of IJCAI},
year = {2021},
}

@article{10.1145/3414685.3417774,
author = {Zhou, Yang and Han, Xintong and Shechtman, Eli and Echevarria, Jose and Kalogerakis, Evangelos and Li, Dingzeyu},
title = {MakeltTalk: speaker-aware talking-head animation},
year = {2020},
volume = {39},
journal = {ACM Transaction Graphics}
}

@inproceedings{wav2lips,
author = {Prajwal, K R and Mukhopadhyay, Rudrabha and Namboodiri, Vinay P. and Jawahar, C.V.},
title = {A Lip Sync Expert Is All You Need for Speech to Lip Generation In the Wild},
year = {2020},
booktitle = {Proceedings of ACM Multimedia},

}

@InProceedings{Oorloff_2023_ICCV,
    author    = {Oorloff, Trevine and Yacoob, Yaser},
    title     = {Expressive Talking Head Video Encoding in StyleGAN2 Latent Space},
    booktitle = {Proceedings of ICCV Workshops},
    year      = {2023},
}
@InProceedings{Shen_2023_CVPR,
    author    = {Shen, Xiaoqian and Li, Xiang and Elhoseiny, Mohamed},
    title     = {MoStGAN-V: Video Generation With Temporal Motion Styles},
    booktitle = {Proceedings of CVPR},
    year      = {2023},
}
@inproceedings{
tao2023learning,
title={Learning Motion Refinement for Unsupervised Face Animation},
author={Jiale Tao and Shuhang Gu and Wen Li and Lixin Duan},
booktitle={Proceedings of NeurIPS},
year={2023},
}
@InProceedings{Ni_2023_CVPR,
    author    = {Ni, Haomiao and Shi, Changhao and Li, Kai and Huang, Sharon X. and Min, Martin Renqiang},
    title     = {Conditional Image-to-Video Generation With Latent Flow Diffusion Models},
    booktitle = {Proceedings of CVPR},
    year      = {2023},
}
@InProceedings{Wang_2023_CVPR,
    author    = {Wang, Duomin and Deng, Yu and Yin, Zixin and Shum, Heung-Yeung and Wang, Baoyuan},
    title     = {Progressive Disentangled Representation Learning for Fine-Grained Controllable Talking Head Synthesis},
    booktitle = {Proceedings of CVPR},
    year      = {2023},
}
@InProceedings{Bounareli_2023_ICCV,
    author    = {Bounareli, Stella and Tzelepis, Christos and Argyriou, Vasileios and Patras, Ioannis and Tzimiropoulos, Georgios},
    title     = {HyperReenact: One-Shot Reenactment via Jointly Learning to Refine and Retarget Faces},
    booktitle = {Proceedings of ICCV},
    year      = {2023},
}
@InProceedings{Pang_2023_CVPR,
    author    = {Pang, Youxin and Zhang, Yong and Quan, Weize and Fan, Yanbo and Cun, Xiaodong and Shan, Ying and Yan, Dong-Ming},
    title     = {DPE: Disentanglement of Pose and Expression for General Video Portrait Editing},
    booktitle = {Proceedings of CVPR},
    year      = {2023},
}

@inproceedings{ji2021audio-driven,
title={ Audio-Driven Emotional Video Portraits},
author={Ji, Xinya and Zhou, Hang and Wang, Kaisiyuan and Wu, Wayne and Loy, Chen Change and Cao, Xun and Xu, Feng},
booktitle={Proceedings of CVPR},
year={2021}
}

@article{textbasedediting,
author = {Fried, Ohad and Tewari, Ayush and Zollh\"{o}fer, Michael and Finkelstein, Adam and Shechtman, Eli and Goldman, Dan B and Genova, Kyle and Jin, Zeyu and Theobalt, Christian and Agrawala, Maneesh},
title = {Text-based editing of talking-head video},
year = {2019},
volume = {38},
journal = {ACM Transaction Graphics},

}

@article{ma2023dreamtalk,
title={Dreamtalk: When expressive talking head generation meets diffusion probabilistic models},
author={Ma, Yifeng and Zhang, Shiwei and Wang, Jiayu and Wang, Xiang and Zhang, Yingya and Deng, Zhidong},
journal={arXiv preprint arXiv:2312.09767},
year={2023}
}

@InProceedings{pmlr-v162-hoogeboom22a,
  title = 	 {Equivariant Diffusion for Molecule Generation in 3{D}},
  author =       {Hoogeboom, Emiel and Satorras, V\'{\i}ctor Garcia and Vignac, Cl{\'e}ment and Welling, Max},
  booktitle = 	 {Proceedings of ICML},
  year = 	 {2022},
  editor = 	 {Chaudhuri, Kamalika and Jegelka, Stefanie and Song, Le and Szepesvari, Csaba and Niu, Gang and Sabato, Sivan},
}

@InProceedings{pmlr-v37-sohl-dickstein15,
  title = 	 {Deep Unsupervised Learning using Nonequilibrium Thermodynamics},
  author = 	 {Sohl-Dickstein, Jascha and Weiss, Eric and Maheswaranathan, Niru and Ganguli, Surya},
  booktitle = 	 {Proceedings of ICML},
  year = 	 {2015},

}

@inproceedings{zhou2023shifted,
  title={Shifted diffusion for text-to-image generation},
  author={Zhou, Yufan and Liu, Bingchen and Zhu, Yizhe and Yang, Xiao and Chen, Changyou and Xu, Jinhui},
  booktitle={Proceedings of CVPR},
  year={2023}
}


@inproceedings{wu2023tune,
  title={Tune-a-video: One-shot tuning of image diffusion models for text-to-video generation},
  author={Wu, Jay Zhangjie and Ge, Yixiao and Wang, Xintao and Lei, Stan Weixian and Gu, Yuchao and Shi, Yufei and Hsu, Wynne and Shan, Ying and Qie, Xiaohu and Shou, Mike Zheng},
  booktitle={Proceedings of ICCV},
  year={2023}
}

@inproceedings{huang2023collaborative,
  title={Collaborative diffusion for multi-modal face generation and editing},
  author={Huang, Ziqi and Chan, Kelvin CK and Jiang, Yuming and Liu, Ziwei},
  booktitle={Proceedings of CVPR},
  year={2023}
}

@inproceedings{kim2023dcface,
  title={DCFace: Synthetic Face Generation with Dual Condition Diffusion Model},
  author={Kim, Minchul and Liu, Feng and Jain, Anil and Liu, Xiaoming},
  booktitle={Proceedings of CVPR},
  year={2023}
}

@inproceedings{stypulkowski2024diffused,
  title={Diffused heads: Diffusion models beat gans on talking-face generation},
  author={Stypu{\l}kowski, Micha{\l} and Vougioukas, Konstantinos and He, Sen and Zieba, Maciej and Petridis, Stavros and Pantic, Maja},
  booktitle={Proceedings of WACV},
  year={2024}
}

@inproceedings{du2023dae,
  title={Dae-talker: High fidelity speech-driven talking face generation with diffusion autoencoder},
  author={Du, Chenpeng and Chen, Qi and He, Tianyu and Tan, Xu and Chen, Xie and Yu, Kai and Zhao, Sheng and Bian, Jiang},
  booktitle={Proceedings of ACM Multimedia},
  year={2023}
}

@inproceedings{schneider2019wav2vec,
  title={wav2vec: Unsupervised Pre-training for Speech Recognition},
  author={Steffen Schneider and Alexei Baevski and Ronan Collobert and Michael Auli},
  booktitle={Proceedings of Interspeech},
  year={2019},
}

@inproceedings{radford2023robust,
  title={Robust speech recognition via large-scale weak supervision},
  author={Radford, Alec and Kim, Jong Wook and Xu, Tao and Brockman, Greg and McLeavey, Christine and Sutskever, Ilya},
  booktitle={Proceedings of ICML},
  year={2023},
}

@inproceedings{shen2021efficient,
  title={Efficient attention: Attention with linear complexities},
  author={Shen, Zhuoran and Zhang, Mingyuan and Zhao, Haiyu and Yi, Shuai and Li, Hongsheng},
  booktitle={PProceedings of WACV},
  year={2021}
}

@article{ramesh2022hierarchical,
  title={Hierarchical text-conditional image generation with clip latents},
  author={Ramesh, Aditya and Dhariwal, Prafulla and Nichol, Alex and Chu, Casey and Chen, Mark},
  journal={arXiv preprint arXiv:2204.06125},
  year={2022}
}

@inproceedings{guan2023stylesync,
  title = {StyleSync: High-Fidelity Generalized and Personalized Lip Sync in Style-based Generator},
  author = {Guan, Jiazhi and Zhang, Zhanwang and Zhou, Hang and HU, Tianshu and Wang, Kaisiyuan and He, Dongliang and Feng, Haocheng and Liu, Jingtuo and Ding, Errui and Liu, Ziwei and Wang, Jingdong},
  booktitle = {Proceedings of CVPR},
  year = {2023}
}

@article{ye2024real3d,
  title={Real3D-Portrait: One-shot Realistic 3D Talking Portrait Synthesis},
  author={Ye, Zhenhui and Zhong, Tianyun and Ren, Yi and Yang, Jiaqi and Li, Weichuang and Huang, Jiawei and Jiang, Ziyue and He, Jinzheng and Huang, Rongjie and Liu, Jinglin and others},
  journal={arXiv preprint arXiv:2401.08503},
  year={2024}
}
@inproceedings{harvey2022flexible,
  title={Flexible diffusion modeling of long videos},
  author={Harvey, William and Naderiparizi, Saeid and Masrani, Vaden and Weilbach, Christian and Wood, Frank},
  booktitle={Proceedings of NeurIPS},
  volume={35},
  year={2022}
}

@article{yuan2008speaker,
  title={Speaker identification on the SCOTUS corpus},
  author={Yuan, Jiahong and Liberman, Mark and others},
  journal={Journal of the Acoustical Society of America},
  volume={123},
  year={2008},
}

@InProceedings{wang2021gfpgan,
    author = {Xintao Wang and Yu Li and Honglun Zhang and Ying Shan},
    title = {Towards Real-World Blind Face Restoration with Generative Facial Prior},
    booktitle={Proceedings of CVPR},
    year = {2021}
}

@article{sun2024diffposetalk,
  title={Diffposetalk: Speech-driven stylistic 3d facial animation and head pose generation via diffusion models},
  author={Sun, Zhiyao and Lv, Tian and Ye, Sheng and Lin, Matthieu and Sheng, Jenny and Wen, Yu-Hui and Yu, Minjing and Liu, Yong-jin},
  journal={ACM Transactions on Graphics},
  volume={43},
  year={2024},
}

@inproceedings{li2024ae,
  title={Ae-nerf: Audio enhanced neural radiance field for few shot talking head synthesis},
  author={Li, Dongze and Zhao, Kang and Wang, Wei and Peng, Bo and Zhang, Yingya and Dong, Jing and Tan, Tieniu},
  booktitle={Proceedings of AAAI},
  volume={38},
  year={2024}
}

@INPROCEEDINGS{syncnet_critic,

  author={Zhang, Weixia and Zhu, Chengguang and Gao, Jingnan and Yan, Yichao and Zhai, Guangtao and Yang, Xiaokang},

  booktitle={Proceedings of ICIP}, 

  title={A Comparative Study of Perceptual Quality Metrics For Audio-Driven Talking Head Videos}, 

  year={2024},}


@article{li2017Flame, 
  title = {Learning a model of facial shape and expression from {4D} scans}, 
  author = {Li, Tianye and Bolkart, Timo and Black, Michael. J. and Li, Hao and Romero, Javier}, 
  journal = {ACM Transactions on Graphics}, 
  volume = {36}, 
  year = {2017}, 
}

@inproceedings{wang2024eat,
  title={EAT-Face: Emotion-Controllable Audio-Driven Talking Face Generation via Diffusion Model},
  author={Wang, Haodi and Jia, Xiaojun and Cao, Xiaochun},
  booktitle={Proceedings of FG},
  year={2024},
}

@inproceedings{yu2023talking,
  title={Talking head generation with probabilistic audio-to-visual diffusion priors},
  author={Yu, Zhentao and Yin, Zixin and Zhou, Deyu and Wang, Duomin and Wong, Finn and Wang, Baoyuan},
  booktitle={Proceedings of ICCV},
  year={2023}
}

@inproceedings{shen2023difftalk,
   author={Shen, Shuai and Zhao, Wenliang and Meng, Zibin and Li, Wanhua and Zhu, Zheng and Zhou, Jie and Lu, Jiwen},
   title={DiffTalk: Crafting Diffusion Models for Generalized Audio-Driven Portraits Animation},
   booktitle={Proceedings of CVPR},
   year={2023}
}

@inproceedings{yaman2024audio_2,
  title={Audio-Visual Speech Representation Expert for Enhanced Talking Face Video Generation and Evaluation},
  author={Yaman, Dogucan and Eyiokur, Fevziye Irem and B{\"a}rmann, Leonard and Akti, Seymanur and Ekenel, Haz{\i}m Kemal and Waibel, Alexander},
  booktitle={Proceedings of CVPR workshops},
  year={2024}
}

@inproceedings{yaman2024audio,
  title={Audio-driven Talking Face Generation with Stabilized Synchronization Loss},
  author={Yaman, Dogucan and Eyiokur, Fevziye Irem and B{\"a}rmann, Leonard and Ekenel, Haz{\i}m Kemal and Waibel, Alexander},
  booktitle={Proceedings of ECCV},
  year={2024}
}
