#object detection
@article{shijila2019simultaneous,
  title={Simultaneous denoising and moving object detection using low rank approximation},
  author={Shijila, B and Tom, Anju Jose and George, Sudhish N},
  journal={Future Generation Computer Systems},
  volume={90},
  pages={198--210},
  year={2019},
  publisher={Elsevier}
}
#分割
@article{liu2020connecting,
  title={Connecting image denoising and high-level vision tasks via deep learning},
  author={Liu, Ding and Wen, Bihan and Jiao, Jianbo and Liu, Xianming and Wang, Zhangyang and Huang, Thomas S},
  journal={IEEE Transactions on Image Processing},
  volume={29},
  pages={3695--3706},
  year={2020},
  publisher={IEEE}
}
#image classification
@inproceedings{wang2017residual,
  title={Residual attention network for image classification},
  author={Wang, Fei and Jiang, Mengqing and Qian, Chen and Yang, Shuo and Li, Cheng and Zhang, Honggang and Wang, Xiaogang and Tang, Xiaoou},
  booktitle={Proceedings of the IEEE conference on computer vision and pattern recognition},
  pages={3156--3164},
  year={2017}
}
#unet
@inproceedings{ronneberger2015u,
  title={U-net: Convolutional networks for biomedical image segmentation},
  author={Ronneberger, Olaf and Fischer, Philipp and Brox, Thomas},
  booktitle={Medical image computing and computer-assisted intervention--MICCAI 2015: 18th international conference, Munich, Germany, October 5-9, 2015, proceedings, part III 18},
  pages={234--241},
  year={2015},
  organization={Springer}
}
#dncnn
@article{zhang2017dncnn,
  title={Beyond a gaussian denoiser: Residual learning of deep cnn for image denoising},
  author={Zhang, Kai and Zuo, Wangmeng and Chen, Yunjin and Meng, Deyu and Zhang, Lei},
  journal={IEEE transactions on image processing},
  volume={26},
  number={7},
  pages={3142--3155},
  year={2017},
  publisher={IEEE}
}

@article{zhang2018ffdnet,
  title={FFDNet: Toward a fast and flexible solution for CNN-based image denoising},
  author={Zhang, Kai and Zuo, Wangmeng and Zhang, Lei},
  journal={IEEE Transactions on Image Processing},
  volume={27},
  number={9},
  pages={4608--4622},
  year={2018},
  publisher={IEEE}
}
#ridnet
@inproceedings{anwar2019real,
  title={Real image denoising with feature attention},
  author={Anwar, Saeed and Barnes, Nick},
  booktitle={Proceedings of the IEEE/CVF international conference on computer vision},
  pages={3155--3164},
  year={2019}
}
#sannet
@inproceedings{mentecs2021re,
  title={[Re] Spatial-Adaptive Network for Single Image Denoising},
  author={Mente{\c{s}}, Sami and K{\i}nl{\i}, Furkan and {\"O}zcan, Bar{\i}{\c{s}} and K{\i}ra{\c{c}}, Furkan},
  booktitle={ML Reproducibility Challenge 2020},
  year={2021}
}
#MIRnet
@article{zamir2022learning,
  title={Learning enriched features for fast image restoration and enhancement},
  author={Zamir, Syed Waqas and Arora, Aditya and Khan, Salman and Hayat, Munawar and Khan, Fahad Shahbaz and Yang, Ming-Hsuan and Shao, Ling},
  journal={IEEE transactions on pattern analysis and machine intelligence},
  volume={45},
  number={2},
  pages={1934--1948},
  year={2022},
  publisher={IEEE}
}
#MPRnet
@inproceedings{zamir2021multi,
  title={Multi-stage progressive image restoration},
  author={Zamir, Syed Waqas and Arora, Aditya and Khan, Salman and Hayat, Munawar and Khan, Fahad Shahbaz and Yang, Ming-Hsuan and Shao, Ling},
  booktitle={Proceedings of the IEEE/CVF conference on computer vision and pattern recognition},
  pages={14821--14831},
  year={2021}
}
@inproceedings{chen2022simple,
  title={Simple baselines for image restoration},
  author={Chen, Liangyu and Chu, Xiaojie and Zhang, Xiangyu and Sun, Jian},
  booktitle={European conference on computer vision},
  pages={17--33},
  year={2022},
  organization={Springer}
}
@article{zhang2023kbnet,
  title={Kbnet: Kernel basis network for image restoration},
  author={Zhang, Yi and Li, Dasong and Shi, Xiaoyu and He, Dailan and Song, Kangning and Wang, Xiaogang and Qin, Hongwei and Li, Hongsheng},
  journal={arXiv preprint arXiv:2303.02881},
  year={2023}
}
@inproceedings{batson2019noise2self,
  title={Noise2self: Blind denoising by self-supervision},
  author={Batson, Joshua and Royer, Loic},
  booktitle={International Conference on Machine Learning},
  pages={524--533},
  year={2019},
  organization={PMLR}
}
@inproceedings{huang2021neighbor2neighbor,
  title={Neighbor2neighbor: Self-supervised denoising from single noisy images},
  author={Huang, Tao and Li, Songjiang and Jia, Xu and Lu, Huchuan and Liu, Jianzhuang},
  booktitle={Proceedings of the IEEE/CVF conference on computer vision and pattern recognition},
  pages={14781--14790},
  year={2021}
}
@inproceedings{krull2019noise2void,
  title={Noise2void-learning denoising from single noisy images},
  author={Krull, Alexander and Buchholz, Tim-Oliver and Jug, Florian},
  booktitle={Proceedings of the IEEE/CVF conference on computer vision and pattern recognition},
  pages={2129--2137},
  year={2019}
}
#laine19
@article{laine2019high,
  title={High-quality self-supervised deep image denoising},
  author={Laine, Samuli and Karras, Tero and Lehtinen, Jaakko and Aila, Timo},
  journal={Advances in Neural Information Processing Systems},
  volume={32},
  year={2019}
}
@article{lehtinen2018noise2noise,
  title={Noise2Noise: Learning image restoration without clean data},
  author={Lehtinen, Jaakko and Munkberg, Jacob and Hasselgren, Jon and Laine, Samuli and Karras, Tero and Aittala, Miika and Aila, Timo},
  journal={arXiv preprint arXiv:1803.04189},
  year={2018}
}
#cbm3d
@inproceedings{dabov2007color,
  title={Color image denoising via sparse 3D collaborative filtering with grouping constraint in luminance-chrominance space},
  author={Dabov, Kostadin and Foi, Alessandro and Katkovnik, Vladimir and Egiazarian, Karen},
  booktitle={2007 IEEE international conference on image processing},
  volume={1},
  pages={I--313},
  year={2007},
  organization={IEEE}
}
#bm3d
@article{dabov2007image,
  title={Image denoising by sparse 3-D transform-domain collaborative filtering},
  author={Dabov, Kostadin and Foi, Alessandro and Katkovnik, Vladimir and Egiazarian, Karen},
  journal={IEEE Transactions on image processing},
  volume={16},
  number={8},
  pages={2080--2095},
  year={2007},
  publisher={IEEE}
}
@inproceedings{quan2020self2self,
  title={Self2self with dropout: Learning self-supervised denoising from single image},
  author={Quan, Yuhui and Chen, Mingqin and Pang, Tongyao and Ji, Hui},
  booktitle={Proceedings of the IEEE/CVF conference on computer vision and pattern recognition},
  pages={1890--1898},
  year={2020}
}
#zs-n2n
@inproceedings{mansour2023zero,
  title={Zero-shot noise2noise: Efficient image denoising without any data},
  author={Mansour, Youssef and Heckel, Reinhard},
  booktitle={Proceedings of the IEEE/CVF Conference on Computer Vision and Pattern Recognition},
  pages={14018--14027},
  year={2023}
}
#dbsn
@inproceedings{wu2020unpaired,
  title={Unpaired learning of deep image denoising},
  author={Wu, Xiaohe and Liu, Ming and Cao, Yue and Ren, Dongwei and Zuo, Wangmeng},
  booktitle={European conference on computer vision},
  pages={352--368},
  year={2020},
  organization={Springer}
}
#r2r
@inproceedings{pang2021recorrupted,
  title={Recorrupted-to-recorrupted: unsupervised deep learning for image denoising},
  author={Pang, Tongyao and Zheng, Huan and Quan, Yuhui and Ji, Hui},
  booktitle={Proceedings of the IEEE/CVF conference on computer vision and pattern recognition},
  pages={2043--2052},
  year={2021}
}
#diffir
@inproceedings{xia2023diffir,
  title={Diffir: Efficient diffusion model for image restoration},
  author={Xia, Bin and Zhang, Yulun and Wang, Shiyin and Wang, Yitong and Wu, Xinglong and Tian, Yapeng and Yang, Wenming and Van Gool, Luc},
  booktitle={Proceedings of the IEEE/CVF International Conference on Computer Vision},
  pages={13095--13105},
  year={2023}
}
#SRDtrans
@article{li2023spatial,
  title={Spatial redundancy transformer for self-supervised fluorescence image denoising},
  author={Li, Xinyang and Hu, Xiaowan and Chen, Xingye and Fan, Jiaqi and Zhao, Zhifeng and Wu, Jiamin and Wang, Haoqian and Dai, Qionghai},
  journal={Nature Computational Science},
  volume={3},
  number={12},
  pages={1067--1080},
  year={2023},
  publisher={Nature Publishing Group US New York}
}
#b2u
@inproceedings{wang2022blind2unblind,
  title={Blind2unblind: Self-supervised image denoising with visible blind spots},
  author={Wang, Zejin and Liu, Jiazheng and Li, Guoqing and Han, Hua},
  booktitle={Proceedings of the IEEE/CVF conference on computer vision and pattern recognition},
  pages={2027--2036},
  year={2022}
}
#swinia
@article{papkov2023swinia,
  title={SwinIA: Self-Supervised Blind-Spot Image Denoising with Zero Convolutions},
  author={Papkov, Mikhail and Chizhov, Pavel},
  journal={arXiv preprint arXiv:2305.05651},
  year={2023}
}
#noise2same
@article{xie2020noise2same,
  title={Noise2same: Optimizing a self-supervised bound for image denoising},
  author={Xie, Yaochen and Wang, Zhengyang and Ji, Shuiwang},
  journal={Advances in neural information processing systems},
  volume={33},
  pages={20320--20330},
  year={2020}
}
#denoise transformer
@article{zhang2023self,
  title={Self-supervised image denoising for real-world images with context-aware transformer},
  author={Zhang, Dan and Zhou, Fangfang},
  journal={IEEE Access},
  volume={11},
  pages={14340--14349},
  year={2023},
  publisher={IEEE}
}
#AP-BSN
@inproceedings{lee2022ap,
  title={Ap-bsn: Self-supervised denoising for real-world images via asymmetric pd and blind-spot network},
  author={Lee, Wooseok and Son, Sanghyun and Lee, Kyoung Mu},
  booktitle={Proceedings of the IEEE/CVF Conference on Computer Vision and Pattern Recognition},
  pages={17725--17734},
  year={2022}
}
#lg-psn
@inproceedings{wang2023lg,
  title={Lg-bpn: Local and global blind-patch network for self-supervised real-world denoising},
  author={Wang, Zichun and Fu, Ying and Liu, Ji and Zhang, Yulun},
  booktitle={Proceedings of the IEEE/CVF Conference on Computer Vision and Pattern Recognition},
  pages={18156--18165},
  year={2023}
}
#ddpm
@article{ho2020denoising,
  title={Denoising diffusion probabilistic models},
  author={Ho, Jonathan and Jain, Ajay and Abbeel, Pieter},
  journal={Advances in neural information processing systems},
  volume={33},
  pages={6840--6851},
  year={2020}
}
#ddim
@article{song2020denoising,
  title={Denoising diffusion implicit models},
  author={Song, Jiaming and Meng, Chenlin and Ermon, Stefano},
  journal={arXiv preprint arXiv:2010.02502},
  year={2020}
}
@inproceedings{wang2023unlimited,
  title={Unlimited-size diffusion restoration},
  author={Wang, Yinhuai and Yu, Jiwen and Yu, Runyi and Zhang, Jian},
  booktitle={Proceedings of the IEEE/CVF Conference on Computer Vision and Pattern Recognition},
  pages={1160--1167},
  year={2023}
}
@article{wang2023lldiffusion,
  title={LLDiffusion: Learning degradation representations in diffusion models for low-light image enhancement},
  author={Wang, Tao and Zhang, Kaihao and Shao, Ziqian and Luo, Wenhan and Stenger, Bjorn and Kim, Tae-Kyun and Liu, Wei and Li, Hongdong},
  journal={arXiv preprint arXiv:2307.14659},
  year={2023}
}
#ddrm
@article{kawar2022denoising,
  title={Denoising diffusion restoration models},
  author={Kawar, Bahjat and Elad, Michael and Ermon, Stefano and Song, Jiaming},
  journal={Advances in Neural Information Processing Systems},
  volume={35},
  pages={23593--23606},
  year={2022}
}
@inproceedings{zhang2023adding,
  title={Adding conditional control to text-to-image diffusion models},
  author={Zhang, Lvmin and Rao, Anyi and Agrawala, Maneesh},
  booktitle={Proceedings of the IEEE/CVF International Conference on Computer Vision},
  pages={3836--3847},
  year={2023}
}
#VIT
@article{dosovitskiy2020image,
  title={An image is worth 16x16 words: Transformers for image recognition at scale},
  author={Dosovitskiy, Alexey and Beyer, Lucas and Kolesnikov, Alexander and Weissenborn, Dirk and Zhai, Xiaohua and Unterthiner, Thomas and Dehghani, Mostafa and Minderer, Matthias and Heigold, Georg and Gelly, Sylvain and others},
  journal={arXiv preprint arXiv:2010.11929},
  year={2020}
}
#restormer
@inproceedings{zamir2022restormer,
  title={Restormer: Efficient transformer for high-resolution image restoration},
  author={Zamir, Syed Waqas and Arora, Aditya and Khan, Salman and Hayat, Munawar and Khan, Fahad Shahbaz and Yang, Ming-Hsuan},
  booktitle={Proceedings of the IEEE/CVF conference on computer vision and pattern recognition},
  pages={5728--5739},
  year={2022}
}
#imagenet
@inproceedings{deng2009imagenet,
  title={Imagenet: A large-scale hierarchical image database},
  author={Deng, Jia and Dong, Wei and Socher, Richard and Li, Li-Jia and Li, Kai and Fei-Fei, Li},
  booktitle={2009 IEEE conference on computer vision and pattern recognition},
  pages={248--255},
  year={2009},
  organization={Ieee}
}
#bsd300
@inproceedings{martin2001database,
  title={A database of human segmented natural images and its application to evaluating segmentation algorithms and measuring ecological statistics},
  author={Martin, David and Fowlkes, Charless and Tal, Doron and Malik, Jitendra},
  booktitle={Proceedings Eighth IEEE International Conference on Computer Vision. ICCV 2001},
  volume={2},
  pages={416--423},
  year={2001},
  organization={IEEE}
}
#set14
@inproceedings{zeyde2012single,
  title={On single image scale-up using sparse-representations},
  author={Zeyde, Roman and Elad, Michael and Protter, Matan},
  booktitle={Curves and Surfaces: 7th International Conference, Avignon, France, June 24-30, 2010, Revised Selected Papers 7},
  pages={711--730},
  year={2012},
  organization={Springer}
}
#bsd400
@article{zhang2017beyond,
  title={Beyond a gaussian denoiser: Residual learning of deep cnn for image denoising},
  author={Zhang, Kai and Zuo, Wangmeng and Chen, Yunjin and Meng, Deyu and Zhang, Lei},
  journal={IEEE transactions on image processing},
  volume={26},
  number={7},
  pages={3142--3155},
  year={2017},
  publisher={IEEE}
}
@article{makitalo2010optimal,
  title={Optimal inversion of the Anscombe transformation in low-count Poisson image denoising},
  author={Makitalo, Markku and Foi, Alessandro},
  journal={IEEE transactions on Image Processing},
  volume={20},
  number={1},
  pages={99--109},
  year={2010},
  publisher={IEEE}
}
@article{li2022srdiff,
  title={Srdiff: Single image super-resolution with diffusion probabilistic models},
  author={Li, Haoying and Yang, Yifan and Chang, Meng and Chen, Shiqi and Feng, Huajun and Xu, Zhihai and Li, Qi and Chen, Yueting},
  journal={Neurocomputing},
  volume={479},
  pages={47--59},
  year={2022},
  publisher={Elsevier}
}
@article{lin2023diffbir,
  title={Diffbir: Towards blind image restoration with generative diffusion prior},
  author={Lin, Xinqi and He, Jingwen and Chen, Ziyan and Lyu, Zhaoyang and Fei, Ben and Dai, Bo and Ouyang, Wanli and Qiao, Yu and Dong, Chao},
  journal={arXiv preprint arXiv:2308.15070},
  year={2023}
}
@inproceedings{wang2024zero,
  title={Zero-Reference Low-Light Enhancement via Physical Quadruple Priors},
  author={Wang, Wenjing and Yang, Huan and Fu, Jianlong and Liu, Jiaying},
  booktitle={Proceedings of the IEEE/CVF Conference on Computer Vision and Pattern Recognition},
  pages={26057--26066},
  year={2024}
}
#bsd68
@inproceedings{roth2005fields,
  title={Fields of experts: A framework for learning image priors},
  author={Roth, Stefan and Black, Michael J},
  booktitle={2005 IEEE Computer Society Conference on Computer Vision and Pattern Recognition (CVPR'05)},
  volume={2},
  pages={860--867},
  year={2005},
  organization={IEEE}
}
#sidd
@inproceedings{abdelhamed2018high,
  title={A high-quality denoising dataset for smartphone cameras},
  author={Abdelhamed, Abdelrahman and Lin, Stephen and Brown, Michael S},
  booktitle={Proceedings of the IEEE conference on computer vision and pattern recognition},
  pages={1692--1700},
  year={2018}
}
@article{makitalo2010optimal,
  title={Optimal inversion of the Anscombe transformation in low-count Poisson image denoising},
  author={Makitalo, Markku and Foi, Alessandro},
  journal={IEEE transactions on Image Processing},
  volume={20},
  number={1},
  pages={99--109},
  year={2010},
  publisher={IEEE}
}
#fmdd
@inproceedings{zhang2019poisson,
  title={A poisson-gaussian denoising dataset with real fluorescence microscopy images},
  author={Zhang, Yide and Zhu, Yinhao and Nichols, Evan and Wang, Qingfei and Zhang, Siyuan and Smith, Cody and Howard, Scott},
  booktitle={Proceedings of the IEEE/CVF Conference on Computer Vision and Pattern Recognition},
  pages={11710--11718},
  year={2019}
}
#lg-bpn
@inproceedings{wang2023lg,
  title={Lg-bpn: Local and global blind-patch network for self-supervised real-world denoising},
  author={Wang, Zichun and Fu, Ying and Liu, Ji and Zhang, Yulun},
  booktitle={Proceedings of the IEEE/CVF Conference on Computer Vision and Pattern Recognition},
  pages={18156--18165},
  year={2023}
}