@article{ho2020denoising,
  title={Denoising diffusion probabilistic models},
  author={Ho, Jonathan and Jain, Ajay and Abbeel, Pieter},
  journal={Advances in neural information processing systems},
  volume={33},
  pages={6840--6851},
  year={2020}
}

@inproceedings{huang2021neighbor2neighbor,
  title={Neighbor2neighbor: Self-supervised denoising from single noisy images},
  author={Huang, Tao and Li, Songjiang and Jia, Xu and Lu, Huchuan and Liu, Jianzhuang},
  booktitle={Proceedings of the IEEE/CVF conference on computer vision and pattern recognition},
  pages={14781--14790},
  year={2021}
}

@article{kawar2022denoising,
  title={Denoising diffusion restoration models},
  author={Kawar, Bahjat and Elad, Michael and Ermon, Stefano and Song, Jiaming},
  journal={Advances in Neural Information Processing Systems},
  volume={35},
  pages={23593--23606},
  year={2022}
}

@inproceedings{krull2019noise2void,
  title={Noise2void-learning denoising from single noisy images},
  author={Krull, Alexander and Buchholz, Tim-Oliver and Jug, Florian},
  booktitle={Proceedings of the IEEE/CVF conference on computer vision and pattern recognition},
  pages={2129--2137},
  year={2019}
}

@inproceedings{lee2022ap,
  title={Ap-bsn: Self-supervised denoising for real-world images via asymmetric pd and blind-spot network},
  author={Lee, Wooseok and Son, Sanghyun and Lee, Kyoung Mu},
  booktitle={Proceedings of the IEEE/CVF Conference on Computer Vision and Pattern Recognition},
  pages={17725--17734},
  year={2022}
}

@article{lehtinen2018noise2noise,
  title={Noise2Noise: Learning image restoration without clean data},
  author={Lehtinen, Jaakko and Munkberg, Jacob and Hasselgren, Jon and Laine, Samuli and Karras, Tero and Aittala, Miika and Aila, Timo},
  journal={arXiv preprint arXiv:1803.04189},
  year={2018}
}

@article{li2022srdiff,
  title={Srdiff: Single image super-resolution with diffusion probabilistic models},
  author={Li, Haoying and Yang, Yifan and Chang, Meng and Chen, Shiqi and Feng, Huajun and Xu, Zhihai and Li, Qi and Chen, Yueting},
  journal={Neurocomputing},
  volume={479},
  pages={47--59},
  year={2022},
  publisher={Elsevier}
}

@article{li2023spatial,
  title={Spatial redundancy transformer for self-supervised fluorescence image denoising},
  author={Li, Xinyang and Hu, Xiaowan and Chen, Xingye and Fan, Jiaqi and Zhao, Zhifeng and Wu, Jiamin and Wang, Haoqian and Dai, Qionghai},
  journal={Nature Computational Science},
  volume={3},
  number={12},
  pages={1067--1080},
  year={2023},
  publisher={Nature Publishing Group US New York}
}

@article{lin2023diffbir,
  title={Diffbir: Towards blind image restoration with generative diffusion prior},
  author={Lin, Xinqi and He, Jingwen and Chen, Ziyan and Lyu, Zhaoyang and Fei, Ben and Dai, Bo and Ouyang, Wanli and Qiao, Yu and Dong, Chao},
  journal={arXiv preprint arXiv:2308.15070},
  year={2023}
}

@inproceedings{mansour2023zero,
  title={Zero-shot noise2noise: Efficient image denoising without any data},
  author={Mansour, Youssef and Heckel, Reinhard},
  booktitle={Proceedings of the IEEE/CVF Conference on Computer Vision and Pattern Recognition},
  pages={14018--14027},
  year={2023}
}

@article{song2020denoising,
  title={Denoising diffusion implicit models},
  author={Song, Jiaming and Meng, Chenlin and Ermon, Stefano},
  journal={arXiv preprint arXiv:2010.02502},
  year={2020}
}

@inproceedings{wang2023lg,
  title={Lg-bpn: Local and global blind-patch network for self-supervised real-world denoising},
  author={Wang, Zichun and Fu, Ying and Liu, Ji and Zhang, Yulun},
  booktitle={Proceedings of the IEEE/CVF Conference on Computer Vision and Pattern Recognition},
  pages={18156--18165},
  year={2023}
}

@inproceedings{wang2024zero,
  title={Zero-Reference Low-Light Enhancement via Physical Quadruple Priors},
  author={Wang, Wenjing and Yang, Huan and Fu, Jianlong and Liu, Jiaying},
  booktitle={Proceedings of the IEEE/CVF Conference on Computer Vision and Pattern Recognition},
  pages={26057--26066},
  year={2024}
}

@inproceedings{xia2023diffir,
  title={Diffir: Efficient diffusion model for image restoration},
  author={Xia, Bin and Zhang, Yulun and Wang, Shiyin and Wang, Yitong and Wu, Xinglong and Tian, Yapeng and Yang, Wenming and Van Gool, Luc},
  booktitle={Proceedings of the IEEE/CVF International Conference on Computer Vision},
  pages={13095--13105},
  year={2023}
}

