@article{Bauschke17descentlemma,
    author = {Bauschke, Heinz H. and Bolte, J\'{e}r\^{o}me and Teboulle, Marc},
    title = {A Descent Lemma Beyond Lipschitz Gradient Continuity: First-Order Methods Revisited and Applications},
    year = {2017},
    volume = {42},
    number = {2},
    journal = {Mathematics of Operations Research},
    pages = {330-348},
}

@article{DBLP:journals/chinaf/ZhaoXL21,
  author       = {Shen{-}Yi Zhao and
                  Yin{-}Peng Xie and
                  Wu{-}Jun Li},
  title        = {On the convergence and improvement of stochastic normalized gradient
                  descent},
  journal      = {Science China Information Sciences},
  volume       = {64},
  number       = {3},
  year         = {2021},
}

@article{JMLR:v12:duchi11a,
  author  = {John Duchi and Elad Hazan and Yoram Singer},
  title   = {Adaptive Subgradient Methods for Online Learning and Stochastic Optimization},
  journal = {Journal of Machine Learning Research (JMLR)},
  year    = {2011},
  volume  = {12},
  number  = {61},
  pages   = {2121--2159},
}

@inproceedings{Li2023GS,
 author = {Li, Haochuan and Qian, Jian and Tian, Yi and Rakhlin, Alexander and Jadbabaie, Ali},
 booktitle = {Advances in Neural Information Processing Systems 36 (NeurIPS)},
 pages = {40238--40271},
 title = {Convex and Non-convex Optimization Under Generalized Smoothness},
 year = {2023}
}

@inproceedings{Li23adam,
 author = {Li, Haochuan and Rakhlin, Alexander and Jadbabaie, Ali},
 booktitle = {Advances in Neural Information Processing Systems 36 (NeurIPS)},
 pages = {52166--52196},
 title = {Convergence of Adam Under Relaxed Assumptions},
 year = {2023}
}

@inproceedings{NeurIPS'24:LocalSmooth,
    author = {Yan-Feng Xie and Peng Zhao and Zhi-Hua Zhou},
    title = {Gradient-Variation Online Learning under Generalized Smoothness},
    booktitle = {Advances in Neural Information Processing Systems 37 (NeurIPS)},
    year = {2024},
    pages = {to appear}
}

@inproceedings{NeurIPS:2024:Jiang,
    author = {Wei Jiang and Sifan Yang and Wenhao Yang and Lijun Zhang},    
    title = {Efficient Sign-Based Optimization: Accelerating Convergence via Variance Reduction},
    booktitle = {Advances in Neural Information Processing Systems 37 (NeurIPS)},    
    pages = {to appear},    
    year = {2024},
}

@inproceedings{Xie2024trustregion, 
    title={Trust Region Methods for Nonconvex Stochastic Optimization beyond Lipschitz Smoothness}, 
    booktitle={Proceedings of the 38th AAAI Conference on Artificial Intelligence}, 
    author={Xie, Chenghan and Li, Chenxi and Zhang, Chuwen and Deng, Qi and Ge, Dongdong and Ye, Yinyu}, 
    year={2024},
    pages={16049-16057} 
}

@inproceedings{Zhang2020Why,
    title={Why Gradient Clipping Accelerates Training: A Theoretical Justification for Adaptivity},
    author={Jingzhao Zhang and Tianxing He and Suvrit Sra and Ali Jadbabaie},
    booktitle={The 8th International Conference on Learning Representations (ICLR)},
    year={2020},
}

@article{arjevani2023lower,
  title={Lower bounds for non-convex stochastic optimization},
  author={Arjevani, Yossi and Carmon, Yair and Duchi, John C and Foster, Dylan J and Srebro, Nathan and Woodworth, Blake},
  journal={Mathematical Programming},
  volume={199},
  number={1},
  pages={165--214},
  year={2023},
  publisher={Springer}
}

@article{carmon2020lower,
  title={Lower bounds for finding stationary points I},
  author={Carmon, Yair and Duchi, John C and Hinder, Oliver and Sidford, Aaron},
  journal={Mathematical Programming},
  volume={184},
  number={1},
  pages={71--120},
  year={2020},
  publisher={Springer}
}

@inproceedings{caron2021emerging,
  title={Emerging properties in self-supervised vision transformers},
  author={Caron, Mathilde and Touvron, Hugo and Misra, Ishan and J{\'e}gou, Herv{\'e} and Mairal, Julien and Bojanowski, Piotr and Joulin, Armand},
  booktitle={Proceedings of the IEEE/CVF International Conference on Computer Vision (CVPR)},
  pages={9650--9660},
  year={2021}
}

@article{chayti2024metalearning,
  title={A New First-Order Meta-Learning Algorithm with Convergence Guarantees},
  author={Chayti, El Mahdi and Jaggi, Martin},
  journal={arXiv preprint arXiv:2409.03682},
  year={2024}
}

@inproceedings{chen2023generalized,
  title={Generalized-smooth nonconvex optimization is as efficient as smooth nonconvex optimization},
  author={Chen, Ziyi and Zhou, Yi and Liang, Yingbin and Lu, Zhaosong},
  booktitle={Proceedings of the 40th International Conference on Machine Learning (ICML)},
  pages={5396--5427},
  year={2023},
}

@article{chzhen2023signsvrg,
  title={SignSVRG: fixing SignSGD via variance reduction},
  author={Chzhen, Evgenii and Schechtman, Sholom},
  journal={arXiv preprint arXiv:2305.13187},
  year={2023}
}

@inproceedings{cooper2024theoretical,
  title={A theoretical study of the {$(L_0, L_1)$}-smoothness condition in deep learning},
  author={Cooper, Y},
  booktitle={OPT 2024: 16th Annual Workshop on Optimization for Machine Learning},
  year={2024},
}

@article{cortes2006finite,
  title={Finite-time convergent gradient flows with applications to network consensus},
  author={Cort{\'e}s, Jorge},
  journal={Automatica},
  volume={42},
  number={11},
  pages={1993--2000},
  year={2006},
  publisher={Elsevier}
}

@inproceedings{crawshaw2022robustness,
  title={Robustness to unbounded smoothness of generalized signsgd},
  author={Crawshaw, Michael and Liu, Mingrui and Orabona, Francesco and Zhang, Wei and Zhuang, Zhenxun},
  booktitle={Advances in Neural Information Processing Systems 35 (NeurIPS)},
  pages={9955--9968},
  year={2022}
}

@article{demidovich2024methods,
  title={Methods with Local Steps and Random Reshuffling for Generally Smooth Non-Convex Federated Optimization},
  author={Demidovich, Yury and Ostroukhov, Petr and Malinovsky, Grigory and Horv{\'a}th, Samuel and Tak{\'a}{\v{c}}, Martin and Richt{\'a}rik, Peter and Gorbunov, Eduard},
  journal={arXiv preprint arXiv:2412.02781},
  year={2024}
}

@inproceedings{devlin-etal-2019-bert,
    title = "{BERT}: Pre-training of Deep Bidirectional Transformers for Language Understanding",
    author = "Devlin, Jacob  and
      Chang, Ming-Wei  and
      Lee, Kenton  and
      Toutanova, Kristina",
    booktitle = "Proceedings of the 2019 Conference of the North {A}merican Chapter of the Association for Computational Linguistics: Human Language Technologies, Volume 1 (Long and Short Papers)",
    year = "2019",
    publisher = "Association for Computational Linguistics",
    pages = "4171--4186",
}

@inproceedings{fang2018spider,
 author = {Fang, Cong and Li, Chris Junchi and Lin, Zhouchen and Zhang, Tong},
 booktitle = {Advances in Neural Information Processing Systems 31 (NeurIPS)},
 pages = {689--699},
 title = {SPIDER: Near-Optimal Non-Convex Optimization via Stochastic Path-Integrated Differential Estimator},
 year = {2018}
}

@article{gasnikov2018universal,
  title={Universal method for stochastic composite optimization problems},
  author={Gasnikov, Alexander Vladimirovich and Nesterov, Yu E},
  journal={Computational Mathematics and Mathematical Physics},
  volume={58},
  pages={48--64},
  year={2018},
  publisher={Springer}
}

@article{gorbunov2024methods,
  title={Methods for convex {$(L_0,L_1)$}-smooth optimization: Clipping, acceleration, and adaptivity},
  author={Gorbunov, Eduard and Tupitsa, Nazarii and Choudhury, Sayantan and Aliev, Alen and Richt{\'a}rik, Peter and Horv{\'a}th, Samuel and Tak{\'a}{\v{c}}, Martin},
  journal={arXiv preprint arXiv:2409.14989},
  year={2024}
}

@inproceedings{hao2024bilevel,
    title={Bilevel Optimization under Unbounded Smoothness: A New Algorithm and Convergence Analysis},
    author={Jie Hao and Xiaochuan Gong and Mingrui Liu},
    booktitle={The 12th International Conference on Learning Representations (ICLR)},
    year={2024},
}

@misc{hinton2012neural,
  title={Neural networks for machine learning lecture 6a overview of mini-batch gradient descent},
  author={Hinton, Geoffrey and Srivastava, Nitish and Swersky, Kevin},
  year={2012},
}

@article{jiang2024convergence,
  title={Convergence analysis of adaptive gradient methods under refined smoothness and noise assumptions},
  author={Jiang, Ruichen and Maladkar, Devyani and Mokhtari, Aryan},
  journal={arXiv preprint arXiv:2406.04592},
  year={2024}
}

@inproceedings{jin2021nonconvexdro,
 author = {Jin, Jikai and Zhang, Bohang and Wang, Haiyang and Wang, Liwei},
 booktitle = {Advances in Neural Information Processing Systems 34 (NeurIPS)},
 pages = {2771--2782},
 title = {Non-convex Distributionally Robust Optimization: Non-asymptotic Analysis},
 year = {2021}
}

@inproceedings{khirirat2024communication,
  title={Communication-efficient Algorithms Under Generalized Smoothness Assumptions},
  author={Khirirat, Sarit and Sadiev, Abdurakhmon and Riabinin, Artem and Gorbunov, Eduard and Richt{\'a}rik, Peter},
  booktitle={OPT 2024: 16th Annual Workshop on Optimization for Machine Learning},
  year={2024}
}

@article{khirirat2024error,
  title={Error Feedback under {$(L_0, L_1)$}-Smoothness: Normalization and Momentum},
  author={Khirirat, Sarit and Sadiev, Abdurakhmon and Riabinin, Artem and Gorbunov, Eduard and Richt{\'a}rik, Peter},
  journal={arXiv preprint arXiv:2410.16871},
  year={2024}
}

@inproceedings{kingma15adam,
  author={Diederik P. Kingma and Jimmy Ba},
  title={Adam: A Method for Stochastic Optimization},
  year={2015},
  booktitle={The 3rd International Conference on Learning Representations (ICLR)},
}

@article{liu2024adagrad,
  title={AdaGrad under Anisotropic Smoothness},
  author={Liu, Yuxing and Pan, Rui and Zhang, Tong},
  journal={arXiv preprint arXiv:2406.15244},
  year={2024}
}

@article{lu18relativesmooth,
    author = {Lu, Haihao and Freund, Robert M. and Nesterov, Yurii},
    title = {Relatively Smooth Convex Optimization by First-Order Methods, and Applications},
    journal = {SIAM Journal on Optimization},
    volume = {28},
    number = {1},
    pages = {333-354},
    year = {2018},
}

@inproceedings{malitsky2020adaptive,
  title={Adaptive Gradient Descent without Descent},
  author={Malitsky, Yura and Mishchenko, Konstantin},
  booktitle={Proceedings of the 37th International Conference on Machine Learning (ICML)},
  pages={6702--6712},
  year={2020},
}

@inproceedings{merity2018regularizing,
    title={Regularizing and Optimizing {LSTM} Language Models},
    author={Stephen Merity and Nitish Shirish Keskar and Richard Socher},
    booktitle={The 6th International Conference on Learning Representations (ICLR)},
    year={2018},
}

@article{mikolov2012statistical,
  title={Statistical language models based on neural networks},
  author={Mikolov, Tom{\'a}{\v{s}} and others},
  year={2012},
  journal={PhD thesis, Brno University of Technology},
  publisher={Brno University of Technology}
}

@inproceedings{mishkin2024directional,
    title={Directional Smoothness and Gradient Methods: Convergence and Adaptivity},
    author={Aaron Mishkin and Ahmed Khaled and Yuanhao Wang and Aaron Defazio and Robert M. Gower},
    booktitle={Advances in Neural Information Processing Systems 37 (NeurIPS)},
    pages={to appear},
    year={2024},
}

@inproceedings{nesterov1983method,
  title={A method for solving the convex programming problem with convergence rate {$O(1/k^2)$}},
  author={Nesterov, Yurii},
  booktitle={Dokl akad nauk Sssr},
  volume={269},
  pages={543},
  year={1983}
}

@article{nesterov1984minimization,
  title={Minimization methods for nonsmooth convex and quasiconvex functions},
  author={Nesterov, Yurii},
  journal={Matekon},
  volume={29},
  number={3},
  pages={519--531},
  year={1984}
}

@book{nesterov2018lectures,
  title={Lectures on convex optimization},
  author={Nesterov, Yurii and others},
  volume={137},
  year={2018},
  publisher={Springer}
}

@inproceedings{pan2022eigencurve,
    title={Eigencurve: Optimal Learning Rate Schedule for {SGD} on Quadratic Objectives with Skewed Hessian Spectrums},
    author={Rui Pan and Haishan Ye and Tong Zhang},
    booktitle={The 10th International Conference on Learning Representations (ICLR)},
    year={2022},
}

@InProceedings{pmlr-v130-qian21a,
  title = 	 { Understanding Gradient Clipping In Incremental Gradient Methods },
  author =       {Qian, Jiang and Wu, Yuren and Zhuang, Bojin and Wang, Shaojun and Xiao, Jing},
  booktitle = 	 {Proceedings of The 24th International Conference on Artificial Intelligence and Statistics (AISTATS)},
  pages = 	 {1504--1512},
  year = 	 {2021},
}

@InProceedings{pmlr-v178-faw22a,
  title = 	 {The Power of Adaptivity in SGD: Self-Tuning Step Sizes with Unbounded Gradients and Affine Variance},
  author =       {Faw, Matthew and Tziotis, Isidoros and Caramanis, Constantine and Mokhtari, Aryan and Shakkottai, Sanjay and Ward, Rachel},
  booktitle = 	 {Proceedings of the 35th Conference on Learning Theory (COLT)},
  pages = 	 {313--355},
  year = 	 {2022},
}

@InProceedings{pmlr-v195-faw23a,
  title = 	 {Beyond Uniform Smoothness: A Stopped Analysis of Adaptive SGD},
  author =       {Faw, Matthew and Rout, Litu and Caramanis, Constantine and Shakkottai, Sanjay},
  booktitle = 	 {Proceedings of the 36th Conference on Learning Theory (COLT)},
  pages = 	 {89--160},
  year = 	 {2023},
}

@InProceedings{pmlr-v195-wang23a,
  title = 	 {Convergence of AdaGrad for Non-convex Objectives: Simple Proofs and Relaxed Assumptions},
  author =       {Wang, Bohan and Zhang, Huishuai and Ma, Zhiming and Chen, Wei},
  booktitle = 	 {Proceedings of the 36th Conference on Learning Theory (COLT)},
  pages = 	 {161--190},
  year = 	 {2023},
}

@InProceedings{pmlr-v202-koloskova23a,
  title = 	 {Revisiting Gradient Clipping: Stochastic bias and tight convergence guarantees},
  author =       {Koloskova, Anastasia and Hendrikx, Hadrien and Stich, Sebastian U},
  booktitle = 	 {Proceedings of the 40th International Conference on Machine Learning (ICML)},
  pages = 	 {17343--17363},
  year = 	 {2023},
}

@InProceedings{pmlr-v235-gong24d,
  title = 	 {A Nearly Optimal Single Loop Algorithm for Stochastic Bilevel Optimization under Unbounded Smoothness},
  author =       {Gong, Xiaochuan and Hao, Jie and Liu, Mingrui},
  booktitle = 	 {Proceedings of the 41st International Conference on Machine Learning (ICML)},
  pages = 	 {15854--15892},
  year = 	 {2024},
}

@InProceedings{pmlr-v235-xian24a,
  title = 	 {Delving into the Convergence of Generalized Smooth Minimax Optimization},
  author =       {Xian, Wenhan and Chen, Ziyi and Huang, Heng},
  booktitle = 	 {Proceedings of the 41st International Conference on Machine Learning (ICML)},
  pages = 	 {54191--54211},
  year = 	 {2024},
}

@InProceedings{pmlr-v238-hubler24a,
  title = 	 {Parameter-Agnostic Optimization under Relaxed Smoothness},
  author =       {H\"{u}bler, Florian and Yang, Junchi and Li, Xiang and He, Niao},
  booktitle = 	 {Proceedings of the 27th International Conference on Artificial Intelligence and Statistics (AISTATS)},
  pages = 	 {4861--4869},
  year = 	 {2024},
}

@InProceedings{pmlr-v28-pascanu13,
  title = 	 {On the difficulty of training recurrent neural networks},
  author = 	 {Pascanu, Razvan and Mikolov, Tomas and Bengio, Yoshua},
  booktitle = 	 {Proceedings of the 30th International Conference on Machine Learning (ICML)},
  pages = 	 {1310--1318},
  year = 	 {2013},
}

@book{polyak1987introduction,
  title={Introduction to optimization},
  author={Polyak, Boris T},
  year={1987},
  publisher={New York, Optimization Software}
}

@inproceedings{radford2021learning,
  title={Learning transferable visual models from natural language supervision},
  author={Radford, Alec and Kim, Jong Wook and Hallacy, Chris and Ramesh, Aditya and Goh, Gabriel and Agarwal, Sandhini and Sastry, Girish and Askell, Amanda and Mishkin, Pamela and Clark, Jack and others},
  booktitle={Proceedings of the 38th International Conference on Machine Learning (ICML)},
  pages={8748--8763},
  year={2021},
}

@article{reisizadeh2023variance,
  title={Variance-reduced clipping for non-convex optimization},
  author={Reisizadeh, Amirhossein and Li, Haochuan and Das, Subhro and Jadbabaie, Ali},
  journal={arXiv preprint arXiv:2303.00883},
  year={2023}
}

@article{sagun2016eigenvalues,
  title={Eigenvalues of the hessian in deep learning: Singularity and beyond},
  author={Sagun, Levent and Bottou, Leon and LeCun, Yann},
  journal={arXiv preprint arXiv:1611.07476},
  year={2016}
}

@inproceedings{takezawa2024polyak,
  title={Parameter-free Clipped Gradient Descent Meets
 Polyak},
  author={Takezawa, Yuki and Bao, Han and Sato, Ryoma and Niwa, Kenta and Yamada, Makoto},
  booktitle = {Advances in Neural Information Processing Systems 37 (NeurIPS)},    
  pages = {to appear}, 
  year={2024}
}

@article{tyurin2024toward,
  title={Toward a Unified Theory of Gradient Descent under Generalized Smoothness},
  author={Tyurin, Alexander},
  journal={arXiv preprint arXiv:2412.11773},
  year={2024}
}

@InProceedings{vankov2024adaptive,
  title = 	 {Generalized Smooth Variational Inequalities: Methods with Adaptive Stepsizes},
  author =       {Vankov, Daniil and Nedich, Angelia and Sankar, Lalitha},
  booktitle = 	 {Proceedings of the 41st International Conference on Machine Learning (ICML)},
  pages = 	 {49137--49170},
  year = 	 {2024},
}

@article{vankov2024generalized,
  title={Generalized Smooth Stochastic Variational Inequalities: Almost Sure Convergence and Convergence Rates},
  author={Vankov, Daniil and Nedich, Angelia and Sankar, Lalitha},
  journal={arXiv preprint arXiv:2410.12334},
  year={2024}
}

@article{vankov2024optimizing,
  title={Optimizing {$(L_0, L_1)$}-Smooth Functions by Gradient Methods},
  author={Vankov, Daniil and Rodomanov, Anton and Nedich, Angelia and Sankar, Lalitha and Stich, Sebastian U},
  journal={arXiv preprint arXiv:2410.10800},
  year={2024}
}

@inproceedings{wang2024provable,
  title={Provable adaptivity of adam under non-uniform smoothness},
  author={Wang, Bohan and Zhang, Yushun and Zhang, Huishuai and Meng, Qi and Sun, Ruoyu and Ma, Zhi-Ming and Liu, Tie-Yan and Luo, Zhi-Quan and Chen, Wei},
  booktitle={Proceedings of the 30th ACM SIGKDD Conference on Knowledge Discovery and Data Mining},
  pages={2960--2969},
  year={2024}
}

@article{yang2024independently,
  title={Independently-Normalized SGD for Generalized-Smooth Nonconvex Optimization},
  author={Yang, Yufeng and Tripp, Erin and Sun, Yifan and Zou, Shaofeng and Zhou, Yi},
  journal={arXiv preprint arXiv:2410.14054},
  year={2024}
}

@inproceedings{zhang2020improved,
  title={Improved analysis of clipping algorithms for non-convex optimization},
  author={Zhang, Bohang and Jin, Jikai and Fang, Cong and Wang, Liwei},
  booktitle={Advances in Neural Information Processing Systems 33 (NeurIPS)},
  pages={15511--15521},
  year={2020}
}

@article{zhang2024MOO,
  title={On the Convergence of Multi-objective Optimization under Generalized Smoothness},
  author={Zhang, Qi and Xiao, Peiyao and Ji, Kaiyi and Zou, Shaofeng},
  journal={arXiv preprint arXiv:2405.19440},
  year={2024}
}

@article{zhang2024gs,
  author       = {Qi Zhang and Yi Zhou and Shaofeng Zou},
  title        = {Convergence Guarantees for RMSProp and Adam in Generalized-smooth Non-convex Optimization with Affine Noise Variance},
  journal      = {arXiv preprint arXiv:2404.01436v2},
  year         = {2024},
}

