@InProceedings{Boutros_2022_CVPR,
    author    = {Boutros, Fadi and Damer, Naser and Kirchbuchner, Florian and Kuijper, Arjan},
    title     = {ElasticFace: Elastic Margin Loss for Deep Face Recognition},
    booktitle = {Proceedings of the IEEE/CVF Conference on Computer Vision and Pattern Recognition (CVPR) Workshops},
    month     = {June},
    year      = {2022},
    pages     = {1578-1587}
}
@article{liu2022pseudo,
  title={Pseudo numerical methods for diffusion models on manifolds},
  author={Liu, Luping and Ren, Yi and Lin, Zhijie and Zhao, Zhou},
  journal={arXiv preprint arXiv:2202.09778},
  year={2022}
}
@article{sun2024cemiface,
  title={CemiFace: Center-based Semi-hard Synthetic Face Generation for Face Recognition},
  author={Sun, Zhonglin and Song, Siyang and Patras, Ioannis and Tzimiropoulos, Georgios},
  journal={arXiv preprint arXiv:2409.18876},
  year={2024}
}
@article{li2024id,
  title={ID3: Identity-Preserving-yet-Diversified Diffusion Models for Synthetic Face Recognition},
  author={Li, Shen and Xu, Jianqing and Wu, Jiaying and Xiong, Miao and Deng, Ailin and Ji, Jiazhen and Huang, Yuge and Feng, Wenjie and Ding, Shouhong and Hooi, Bryan},
  journal={arXiv preprint arXiv:2409.17576},
  year={2024}
}

@inproceedings{ronneberger2015u,
  title={U-net: Convolutional networks for biomedical image segmentation},
  author={Ronneberger, Olaf and Fischer, Philipp and Brox, Thomas},
  booktitle={Medical image computing and computer-assisted intervention--MICCAI 2015: 18th international conference, Munich, Germany, October 5-9, 2015, proceedings, part III 18},
  pages={234--241},
  year={2015},
  organization={Springer}
}
@article{paszke2019pytorch,
  title={Pytorch: An imperative style, high-performance deep learning library},
  author={Paszke, Adam and Gross, Sam and Massa, Francisco and Lerer, Adam and Bradbury, James and Chanan, Gregory and Killeen, Trevor and Lin, Zeming and Gimelshein, Natalia and Antiga, Luca and others},
  journal={Advances in neural information processing systems},
  volume={32},
  year={2019}
}
@article{ho2022classifier,
  title={Classifier-free diffusion guidance},
  author={Ho, Jonathan and Salimans, Tim},
  journal={arXiv preprint arXiv:2207.12598},
  year={2022}
}
@inproceedings{esser2021taming,
  title={Taming transformers for high-resolution image synthesis},
  author={Esser, Patrick and Rombach, Robin and Ommer, Bjorn},
  booktitle={Proceedings of the IEEE/CVF conference on computer vision and pattern recognition},
  pages={12873--12883},
  year={2021}
}
@InProceedings{Kim_2022_CVPR,
    author    = {Kim, Minchul and Jain, Anil K. and Liu, Xiaoming},
    title     = {AdaFace: Quality Adaptive Margin for Face Recognition},
    booktitle = {Proceedings of the IEEE/CVF Conference on Computer Vision and Pattern Recognition (CVPR)},
    month     = {June},
    year      = {2022},
    pages     = {18750-18759}
}
@inproceedings{deng2019arcface,
  title={Arcface: Additive angular margin loss for deep face recognition},
  author={Deng, Jiankang and Guo, Jia and Xue, Niannan and Zafeiriou, Stefanos},
  booktitle={Proceedings of the IEEE/CVF conference on computer vision and pattern recognition},
  pages={4690--4699},
  year={2019}
}
@inproceedings{wang2018cosface,
  title={Cosface: Large margin cosine loss for deep face recognition},
  author={Wang, Hao and Wang, Yitong and Zhou, Zheng and Ji, Xing and Gong, Dihong and Zhou, Jingchao and Li, Zhifeng and Liu, Wei},
  booktitle={Proceedings of the IEEE conference on computer vision and pattern recognition},
  pages={5265--5274},
  year={2018}
}
@inproceedings{huang2020curricularface,
  title={Curricularface: adaptive curriculum learning loss for deep face recognition},
  author={Huang, Yuge and Wang, Yuhan and Tai, Ying and Liu, Xiaoming and Shen, Pengcheng and Li, Shaoxin and Li, Jilin and Huang, Feiyue},
  booktitle={proceedings of the IEEE/CVF conference on computer vision and pattern recognition},
  pages={5901--5910},
  year={2020}
}
@inproceedings{he2016deep,
  title={Deep residual learning for image recognition},
  author={He, Kaiming and Zhang, Xiangyu and Ren, Shaoqing and Sun, Jian},
  booktitle={Proceedings of the IEEE conference on computer vision and pattern recognition},
  pages={770--778},
  year={2016}
}
@article{boutros2022pocketnet,
  title={Pocketnet: Extreme lightweight face recognition network using neural architecture search and multistep knowledge distillation},
  author={Boutros, Fadi and Siebke, Patrick and Klemt, Marcel and Damer, Naser and Kirchbuchner, Florian and Kuijper, Arjan},
  journal={IEEE access},
  volume={10},
  pages={46823--46833},
  year={2022},
  publisher={IEEE}
}

@inproceedings{huang2017densely,
  title={Densely connected convolutional networks},
  author={Huang, Gao and Liu, Zhuang and Van Der Maaten, Laurens and Weinberger, Kilian Q},
  booktitle={Proceedings of the IEEE conference on computer vision and pattern recognition},
  pages={4700--4708},
  year={2017}
}
@inproceedings{guo2016ms,
  title={Ms-celeb-1m: A dataset and benchmark for large-scale face recognition},
  author={Guo, Yandong and Zhang, Lei and Hu, Yuxiao and He, Xiaodong and Gao, Jianfeng},
  booktitle={Computer Vision--ECCV 2016: 14th European Conference, Amsterdam, The Netherlands, October 11-14, 2016, Proceedings, Part III 14},
  pages={87--102},
  year={2016},
  organization={Springer}
}
@inproceedings{huang2008labeled,
  title={Labeled faces in the wild: A database forstudying face recognition in unconstrained environments},
  author={Huang, Gary B and Mattar, Marwan and Berg, Tamara and Learned-Miller, Eric},
  booktitle={Workshop on faces in'Real-Life'Images: detection, alignment, and recognition},
  year={2008}
}
@inproceedings{kemelmacher2016megaface,
  title={The megaface benchmark: 1 million faces for recognition at scale},
  author={Kemelmacher-Shlizerman, Ira and Seitz, Steven M and Miller, Daniel and Brossard, Evan},
  booktitle={Proceedings of the IEEE conference on computer vision and pattern recognition},
  pages={4873--4882},
  year={2016}
}
@inproceedings{zhu2021webface260m,
  title={Webface260m: A benchmark unveiling the power of million-scale deep face recognition},
  author={Zhu, Zheng and Huang, Guan and Deng, Jiankang and Ye, Yun and Huang, Junjie and Chen, Xinze and Zhu, Jiagang and Yang, Tian and Lu, Jiwen and Du, Dalong and others},
  booktitle={Proceedings of the IEEE/CVF Conference on Computer Vision and Pattern Recognition},
  pages={10492--10502},
  year={2021}
}
@inproceedings{sengupta2016frontal,
  title={Frontal to profile face verification in the wild},
  author={Sengupta, Soumyadip and Chen, Jun-Cheng and Castillo, Carlos and Patel, Vishal M and Chellappa, Rama and Jacobs, David W},
  booktitle={2016 IEEE winter conference on applications of computer vision (WACV)},
  pages={1--9},
  year={2016},
  organization={IEEE}
}
@article{zheng2018cross,
  title={Cross-pose lfw: A database for studying cross-pose face recognition in unconstrained environments},
  author={Zheng, Tianyue and Deng, Weihong},
  journal={Beijing University of Posts and Telecommunications, Tech. Rep},
  volume={5},
  number={7},
  pages={5},
  year={2018}
}
@inproceedings{moschoglou2017agedb,
  title={Agedb: the first manually collected, in-the-wild age database},
  author={Moschoglou, Stylianos and Papaioannou, Athanasios and Sagonas, Christos and Deng, Jiankang and Kotsia, Irene and Zafeiriou, Stefanos},
  booktitle={proceedings of the IEEE conference on computer vision and pattern recognition workshops},
  pages={51--59},
  year={2017}
}
@article{kingma2014adam,
  title={Adam: A method for stochastic optimization},
  author={Kingma, Diederik P},
  journal={arXiv preprint arXiv:1412.6980},
  year={2014}
}
@article{he2024imagineyourself,
  title={Imagine yourself: Tuning-Free Personalized Image Generation},
  author={He, Zecheng and Sun, Bo and Juefei-Xu, Felix and Ma, Haoyu and Ramchandani, Ankit and Cheung, Vincent and Shah, Siddharth and Kalia, Anmol and Subramanyam, Harihar and Zareian, Alireza and others},
  journal={arXiv preprint arXiv:2409.13346},
  year={2024}
}
@article{zheng2017cross,
  title={Cross-age lfw: A database for studying cross-age face recognition in unconstrained environments},
  author={Zheng, Tianyue and Deng, Weihong and Hu, Jiani},
  journal={arXiv preprint arXiv:1708.08197},
  year={2017}
}
@inproceedings{cao2018vggface2,
  title={Vggface2: A dataset for recognising faces across pose and age},
  author={Cao, Qiong and Shen, Li and Xie, Weidi and Parkhi, Omkar M and Zisserman, Andrew},
  booktitle={2018 13th IEEE international conference on automatic face \& gesture recognition (FG 2018)},
  pages={67--74},
  year={2018},
  organization={IEEE}
}
@article{yi2014learning,
  title={Learning face representation from scratch},
  author={Yi, Dong and Lei, Zhen and Liao, Shengcai and Li, Stan Z},
  journal={arXiv preprint arXiv:1411.7923},
  year={2014}
}
@article{brock2018large,
  title={Large Scale GAN Training for High Fidelity Natural Image Synthesis},
  author={Brock, Andrew},
  journal={arXiv preprint arXiv:1809.11096},
  year={2018}
}
@inproceedings{choi2018stargan,
  title={Stargan: Unified generative adversarial networks for multi-domain image-to-image translation},
  author={Choi, Yunjey and Choi, Minje and Kim, Munyoung and Ha, Jung-Woo and Kim, Sunghun and Choo, Jaegul},
  booktitle={Proceedings of the IEEE conference on computer vision and pattern recognition},
  pages={8789--8797},
  year={2018}
}
@article{ho2020denoising,
  title={Denoising diffusion probabilistic models},
  author={Ho, Jonathan and Jain, Ajay and Abbeel, Pieter},
  journal={Advances in neural information processing systems},
  volume={33},
  pages={6840--6851},
  year={2020}
}
@article{karras2017progressive,
  title={Progressive Growing of GANs for Improved Quality, Stability, and Variation},
  author={Karras, Tero},
  journal={arXiv preprint arXiv:1710.10196},
  year={2017}
}
@inproceedings{karras2019style,
  title={A style-based generator architecture for generative adversarial networks},
  author={Karras, Tero and Laine, Samuli and Aila, Timo},
  booktitle={Proceedings of the IEEE/CVF conference on computer vision and pattern recognition},
  pages={4401--4410},
  year={2019}
}
@inproceedings{deandres2024frcsyn,
  title={Frcsyn challenge at cvpr 2024: Face recognition challenge in the era of synthetic data},
  author={DeAndres-Tame, Ivan and Tolosana, Ruben and Melzi, Pietro and Vera-Rodriguez, Ruben and Kim, Minchul and Rathgeb, Christian and Liu, Xiaoming and Morales, Aythami and Fierrez, Julian and Ortega-Garcia, Javier and others},
  booktitle={Proceedings of the IEEE/CVF Conference on Computer Vision and Pattern Recognition},
  pages={3173--3183},
  year={2024}
}
@article{simonyan2014very,
  title={Very deep convolutional networks for large-scale image recognition},
  author={Simonyan, Karen and Zisserman, Andrew},
  journal={arXiv preprint arXiv:1409.1556},
  year={2014}
}
@inproceedings{szegedy2016rethinking,
  title={Rethinking the inception architecture for computer vision},
  author={Szegedy, Christian and Vanhoucke, Vincent and Ioffe, Sergey and Shlens, Jon and Wojna, Zbigniew},
  booktitle={Proceedings of the IEEE conference on computer vision and pattern recognition},
  pages={2818--2826},
  year={2016}
}
@article{loshchilov2016sgdr,
  title={Sgdr: Stochastic gradient descent with warm restarts},
  author={Loshchilov, Ilya and Hutter, Frank},
  journal={arXiv preprint arXiv:1608.03983},
  year={2016}
}
@inproceedings{karras2020analyzing,
  title={Analyzing and improving the image quality of stylegan},
  author={Karras, Tero and Laine, Samuli and Aittala, Miika and Hellsten, Janne and Lehtinen, Jaakko and Aila, Timo},
  booktitle={Proceedings of the IEEE/CVF conference on computer vision and pattern recognition},
  pages={8110--8119},
  year={2020}
}
@article{song2020denoising,
  title={Denoising diffusion implicit models},
  author={Song, Jiaming and Meng, Chenlin and Ermon, Stefano},
  journal={arXiv preprint arXiv:2010.02502},
  year={2020}
}

@inproceedings{bao2018towards,
  title={Towards open-set identity preserving face synthesis},
  author={Bao, Jianmin and Chen, Dong and Wen, Fang and Li, Houqiang and Hua, Gang},
  booktitle={Proceedings of the IEEE conference on computer vision and pattern recognition},
  pages={6713--6722},
  year={2018}
}

@inproceedings{shen2018faceid,
  title={Faceid-gan: Learning a symmetry three-player gan for identity-preserving face synthesis},
  author={Shen, Yujun and Luo, Ping and Yan, Junjie and Wang, Xiaogang and Tang, Xiaoou},
  booktitle={Proceedings of the IEEE conference on computer vision and pattern recognition},
  pages={821--830},
  year={2018}
}
@inproceedings{yin2017towards,
  title={Towards large-pose face frontalization in the wild},
  author={Yin, Xi and Yu, Xiang and Sohn, Kihyuk and Liu, Xiaoming and Chandraker, Manmohan},
  booktitle={Proceedings of the IEEE international conference on computer vision},
  pages={3990--3999},
  year={2017}
}
@inproceedings{deng2020disentangled,
  title={Disentangled and controllable face image generation via 3d imitative-contrastive learning},
  author={Deng, Yu and Yang, Jiaolong and Chen, Dong and Wen, Fang and Tong, Xin},
  booktitle={Proceedings of the IEEE/CVF conference on computer vision and pattern recognition},
  pages={5154--5163},
  year={2020}
}
@inproceedings{kim2023dcface,
  title={Dcface: Synthetic face generation with dual condition diffusion model},
  author={Kim, Minchul and Liu, Feng and Jain, Anil and Liu, Xiaoming},
  booktitle={Proceedings of the ieee/cvf conference on computer vision and pattern recognition},
  pages={12715--12725},
  year={2023}
}
@article{dhariwal2021diffusion,
  title={Diffusion models beat gans on image synthesis},
  author={Dhariwal, Prafulla and Nichol, Alexander},
  journal={Advances in neural information processing systems},
  volume={34},
  pages={8780--8794},
  year={2021}
}
@article{song2020score,
  title={Score-based generative modeling through stochastic differential equations},
  author={Song, Yang and Sohl-Dickstein, Jascha and Kingma, Diederik P and Kumar, Abhishek and Ermon, Stefano and Poole, Ben},
  journal={arXiv preprint arXiv:2011.13456},
  year={2020}
}
@inproceedings{rombach2022high,
  title={High-resolution image synthesis with latent diffusion models},
  author={Rombach, Robin and Blattmann, Andreas and Lorenz, Dominik and Esser, Patrick and Ommer, Bj{\"o}rn},
  booktitle={Proceedings of the IEEE/CVF conference on computer vision and pattern recognition},
  pages={10684--10695},
  year={2022}
}
@article{zhang2024flashface,
  title={FlashFace: Human Image Personalization with High-fidelity Identity Preservation},
  author={Zhang, Shilong and Huang, Lianghua and Chen, Xi and Zhang, Yifei and Wu, Zhi-Fan and Feng, Yutong and Wang, Wei and Shen, Yujun and Liu, Yu and Luo, Ping},
  journal={arXiv preprint arXiv:2403.17008},
  year={2024}
}
@article{wang2024instantid,
  title={Instantid: Zero-shot identity-preserving generation in seconds},
  author={Wang, Qixun and Bai, Xu and Wang, Haofan and Qin, Zekui and Chen, Anthony},
  journal={arXiv preprint arXiv:2401.07519},
  year={2024}
}
@inproceedings{li2024photomaker,
  title={Photomaker: Customizing realistic human photos via stacked id embedding},
  author={Li, Zhen and Cao, Mingdeng and Wang, Xintao and Qi, Zhongang and Cheng, Ming-Ming and Shan, Ying},
  booktitle={Proceedings of the IEEE/CVF Conference on Computer Vision and Pattern Recognition},
  pages={8640--8650},
  year={2024}
}
@inproceedings{qiu2021synface,
  title={Synface: Face recognition with synthetic data},
  author={Qiu, Haibo and Yu, Baosheng and Gong, Dihong and Li, Zhifeng and Liu, Wei and Tao, Dacheng},
  booktitle={Proceedings of the IEEE/CVF International Conference on Computer Vision},
  pages={10880--10890},
  year={2021}
}

@inproceedings{boutros2023idiff,
  title={Idiff-face: Synthetic-based face recognition through fizzy identity-conditioned diffusion model},
  author={Boutros, Fadi and Grebe, Jonas Henry and Kuijper, Arjan and Damer, Naser},
  booktitle={Proceedings of the IEEE/CVF International Conference on Computer Vision},
  pages={19650--19661},
  year={2023}
}
@article{papantoniou2024arc2face,
  title={Arc2face: A foundation model of human faces},
  author={Papantoniou, Foivos Paraperas and Lattas, Alexandros and Moschoglou, Stylianos and Deng, Jiankang and Kainz, Bernhard and Zafeiriou, Stefanos},
  journal={arXiv preprint arXiv:2403.11641},
  year={2024}
}
@inproceedings{bae2023digiface,
  title={Digiface-1m: 1 million digital face images for face recognition},
  author={Bae, Gwangbin and de La Gorce, Martin and Baltru{\v{s}}aitis, Tadas and Hewitt, Charlie and Chen, Dong and Valentin, Julien and Cipolla, Roberto and Shen, Jingjing},
  booktitle={Proceedings of the IEEE/CVF Winter Conference on Applications of Computer Vision},
  pages={3526--3535},
  year={2023}
}
@inproceedings{wang2018devil,
  title={The devil of face recognition is in the noise},
  author={Wang, Fei and Chen, Liren and Li, Cheng and Huang, Shiyao and Chen, Yanjie and Qian, Chen and Loy, Chen Change},
  booktitle={Proceedings of the European Conference on Computer Vision (ECCV)},
  pages={765--780},
  year={2018}
}
@inproceedings{wang2019co,
  title={Co-mining: Deep face recognition with noisy labels},
  author={Wang, Xiaobo and Wang, Shuo and Wang, Jun and Shi, Hailin and Mei, Tao},
  booktitle={Proceedings of the IEEE/CVF international conference on computer vision},
  pages={9358--9367},
  year={2019}
}
@article{regulation2016regulation,
  title={Regulation (EU) 2016/679 of the European Parliament and of the Council},
  author={Regulation, Protection},
  journal={Regulation (eu)},
  volume={679},
  pages={2016},
  year={2016}
}
@inproceedings{liu2019large,
  title={Large-scale long-tailed recognition in an open world},
  author={Liu, Ziwei and Miao, Zhongqi and Zhan, Xiaohang and Wang, Jiayun and Gong, Boqing and Yu, Stella X},
  booktitle={Proceedings of the IEEE/CVF conference on computer vision and pattern recognition},
  pages={2537--2546},
  year={2019}
}
@article{goodfellow2020generative,
  title={Generative adversarial networks},
  author={Goodfellow, Ian and Pouget-Abadie, Jean and Mirza, Mehdi and Xu, Bing and Warde-Farley, David and Ozair, Sherjil and Courville, Aaron and Bengio, Yoshua},
  journal={Communications of the ACM},
  volume={63},
  number={11},
  pages={139--144},
  year={2020},
  publisher={ACM New York, NY, USA}
}
@inproceedings{zhang2018unreasonable,
  title={The unreasonable effectiveness of deep features as a perceptual metric},
  author={Zhang, Richard and Isola, Phillip and Efros, Alexei A and Shechtman, Eli and Wang, Oliver},
  booktitle={Proceedings of the IEEE conference on computer vision and pattern recognition},
  pages={586--595},
  year={2018}
}
@article{kynkaanniemi2019improved,
  title={Improved precision and recall metric for assessing generative models},
  author={Kynk{\"a}{\"a}nniemi, Tuomas and Karras, Tero and Laine, Samuli and Lehtinen, Jaakko and Aila, Timo},
  journal={Advances in neural information processing systems},
  volume={32},
  year={2019}
}