@article{Li-2022-DiffusionLM,
  title={Diffusion-LM Improves Controllable Text Generation},
  author={Xiang Lisa Li and John Thickstun and Ishaan Gulrajani and Percy Liang and Tatsunori Hashimoto},
  journal={ArXiv},
  year={2022},
  volume={abs/2205.14217}
}

@article{allen2023physics_3_1,
  title={Physics of language models: Part 3.1, knowledge storage and extraction},
  author={Allen-Zhu, Zeyuan and Li, Yuanzhi},
  journal={arXiv preprint arXiv:2309.14316},
  year={2023}
}

@article{berglund2023reversal,
  title={The reversal curse: Llms trained on" a is b" fail to learn" b is a"},
  author={Berglund, Lukas and Tong, Meg and Kaufmann, Max and Balesni, Mikita and Stickland, Asa Cooper and Korbak, Tomasz and Evans, Owain},
  journal={arXiv preprint arXiv:2309.12288},
  year={2023}
}

@inproceedings{ghazvininejad-etal-2019-mask,
	title = "Mask-Predict: Parallel Decoding of Conditional Masked Language Models",
	author = "Ghazvininejad, Marjan  and
	Levy, Omer  and
	Liu, Yinhan  and
	Zettlemoyer, Luke",
	booktitle = "Proceedings of the 2019 Conference on Empirical Methods in Natural Language Processing and the 9th International Joint Conference on Natural Language Processing (EMNLP-IJCNLP)",
	month = nov,
	year = "2019",
	address = "Hong Kong, China",
	publisher = "Association for Computational Linguistics",
	url = "https://aclanthology.org/D19-1633",
	doi = "10.18653/v1/D19-1633",
	pages = "6112--6121",
}

@article{ghosal2022two,
  title={Two is better than many? binary classification as an effective approach to multi-choice question answering},
  author={Ghosal, Deepanway and Majumder, Navonil and Mihalcea, Rada and Poria, Soujanya},
  journal={arXiv preprint arXiv:2210.16495},
  year={2022}
}

@article{golovneva2024reverse,
  title={Reverse training to nurse the reversal curse},
  author={Golovneva, Olga and Allen-Zhu, Zeyuan and Weston, Jason and Sukhbaatar, Sainbayar},
  journal={arXiv preprint arXiv:2403.13799},
  year={2024}
}

@article{gong2024scaling,
  title={Scaling Diffusion Language Models via Adaptation from Autoregressive Models},
  author={Gong, Shansan and Agarwal, Shivam and Zhang, Yizhe and Ye, Jiacheng and Zheng, Lin and Li, Mukai and An, Chenxin and Zhao, Peilin and Bi, Wei and Han, Jiawei and others},
  journal={arXiv preprint arXiv:2410.17891},
  year={2024}
}

@inproceedings{gu-kong-2021-fully,
	title = "Fully Non-autoregressive Neural Machine Translation: Tricks of the Trade",
	author = "Gu, Jiatao  and
	Kong, Xiang",
	booktitle = "Findings of the Association for Computational Linguistics: ACL-IJCNLP 2021",
	month = aug,
	year = "2021",
	address = "Online",
	publisher = "Association for Computational Linguistics",
	url = "https://aclanthology.org/2021.findings-acl.11",
	doi = "10.18653/v1/2021.findings-acl.11",
	pages = "120--133",
}

@inproceedings{gu2018non,
	title={Non-autoregressive neural machine translation},
	author={Gu, Jiatao and Bradbury, James and Xiong, Caiming and Li, Victor OK and Socher, Richard},
	booktitle={ICLR},
	year={2018}
}

@article{gu2019insertion,
  title={Insertion-based decoding with automatically inferred generation order},
  author={Gu, Jiatao and Liu, Qi and Cho, Kyunghyun},
  journal={Transactions of the Association for Computational Linguistics},
  volume={7},
  pages={661--676},
  year={2019},
  publisher={MIT Press One Rogers Street, Cambridge, MA 02142-1209, USA journals-info~â€¦}
}

@article{li2024can,
  title={Can multiple-choice questions really be useful in detecting the abilities of LLMs?},
  author={Li, Wangyue and Li, Liangzhi and Xiang, Tong and Liu, Xiao and Deng, Wei and Garcia, Noa},
  journal={arXiv preprint arXiv:2403.17752},
  year={2024}
}

@article{papadopoulos2024arrows,
  title={Arrows of Time for Large Language Models},
  author={Papadopoulos, Vassilis and Wenger, J{\'e}r{\'e}mie and Hongler, Cl{\'e}ment},
  journal={arXiv preprint arXiv:2401.17505},
  year={2024}
}

@article{pezeshkpour2023large,
  title={Large language models sensitivity to the order of options in multiple-choice questions},
  author={Pezeshkpour, Pouya and Hruschka, Estevam},
  journal={arXiv preprint arXiv:2308.11483},
  year={2023}
}

@article{vinyals2015order,
  title={Order matters: Sequence to sequence for sets},
  author={Vinyals, Oriol and Bengio, Samy and Kudlur, Manjunath},
  journal={arXiv preprint arXiv:1511.06391},
  year={2015}
}

@inproceedings{welleck2019non,
  title={Non-monotonic sequential text generation},
  author={Welleck, Sean and Brantley, Kiant{\'e} and Iii, Hal Daum{\'e} and Cho, Kyunghyun},
  booktitle={International Conference on Machine Learning},
  pages={6716--6726},
  year={2019},
  organization={PMLR}
}

@article{wiegreffe2024answer,
  title={Answer, assemble, ace: Understanding how transformers answer multiple choice questions},
  author={Wiegreffe, Sarah and Tafjord, Oyvind and Belinkov, Yonatan and Hajishirzi, Hannaneh and Sabharwal, Ashish},
  journal={arXiv preprint arXiv:2407.15018},
  year={2024}
}

@article{ye2024beyond,
  title={Beyond autoregression: Discrete diffusion for complex reasoning and planning},
  author={Ye, Jiacheng and Gao, Jiahui and Gong, Shansan and Zheng, Lin and Jiang, Xin and Li, Zhenguo and Kong, Lingpeng},
  journal={arXiv preprint arXiv:2410.14157},
  year={2024}
}

@inproceedings{zhang-etal-2020-pointer,
	title = "{POINTER}: Constrained Progressive Text Generation via Insertion-based Generative Pre-training",
	author = "Zhang, Yizhe  and
	Wang, Guoyin  and
	Li, Chunyuan  and
	Gan, Zhe  and
	Brockett, Chris  and
	Dolan, Bill",
	booktitle = "Proceedings of the 2020 Conference on Empirical Methods in Natural Language Processing (EMNLP)",
	month = nov,
	year = "2020",
	address = "Online",
	publisher = "Association for Computational Linguistics",
	url = "https://aclanthology.org/2020.emnlp-main.698",
	doi = "10.18653/v1/2020.emnlp-main.698",
	pages = "8649--8670",
}

@inproceedings{zhang2023planner,
  title={PLANNER: Generating Diversified Paragraph via Latent Language Diffusion Model},
  author={Zhang, Yizhe and Gu, Jiatao and Wu, Zhuofeng and Zhai, Shuangfei and Susskind, Josh and Jaitly, Navdeep},
  booktitle = {NeurIPS},
  year={2023}
}

@article{zhang2024reverse,
  title={Reverse That Number! Decoding Order Matters in Arithmetic Learning},
  author={Zhang-Li, Daniel and Lin, Nianyi and Yu, Jifan and Zhang, Zheyuan and Yao, Zijun and Zhang, Xiaokang and Hou, Lei and Zhang, Jing and Li, Juanzi},
  journal={arXiv preprint arXiv:2403.05845},
  year={2024}
}

@inproceedings{zheng2023large,
  title={Large language models are not robust multiple choice selectors},
  author={Zheng, Chujie and Zhou, Hao and Meng, Fandong and Zhou, Jie and Huang, Minlie},
  booktitle={The Twelfth International Conference on Learning Representations},
  year={2023}
}

