@inproceedings{0001GMV20,
  author       = {Arnab Bhattacharyya and
                  Sutanu Gayen and
                  Kuldeep S. Meel and
                  N. V. Vinodchandran},
  title        = {Efficient Distance Approximation for Structured High-Dimensional Distributions
                  via Learning},
  booktitle    = {NeurIPS},
  year         = {2020},
}

@inproceedings{ArbasAL23,
  author       = {Jamil Arbas and
                  Hassan Ashtiani and
                  Christopher Liaw},
  title        = {Polynomial Time and Private Learning of Unbounded Gaussian Mixture
                  Models},
  booktitle    = {ICML},
  series       = {Proceedings of Machine Learning Research},
  volume       = {202},
  pages        = {1018--1040},
  publisher    = {{PMLR}},
  year         = {2023},
}

@inproceedings{BGMMPV24ICLR,
  author       = {Arnab Bhattacharyya and Sutanu Gayen and Kuldeep S. Meel and Dimitrios Myrisiotis and A. Pavan and N. V. Vinodchandran},
  title        = {Computational Explorations of Total Variation Distance},
  booktitle    = {{ICLR}},
  publisher    = {OpenReview.net},
  year         = {2025},
}

@article{Canonne15,
  author       = {Cl{\'{e}}ment L. Canonne},
  title        = {A Survey on Distribution Testing: Your Data is Big. But is it Blue?},
  journal      = {Electron. Colloquium Comput. Complex.},
  volume       = {{TR15-063}},
  year         = {2015},
  eprinttype    = {ECCC},
  eprint       = {TR15-063},
}

@inproceedings{CanonneR14,
  author       = {Cl{\'{e}}ment L. Canonne and
                  Ronitt Rubinfeld},
  title        = {Testing Probability Distributions Underlying Aggregated Data},
  booktitle    = {ICALP},
  series       = {Lecture Notes in Computer Science},
  volume       = {8572},
  pages        = {283--295},
  publisher    = {Springer},
  year         = {2014},
}

@inproceedings{ChenK14,
  author       = {Taolue Chen and
                  Stefan Kiefer},
  title        = {On the total variation distance of labelled Markov chains},
  booktitle    = {LICS},
  pages        = {33:1--33:10},
  publisher    = {{ACM}},
  year         = {2014},
}

@article{CortesMR07,
  author       = {Corinna Cortes and
                  Mehryar Mohri and
                  Ashish Rastogi},
  title        = {L\({}_{\mbox{P}}\) Distance and Equivalence of Probabilistic Automata},
  journal      = {Int. J. Found. Comput. Sci.},
  volume       = {18},
  number       = {4},
  pages        = {761--779},
  year         = {2007},
}

@article{DoyenHR08,
  author       = {Laurent Doyen and
                  Thomas A. Henzinger and
                  Jean{-}Fran{\c{c}}ois Raskin},
  title        = {Equivalence of Labeled Markov Chains},
  journal      = {Int. J. Found. Comput. Sci.},
  volume       = {19},
  number       = {3},
  pages        = {549--563},
  year         = {2008},
}

@inproceedings{Kiefer18,
  author       = {Stefan Kiefer},
  title        = {On Computing the Total Variation Distance of Hidden Markov Models},
  booktitle    = {ICALP},
  series       = {LIPIcs},
  volume       = {107},
  pages        = {130:1--130:13},
  publisher    = {Schloss Dagstuhl - Leibniz-Zentrum f{\"{u}}r Informatik},
  year         = {2018},
}

@inproceedings{KieferMOWW11,
  author       = {Stefan Kiefer and
                  Andrzej S. Murawski and
                  Jo{\"{e}}l Ouaknine and
                  Bj{\"{o}}rn Wachter and
                  James Worrell},
  title        = {Language Equivalence for Probabilistic Automata},
  booktitle    = {CAV},
  volume       = {6806},
  pages        = {526--540},
  publisher    = {Springer},
  year         = {2011},
}

@article{devroye2018total,
  title={The total variation distance between high-dimensional Gaussians with the same mean},
  author={Devroye, Luc and Mehrabian, Abbas and Reddad, Tommy},
  journal={arXiv preprint arXiv:1810.08693},
  year={2018}
}

@article{kontorovich2024sharp,
  title={Sharp bounds on aggregate expert error},
  author={Avital, Ariel and Kontorovich, Aryeh},
  journal={arXiv preprint arXiv:2407.16642},
  year={2024}
}

@article{kontorovich2024tensorization,
  title={On the tensorization of the variational distance},
  author={Kontorovich, Aryeh},
  journal={arXiv preprint arXiv:2409.10368},
  year={2024}
}

