@article{kontorovich2024sharp,
  title={Sharp bounds on aggregate expert error},
  author={Avital, Ariel and Kontorovich, Aryeh},
  journal={arXiv preprint arXiv:2407.16642},
  year={2024}
}


@article{kontorovich2024tensorization,
  title={On the tensorization of the variational distance},
  author={Kontorovich, Aryeh},
  journal={arXiv preprint arXiv:2409.10368},
  year={2024}
}

@inproceedings{ChenFYZ21,
  author       = {Xiaoyu Chen and
                  Weiming Feng and
                  Yitong Yin and
                  Xinyuan Zhang},
  title        = {Rapid mixing of Glauber dynamics via spectral independence for all
                  degrees},
  booktitle    = {FOCS},
  pages        = {137--148},
  publisher    = {{IEEE}},
  year         = {2021},
}


@article{Canonne15,
  author       = {Cl{\'{e}}ment L. Canonne},
  title        = {A Survey on Distribution Testing: Your Data is Big. But is it Blue?},
  journal      = {Electron. Colloquium Comput. Complex.},
  volume       = {{TR15-063}},
  year         = {2015},
  eprinttype    = {ECCC},
  eprint       = {TR15-063},
}


@inproceedings{CanonneR14,
  author       = {Cl{\'{e}}ment L. Canonne and
                  Ronitt Rubinfeld},
  title        = {Testing Probability Distributions Underlying Aggregated Data},
  booktitle    = {ICALP},
  series       = {Lecture Notes in Computer Science},
  volume       = {8572},
  pages        = {283--295},
  publisher    = {Springer},
  year         = {2014},
}


@inproceedings{ArbasAL23,
  author       = {Jamil Arbas and
                  Hassan Ashtiani and
                  Christopher Liaw},
  title        = {Polynomial Time and Private Learning of Unbounded Gaussian Mixture
                  Models},
  booktitle    = {ICML},
  series       = {Proceedings of Machine Learning Research},
  volume       = {202},
  pages        = {1018--1040},
  publisher    = {{PMLR}},
  year         = {2023},
}



@article{devroye2018total,
  title={The total variation distance between high-dimensional Gaussians with the same mean},
  author={Devroye, Luc and Mehrabian, Abbas and Reddad, Tommy},
  journal={arXiv preprint arXiv:1810.08693},
  year={2018}
}


@inproceedings{Kiefer18,
  author       = {Stefan Kiefer},
  title        = {On Computing the Total Variation Distance of Hidden Markov Models},
  booktitle    = {ICALP},
  series       = {LIPIcs},
  volume       = {107},
  pages        = {130:1--130:13},
  publisher    = {Schloss Dagstuhl - Leibniz-Zentrum f{\"{u}}r Informatik},
  year         = {2018},
}


@inproceedings{ChenK14,
  author       = {Taolue Chen and
                  Stefan Kiefer},
  title        = {On the total variation distance of labelled Markov chains},
  booktitle    = {LICS},
  pages        = {33:1--33:10},
  publisher    = {{ACM}},
  year         = {2014},
}


@article{CortesMR07,
  author       = {Corinna Cortes and
                  Mehryar Mohri and
                  Ashish Rastogi},
  title        = {L\({}_{\mbox{P}}\) Distance and Equivalence of Probabilistic Automata},
  journal      = {Int. J. Found. Comput. Sci.},
  volume       = {18},
  number       = {4},
  pages        = {761--779},
  year         = {2007},
}

@article{DoyenHR08,
  author       = {Laurent Doyen and
                  Thomas A. Henzinger and
                  Jean{-}Fran{\c{c}}ois Raskin},
  title        = {Equivalence of Labeled Markov Chains},
  journal      = {Int. J. Found. Comput. Sci.},
  volume       = {19},
  number       = {3},
  pages        = {549--563},
  year         = {2008},
}

@inproceedings{KieferMOWW11,
  author       = {Stefan Kiefer and
                  Andrzej S. Murawski and
                  Jo{\"{e}}l Ouaknine and
                  Bj{\"{o}}rn Wachter and
                  James Worrell},
  title        = {Language Equivalence for Probabilistic Automata},
  booktitle    = {CAV},
  volume       = {6806},
  pages        = {526--540},
  publisher    = {Springer},
  year         = {2011},
}


@book{jerrum2003counting,
  title={Counting, sampling and integrating: algorithms and complexity},
  author={Jerrum, Mark},
  year={2003},
  publisher={Springer Science \& Business Media}
}

@inproceedings{FengLL24,
  author       = {Weiming Feng and
                  Liqiang Liu and
                  Tianren Liu},
  title        = {On Deterministically Approximating Total Variation Distance},
  booktitle    = {SODA},
  pages        = {1766--1791},
  publisher    = {{SIAM}},
  year         = {2024},
}


@inproceedings{0001GMMPV23,
  author       = {Arnab Bhattacharyya and
                  Sutanu Gayen and
                  Kuldeep S. Meel and
                  Dimitrios Myrisiotis and
                  A. Pavan and
                  N. V. Vinodchandran},
  title        = {On Approximating Total Variation Distance},
  booktitle    = {IJCAI},
  pages        = {3479--3487},
  publisher    = {ijcai.org},
  year         = {2023},
}


@book{levin2017markov,
  title={Markov chains and mixing times},
  author={Levin, David A and Peres, Yuval},
  volume={107},
  year={2017},
  publisher={American Mathematical Soc.}
}

@article{sahai2003complete,
  title={A complete problem for statistical zero knowledge},
  author={Sahai, Amit and Vadhan, Salil},
  journal={J. {ACM}},
  volume={50},
  number={2},
  pages={196--249},
  year={2003},
  publisher={ACM New York, NY, USA}
}



@article{GalanisSV16,
  author       = {Andreas Galanis and
                  Daniel Stefankovic and
                  Eric Vigoda},
  title        = {Inapproximability of the Partition Function for the Antiferromagnetic
                  Ising and Hard-Core Models},
  journal      = {Comb. Probab. Comput.},
  volume       = {25},
  number       = {4},
  pages        = {500--559},
  year         = {2016},
}

@inproceedings{SlyS12,
  author       = {Allan Sly and
                  Nike Sun},
  title        = {The Computational Hardness of Counting in Two-Spin Models on d-Regular
                  Graphs},
  booktitle    = {FOCS},
  pages        = {361--369},
  publisher    = {{IEEE} Computer Society},
  year         = {2012},
}


@inproceedings{BGMMPV24ICLR,
  author       = {Arnab Bhattacharyya and Sutanu Gayen and Kuldeep S. Meel and Dimitrios Myrisiotis and A. Pavan and N. V. Vinodchandran},
  title        = {Computational Explorations of Total Variation Distance},
  booktitle    = {{ICLR}},
  publisher    = {OpenReview.net},
  year         = {2025},
}


@article{CFGZZ24,
  author       = {Xiaoyu Chen and
                  Weiming Feng and
                  Heng Guo and
                  Xinyuan Zhang and
                  Zongrui Zou},
  title        = {Deterministic counting from coupling independence},
  journal =  {arXiv},
  volume       = {abs/2410.23225},
  year         = {2024},
}

@article{FGJW23,
  author       = {Weiming Feng and
                  Heng Guo and
                  Mark Jerrum and
                  Jiaheng Wang},
  title        = {A simple polynomial-time approximation algorithm for the total variation
                  distance between two product distributions},
  journal      = {TheoretiCS},
  volume       = {2},
  year         = {2023},
}

@inproceedings{0001GMM0V24,
  author       = {Arnab Bhattacharyya and
                  Sutanu Gayen and
                  Kuldeep S. Meel and
                  Dimitrios Myrisiotis and
                  A. Pavan and
                  N. V. Vinodchandran},
  title        = {Total Variation Distance Meets Probabilistic Inference},
  booktitle    = {ICML},
  publisher    = {OpenReview.net},
  year         = {2024},
}

@inproceedings{0001GMV20,
  author       = {Arnab Bhattacharyya and
                  Sutanu Gayen and
                  Kuldeep S. Meel and
                  N. V. Vinodchandran},
  title        = {Efficient Distance Approximation for Structured High-Dimensional Distributions
                  via Learning},
  booktitle    = {NeurIPS},
  year         = {2020},
}

@article{DyerG00,
  author       = {Martin E. Dyer and
                  Catherine S. Greenhill},
  title        = {On Markov Chains for Independent Sets},
  journal      = {J. Algorithms},
  volume       = {35},
  number       = {1},
  pages        = {17--49},
  year         = {2000},
}


@article{CCYZ24,
  author       = {Xiaoyu Chen and Zongchen Chen and Yitong Yin and Xinyuan Zhang},
  title        = {Rapid Mixing at the Uniqueness Threshold},
  journal      = {CoRR},
  volume       = {abs/2411.03413},
  year         = {2024},
}

@article{FengGW23,
  author       = {Weiming Feng and
                  Heng Guo and
                  Jiaheng Wang},
  title        = {Swendsen-{W}ang dynamics for the ferromagnetic {I}sing model with external
                  fields},
  journal      = {Inf. Comput.},
  volume       = {294},
  pages        = {105066},
  year         = {2023},
}

@inproceedings{Hayes06,
  author       = {Thomas P. Hayes},
  title        = {A simple condition implying rapid mixing of single-site dynamics on
                  spin systems},
  booktitle    = {FOCS},
  pages        = {39--46},
  publisher    = {{IEEE} Computer Society},
  year         = {2006},
}

@inproceedings{BRY20,
  author    = {Amartya Shankha Biswas and
               Ronitt Rubinfeld and
               Anak Yodpinyanee},
  title     = {Local Access to Huge Random Objects Through Partial Sampling},
  booktitle = {{ITCS}},
  series    = {LIPIcs},
  volume    = {151},
  pages     = {27:1--27:65},
  publisher = {Schloss Dagstuhl - Leibniz-Zentrum f{\"{u}}r Informatik},
  year      = {2020},
}

@inproceedings{ALOV19,
	author = {Nima Anari and Kuikui Liu and Shayan {Oveis Gharan} and Cynthia Vinzant},
	booktitle = {STOC},
	pages = {1--12},
	publisher = {{ACM}},
	title = {Log-concave polynomials {II:} high-dimensional walks and an {FPRAS} for counting bases of a matroid},
	year = {2019}}

@article{LNNP14,
	author = {Long, Yun and Nachmias, Asaf and Ning, Weiyang and Peres, Yuval},
	fjournal = {Memoirs of the American Mathematical Society},
	journal = {Mem. Amer. Math. Soc.},
	number = {1092},
	pages = {vi+84},
	title = {A power law of order {$1/4$} for critical mean field {S}wendsen-{W}ang dynamics},
	volume = {232},
	year = {2014}}

@inproceedings{BCPSV21,
	author = {Antonio Blanca and Pietro Caputo and Daniel Parisi and Alistair Sinclair and Eric Vigoda},
	booktitle = {STOC},
	pages = {1551--1564},
	publisher = {{ACM}},
	title = {Entropy decay in the {Swendsen-Wang} dynamics on $\mathbb{Z}^{d}$},
	year = {2021}}

@article{CGM19,
	author = {Cryan, Mary and Guo, Heng and Mousa, Giorgos},
	fjournal = {The Annals of Probability},
	journal = {Ann. Probab.},
	number = {1},
	pages = {506--525},
	title = {Modified log-{S}obolev inequalities for strongly log-concave distributions},
	volume = {49},
	year = {2021}}

@inproceedings{BCCPSV22,
	author = {Antonio Blanca and Pietro Caputo and Zongchen Chen and Daniel Parisi and Daniel {\v{S}}tefankovi{\v{c}} and Eric Vigoda},
	booktitle = {{SODA}},
	pages = {3670--3692},
	publisher = {{SIAM}},
	title = {On Mixing of {M}arkov Chains: Coupling, Spectral Independence, and Entropy Factorization},
	year = {2022}}

@article{FK72,
	author = {Fortuin, C. M. and Kasteleyn, P. W.},
	fjournal = {Physica},
	journal = {Physica},
	pages = {536--564},
	title = {On the random-cluster model. {I}. {I}ntroduction and relation to other models},
	volume = {57},
	year = {1972}}

@article{AJKPV21,
	author = {Nima Anari and Vishesh Jain and Frederic Koehler and Huy Tuan Pham and Thuy{-}Duong Vuong},
	journal = {arXiv},
	title = {Entropic Independence {II:} Optimal Sampling and Concentration via Restricted Modified Log-{S}obolev Inequalities},
	volume = {abs/2111.03247},
	year = {2021}}


@article{GJ07a,
	author = {Leslie Ann Goldberg and Mark Jerrum},
	journal = {Comb. Probab. Comput.},
	number = {1},
	pages = {43--61},
	title = {The Complexity of Ferromagnetic {I}sing with Local Fields},
	volume = {16},
	year = {2007}}

@article{ES88,
	author = {Edwards, Robert G. and Sokal, Alan D.},
	fjournal = {Physical Review. D. Particles and Fields. Third Series},
	journal = {Phys. Rev. D (3)},
	number = {6},
	pages = {2009--2012},
	title = {Generalization of the {F}ortuin-{K}asteleyn-{S}wendsen-{W}ang representation and {M}onte {C}arlo algorithm},
	volume = {38},
	year = {1988}}

@inproceedings{RW99,
	author = {Dana Randall and David B. Wilson},
	booktitle = {{SODA}},
	pages = {959--960},
	publisher = {{ACM/SIAM}},
	title = {Sampling Spin Configurations of an {I}sing System},
	year = {1999}}

@inproceedings{PJGSSV17,
	author = {Sejun Park and Yunhun Jang and Andreas Galanis and Jinwoo Shin and Daniel {\v{S}}tefankovi{\v{c}} and Eric Vigoda},
	booktitle = {AISTATS},
	pages = {440--449},
	publisher = {{PMLR}},
	series = {Proceedings of Machine Learning Research},
	title = {Rapid Mixing {S}wendsen-{W}ang Sampler for Stochastic Partitioned Attractive Models},
	volume = {54},
	year = {2017}}

@article{EHK98,
	author = {{Emden-Weinert}, Thomas and Hougardy, Stefan and Kreuter, Bernd},
	journal = {Combin. Probab. Comput.},
	number = {4},
	pages = {375--386},
	title = {Uniquely colourable graphs and the hardness of colouring graphs of large girth},
	volume = {7},
	year = {1998}}

@inproceedings{FGYZ21,
	author = {Weiming Feng and Heng Guo and Yitong Yin and Chihao Zhang},
	booktitle = {{SODA}},
	pages = {1558--1577},
	publisher = {{SIAM}},
	title = {Rapid Mixing from Spectral Independence beyond the {B}oolean Domain},
	year = {2021}}

@inproceedings{CGSV21,
	author = {Zongchen Chen and Andreas Galanis and Daniel {\v{S}}tefankovi{\v{c}} and Eric Vigoda},
	booktitle = {{SODA}},
	pages = {1548--1557},
	publisher = {{SIAM}},
	title = {Rapid Mixing for Colorings via Spectral Independence},
	year = {2021}}

@article{HSW21,
	archiveprefix = {arXiv},
	author = {Kun He and Xiaoming Sun and Kewen Wu},
	eprint = {2107.03932},
	journal = {arXiv},
	title = {Perfect sampling for (atomic) {L}ov\'{a}sz local lemma},
	volume = {abs/{2107.03932}},
	year = {2021}}

@article{FM13,
	author = {Frieze, Alan and Mubayi, Dhruv},
	journal = {J. Combin. Theory Ser. B},
	number = {6},
	pages = {767--794},
	title = {Coloring simple hypergraphs},
	volume = {103},
	year = {2013}}

@article{FM11,
  author    = {Alan M. Frieze and
               P{\'{a}}ll Melsted},
  title     = {Randomly coloring simple hypergraphs},
  journal   = {Inf. Process. Lett.},
  volume    = {111},
  number    = {17},
  pages     = {848--853},
  year      = {2011}
}

@article{SW87,
	author = {Swendsen, Robert and Wang, Jian-Sheng},
	issue = {2},
	journal = {Phys. Rev. Lett.},
	pages = {86--88},
	title = {Nonuniversal critical dynamics in {M}onte {C}arlo simulations},
	volume = {58},
	year = {1987}}


@inproceedings{FHY21,
  title={Sampling constraint satisfaction solutions in the local lemma regime},
  author={Feng, Weiming and He, Kun and Yin, Yitong},
  booktitle={STOC},
  pages={1565--1578},
  publisher = {ACM},
  year={2021}
}

@article{JPV21,
	author = {Vishesh Jain and Huy Tuan Pham and Thuy Duong Vuong},
	journal = {arXiv},
	title = {On the sampling {L}ov{\'{a}}sz Local Lemma for atomic constraint satisfaction problems},
	volume = {abs/2102.08342},
	year = {2021}}

@inproceedings{JPV21a,
  author    = {Vishesh Jain and
               Huy Tuan Pham and
               Thuy Duong Vuong},
  title     = {Towards the sampling Lov{\'{a}}sz Local Lemma},
  booktitle = {{FOCS}},
  pages     = {173--183},
  publisher = {{IEEE}},
  year      = {2021}
}

@article{CS06,
  author    = {Joshua N. Cooper and
               Joel Spencer},
  title     = {Simulating a Random Walk with Constant Error},
  journal   = {Comb. Probab. Comput.},
  volume    = {15},
  number    = {6},
  pages     = {815--822},
  year      = {2006}
}

@article{CDFS10,
  author    = {Joshua N. Cooper and
               Benjamin Doerr and
               Tobias Friedrich and
               Joel Spencer},
  title     = {Deterministic random walks on regular trees},
  journal   = {Random Struct. Algorithms},
  volume    = {37},
  number    = {3},
  pages     = {353--366},
  year      = {2010}
}

@article{SYKY18,
  author    = {Takeharu Shiraga and
               Yukiko Yamauchi and
               Shuji Kijima and
               Masafumi Yamashita},
  title     = {Deterministic Random Walks for Rapidly Mixing Chains},
  journal   = {{SIAM} J. Discret. Math.},
  volume    = {32},
  number    = {3},
  pages     = {2180--2193},
  year      = {2018}
}

@article{SYKY17,
  author    = {Takeharu Shiraga and
               Yukiko Yamauchi and
               Shuji Kijima and
               Masafumi Yamashita},
  title     = {Total variation discrepancy of deterministic random walks for ergodic
      {M}arkov chains},
  journal   = {Theor. Comput. Sci.},
  volume    = {699},
  pages     = {63--74},
  year      = {2017}
}

@article{MRSV21,
  author    = {Jack Murtagh and
               Omer Reingold and
               Aaron Sidford and
               Salil P. Vadhan},
  title     = {Deterministic Approximation of Random Walks in Small Space},
  journal   = {Theory Comput.},
  volume    = {17},
  pages     = {1--35},
  year      = {2021}
}

@inproceedings{PV22,
  author    = {Edward Pyne and
               Salil P. Vadhan},
  title     = {Deterministic Approximation of Random Walks via Queries in Graphs
               of Unbounded Size},
  booktitle = {{SOSA}},
  pages     = {57--67},
  publisher = {{SIAM}},
  year      = {2022}
}

@book{mitzenmacher2017probability,
	author = {Mitzenmacher, Michael and Upfal, Eli},
	publisher = {Cambridge university press},
	title = {Probability and computing: randomization and probabilistic techniques in algorithms and data analysis},
	year = {2017}}

@book{wigderson2019book,
	author = {Avi Wigderson},
	date-added = {2019-11-01 09:38:13 +0000},
	date-modified = {2019-11-01 16:02:29 +0000},
	howpublished = {Book draft},
	publisher = {Princeton University Press},
	title = {Mathematics and Computation: A Theory Revolutionizing Technology and Science},
	year = {2019}}

@article{HSZ19,
	author = {Jonathan Hermon and Allan Sly and Yumeng Zhang},
	journal = {Random Struct. Algorithms},
	number = {4},
	pages = {730--767},
	title = {Rapid mixing of hypergraph independent sets},
	volume = {54},
	year = {2019}}

@article{FA17,
	author = {Alan M. Frieze and Michael Anastos},
	journal = {Inf. Process. Lett.},
	pages = {39--42},
	title = {Randomly coloring simple hypergraphs with fewer colors},
	volume = {126},
	year = {2017}}

@inproceedings{CGGPSV19,
	author = {Zongchen Chen and Andreas Galanis and Leslie Ann Goldberg and Will Perkins and James Stewart and Eric Vigoda},
	booktitle = {{APPROX-RANDOM}},
	pages = {41:1--41:14},
	publisher = {Schloss Dagstuhl - Leibniz-Zentrum f{\"{u}}r Informatik},
	series = {LIPIcs},
	title = {Fast Algorithms at Low Temperatures via {M}arkov Chains},
	volume = {145},
	year = {2019}}

@inproceedings{JKP19,
	author = {Matthew Jenssen and Peter Keevash and Will Perkins},
	booktitle = {{SODA}},
	pages = {2235--2247},
	publisher = {{SIAM}},
	title = {Algorithms for {\#}{BIS}-hard problems on expander graphs},
	year = {2019}}

@inproceedings{HPR19,
	author = {Tyler Helmuth and Will Perkins and Guus Regts},
	booktitle = {{STOC}},
	pages = {1009--1020},
	publisher = {{ACM}},
	title = {Algorithmic {P}irogov-{S}inai theory},
	year = {2019}}

@article{PR17,
  author       = {Viresh Patel and
                  Guus Regts},
  title        = {Deterministic Polynomial-Time Approximation Algorithms for Partition
                  Functions and Graph Polynomials},
  journal      = {{SIAM} J. Comput.},
  volume       = {46},
  number       = {6},
  pages        = {1893--1919},
  year         = {2017}
}

@book{Bar16,
  author       = {Alexander I. Barvinok},
  title        = {Combinatorics and Complexity of Partition Functions},
  series       = {Algorithms and combinatorics},
  volume       = {30},
  publisher    = {Springer},
  year         = {2016}
}

@article{CHLP23,
  author       = {Ruoxu Cen and
                  William He and
                  Jason Li and
                  Debmalya Panigrahi},
  title        = {Beyond the Quadratic Time Barrier for Network Unreliability},
  journal      = {CoRR},
  volume       = {abs/2304.06552},
  year         = {2023}
}

@article{EHSVY19,
	author = {Charilaos Efthymiou and Thomas P. Hayes and Daniel Stefankovic and Eric Vigoda and Yitong Yin},
	journal = {{SIAM} J. Comput.},
	number = {2},
	pages = {581--643},
	title = {Convergence of {MCMC} and Loopy {BP} in the Tree Uniqueness Region for the Hard-Core Model},
	volume = {48},
	year = {2019}}

@inproceedings{Wei06,
	author = {Dror Weitz},
	booktitle = {{STOC}},
	pages = {140--149},
	publisher = {{ACM}},
	title = {Counting independent sets up to the tree threshold},
	year = {2006}}

@article{BGGGS19,
	author = {Ivona Bez{\'{a}}kov{\'{a}} and Andreas Galanis and Leslie Ann Goldberg and Heng Guo and Daniel {\v{S}}tefankovi{\v{c}}},
	journal = {{SIAM} J. Comput.},
	number = {2},
	pages = {279--349},
	title = {Approximation via Correlation Decay When Strong Spatial Mixing Fails},
	volume = {48},
	year = {2019}}

@article{GLLZ19,
	author = {Guo, Heng and Liao, Chao and Lu, Pinyan and Zhang, Chihao},
	journal = {{SIAM} J. Comput.},
	number = {4},
	pages = {1397--1424},
	publisher = {SIAM},
	title = {Counting hypergraph colorings in the local lemma regime},
	volume = {48},
	year = {2019}}

@article{LSS22,
	author = {Liu, Jingcheng and Sinclair, Alistair and Srivastava, Piyush},
	journal = {SIAM J. Comput.},
	publisher = {SIAM},
	title = {Correlation decay and partition function zeros: Algorithms and phase transitions},
	year = {2022},
    note = {To appear}
}

@article{GKM15,
	author = {David Gamarnik and Dmitriy Katz and Sidhant Misra},
	journal = {Random Struct. Algorithms},
	number = {4},
	pages = {599--613},
	title = {Strong spatial mixing of list coloring of graphs},
	volume = {46},
	year = {2015}}

@article{GJ19a,
	author = {Guo, Heng and Jerrum, Mark},
	journal = {SIAM J. Comput.},
	number = {3},
	pages = {964--978},
	title = {A polynomial-time approximation algorithm for all-terminal network reliability},
	volume = {48},
	year = {2019}}

@inproceedings{LLY13,
	author = {Liang Li and Pinyan Lu and Yitong Yin},
	booktitle = {{SODA}},
	note = {Full version from arXiv at \texttt{abs/1111.7064}.},
	pages = {67--84},
	publisher = {{SIAM}},
	title = {Correlation Decay up to Uniqueness in Spin Systems},
	year = {2013}}

@article{GSV16,
	author = {Galanis, Andreas and {\v{S}}tefankovi{\v{c}}, Daniel and Vigoda, Eric},
	journal = {Combin. Probab. Comput.},
	number = {4},
	pages = {500--559},
	title = {Inapproximability of the partition function for the antiferromagnetic {I}sing and hard-core models},
	volume = {25},
	year = {2016}}

@article{GSV15,
  author       = {Andreas Galanis and
                  Daniel {\v{S}}tefankovi{\v{c}} and
                  Eric Vigoda},
  title        = {Inapproximability for Antiferromagnetic Spin Systems in the Tree Nonuniqueness
                  Region},
  journal      = {J. {ACM}},
  volume       = {62},
  number       = {6},
  pages        = {50:1--50:60},
  year         = {2015}
}

@inproceedings{CLV21,
  author       = {Zongchen Chen and
                  Kuikui Liu and
                  Eric Vigoda},
  title        = {Optimal mixing of {G}lauber dynamics: {E}ntropy factorization via high-dimensional
                  expansion},
  booktitle    = {{STOC}},
  pages        = {1537--1550},
  publisher    = {{ACM}},
  year         = {2021}
}

@inproceedings{AJKPV22,
  author       = {Nima Anari and
                  Vishesh Jain and
                  Frederic Koehler and
                  Huy Tuan Pham and
                  Thuy{-}Duong Vuong},
  title        = {Entropic independence: optimal mixing of down-up random walks},
  booktitle    = {{STOC}},
  pages        = {1418--1430},
  publisher    = {{ACM}},
  year         = {2022}
}

@inproceedings{CFYZ22,
  author       = {Xiaoyu Chen and
                  Weiming Feng and
                  Yitong Yin and
                  Xinyuan Zhang},
  title        = {Optimal mixing for two-state anti-ferromagnetic spin systems},
  booktitle    = {{FOCS}},
  pages        = {588--599},
  publisher    = {{IEEE}},
  year         = {2022}
}

@article{FGY22,
  author       = {Weiming Feng and
                  Heng Guo and
                  Yitong Yin},
  title        = {Perfect sampling from spatial mixing},
  journal      = {Random Struct. Algorithms},
  volume       = {61},
  number       = {4},
  pages        = {678--709},
  year         = {2022}
}

@inproceedings{CE22,
  author       = {Yuansi Chen and
                  Ronen Eldan},
  title        = {Localization Schemes: {A} Framework for Proving Mixing Bounds for
                  Markov Chains (extended abstract)},
  booktitle    = {{FOCS}},
  pages        = {110--122},
  publisher    = {{IEEE}},
  year         = {2022}
}

@article{HS07,
    AUTHOR = {Hayes, Thomas P. and Sinclair, Alistair},
     TITLE = {A general lower bound for mixing of single-site dynamics on
              graphs},
   JOURNAL = {Ann. Appl. Probab.},
    VOLUME = {17},
      YEAR = {2007},
    NUMBER = {3},
     PAGES = {931--952},
}

@inproceedings{CGPSSW18,
  author       = {Timothy Chu and
                  Yu Gao and
                  Richard Peng and
                  Sushant Sachdeva and
                  Saurabh Sawlani and
                  Junxing Wang},
  title        = {Graph Sparsification, Spectral Sketches, and Faster Resistance Computation,
                  via Short Cycle Decompositions},
  booktitle    = {{FOCS}},
  pages        = {361--372},
  publisher    = {{IEEE} Computer Society},
  year         = {2018}
}

@article{SST14,
	author = {Sinclair, Alistair and Srivastava, Piyush and Thurley, Marc},
	journal = {J. Stat. Phys.},
	number = {4},
	pages = {666--686},
	title = {Approximation algorithms for two-state anti-ferromagnetic spin systems on bounded degree graphs},
	volume = {155},
	year = {2014}}

@article{GJ19b,
	author = {Guo, Heng and Jerrum, Mark},
	issue = {2},
	journal = {Ann. Inst. Henri Poincar{\'e} Comb. Phys. Interact.},
	pages = {159--177},
	title = {Perfect simulation of the hard disks model by partial rejection sampling},
	volume = {8}}

@inproceedings{FVY19,
	author = {Weiming Feng and Nisheeth K. Vishnoi and Yitong Yin},
	booktitle = {{STOC}},
	pages = {1070--1081},
	publisher = {{ACM}},
	title = {Dynamic sampling from graphical models},
	year = {2019}}

@article{GJ18b,
	author = {Heng Guo and Mark Jerrum},
	journal = {CoRR},
	title = {Approximately counting bases of bicircular matroids},
	volume = {abs/1808.09548},
	year = {2018}}

@article{PW96,
	author = {Propp, James G.\ and Wilson, David B.},
	journal = {Random Struct. Algorithms},
	number = {1-2},
	pages = {223--252},
	title = {Exact sampling with coupled {M}arkov chains and applications to statistical mechanics},
	volume = {9},
	year = {1996}}

@article{DSVW04,
	author = {Martin E. Dyer and Alistair Sinclair and Eric Vigoda and Dror Weitz},
	journal = {Random Struct. Algorithms},
	number = {4},
	pages = {461--479},
	title = {Mixing in time and space for lattice spin systems: {A} combinatorial view},
	volume = {24},
	year = {2004}}

@incollection{Mar99,
	author = {Martinelli, Fabio},
	booktitle = {Lectures on probability theory and statistics ({S}aint-{F}lour, 1997)},
	pages = {93--191},
	publisher = {Springer, Berlin},
	series = {Lecture Notes in Math.},
	title = {Lectures on {G}lauber dynamics for discrete spin models},
	volume = {1717},
	year = {1999}}

@article{SS14,
	author = {Sly, Allan and Sun, Nike},
	journal = {Ann. Probab.},
	number = {6},
	pages = {2383--2416},
	title = {Counting in two-spin models on {$d$}-regular graphs},
	volume = {42},
	year = {2014}}

@article{MS13,
	author = {Mossel, Elchanan and Sly, Allan},
	journal = {Ann. Probab.},
	number = {1},
	pages = {294--328},
	title = {Exact thresholds for {I}sing-{G}ibbs samplers on general graphs},
	volume = {41},
	year = {2013}}

@article{GMP05,
	author = {Leslie Ann Goldberg and Russell A. Martin and Mike Paterson},
	journal = {{SIAM} J. Comput.},
	number = {2},
	pages = {486--517},
	title = {Strong Spatial Mixing with Fewer Colors for Lattice Graphs},
	volume = {35},
	year = {2005}}

@article{GJL19,
	author = {Heng Guo and Mark Jerrum and Jingcheng Liu},
	journal = {J. {ACM}},
	number = {3},
	pages = {18:1--18:31},
	title = {Uniform Sampling Through the {L}ov{\'{a}}sz Local Lemma},
	volume = {66},
	year = {2019}}


@inproceedings{BC20,
  author    = {Siddharth Bhandari and
               Sayantan Chakraborty},
  title     = {Improved bounds for perfect sampling of $k$-colorings in graphs},
  booktitle = {{STOC}},
  pages     = {631--642},
  publisher = {{ACM}},
  year      = {2020}
}

@inproceedings{JSS21,
  author    = {Vishesh Jain and
               Ashwin Sah and
               Mehtaab Sawhney},
  title     = {Perfectly sampling {$k\ge (8/3+o(1))\Delta$}-colorings
               in graphs},
  booktitle = {{STOC}},
  pages     = {1589--1600},
  publisher = {{ACM}},
  year      = {2021}
}

@inproceedings{MR98,
	author = {Michael Molloy and Bruce A. Reed},
	booktitle = {{STOC}},
	pages = {524--529},
	publisher = {{ACM}},
	title = {Further Algorithmic Aspects of the Local Lemma},
	year = {1998}}

@article{Alon91,
	author = {Noga Alon},
	journal = {Random Struct. Algorithms},
	number = {4},
	pages = {367--378},
	title = {A Parallel Algorithmic Version of the Local Lemma},
	volume = {2},
	year = {1991}}

@article{Beck91,
	author = {J{\'{o}}zsef Beck},
	journal = {Random Struct. Algorithms},
	number = {4},
	pages = {343--366},
	title = {An Algorithmic Approach to the {L}ov{\'{a}}sz Local Lemma. {I}},
	volume = {2},
	year = {1991}}

@article{CS00,
	author = {Artur Czumaj and Christian Scheideler},
	journal = {Random Struct. Algorithms},
	number = {3-4},
	pages = {213--237},
	title = {Coloring nonuniform hypergraphs: {A} new algorithmic approach to the general {L}ov{\'{a}}sz local lemma},
	volume = {17},
	year = {2000}}

@inproceedings{Sri08,
	author = {Aravind Srinivasan},
	booktitle = {{SODA}},
	pages = {611--620},
	publisher = {{SIAM}},
	title = {Improved algorithmic versions of the {L}ov{\'{a}}sz Local Lemma},
	year = {2008}}

@inproceedings{Mos09,
	author = {Robin A. Moser},
	booktitle = {{STOC}},
	pages = {343--350},
	publisher = {{ACM}},
	title = {A constructive proof of the {L}ov{\'{a}}sz local lemma},
	year = {2009}}

@inproceedings{CCGL12,
	author = {Jin{-}Yi Cai and Xi Chen and Heng Guo and Pinyan Lu},
	booktitle = {{COCOA}},
	pages = {336--347},
	publisher = {Springer},
	series = {Lecture Notes in Computer Science},
	title = {Inapproximability after Uniqueness Phase Transition in Two-Spin Systems},
	volume = {7402},
	year = {2012}}

@article{CC17,
	author = {Jin{-}Yi Cai and Xi Chen},
	journal = {J. {ACM}},
	number = {3},
	pages = {19:1--19:39},
	title = {Complexity of Counting {CSP} with Complex Weights},
	volume = {64},
	year = {2017}}

@article{AK00,
	author = {Paola Alimonti and Viggo Kann},
	journal = {Theor. Comput. Sci.},
	number = {1-2},
	pages = {123--134},
	title = {Some {APX}-completeness results for cubic graphs},
	volume = {237},
	year = {2000}}

@article{KKLP97,
	author = {Viggo Kann and Sanjeev Khanna and Jens Lagergren and Alessandro Panconesi},
	journal = {Chic. J. Theor. Comput. Sci.},
	title = {On the Hardness of Approximating Max $k$-Cut and its Dual},
	volume = {1997},
	year = {1997}}

@article{CST01,
	author = {Pierluigi Crescenzi and Riccardo Silvestri and Luca Trevisan},
	journal = {Inf. Comput.},
	number = {1},
	pages = {10--26},
	title = {On Weighted vs Unweighted Versions of Combinatorial Optimization Problems},
	volume = {167},
	year = {2001}}

@article{DD20,
	author = {Andreas Darmann and Janosch D{\"{o}}cker},
	journal = {Theor. Comput. Sci.},
	pages = {147--152},
	title = {On a simple hard variant of {Not-All-Equal} $3$-{S}at},
	volume = {815},
	year = {2020}}

@incollection{EL75,
	author = {Erd\H{o}s, P. and Lov\'{a}sz, L.},
	booktitle = {Infinite and finite sets ({C}olloq., {K}eszthely, 1973; dedicated to {P}. {E}rd\H{o}s on his 60th birthday), {V}ol. {II}},
	pages = {609--627. Colloq. Math. Soc. J\'{a}nos Bolyai, Vol. 10},
	publisher = {North-Holland, Amsterdam},
	title = {Problems and results on {$3$}-chromatic hypergraphs and some related questions},
	year = {1975}}

@article{JVV86,
  author    = {Mark Jerrum and
               Leslie G. Valiant and
               Vijay V. Vazirani},
  title     = {Random Generation of Combinatorial Structures from a Uniform Distribution},
  journal   = {Theor. Comput. Sci.},
  volume    = {43},
  pages     = {169--188},
  year      = {1986}
}

@article{Val79,
  author       = {Leslie G. Valiant},
  title        = {The Complexity of Computing the Permanent},
  journal      = {Theor. Comput. Sci.},
  volume       = {8},
  pages        = {189--201},
  year         = {1979}
}

@article{JS89,
  author       = {Mark Jerrum and
                  Alistair Sinclair},
  title        = {Approximating the Permanent},
  journal      = {{SIAM} J. Comput.},
  volume       = {18},
  number       = {6},
  pages        = {1149--1178},
  year         = {1989}
}

@article{JS93,
  author       = {Mark Jerrum and
                  Alistair Sinclair},
  title        = {Polynomial-Time Approximation Algorithms for the {I}sing Model},
  journal      = {{SIAM} J. Comput.},
  volume       = {22},
  number       = {5},
  pages        = {1087--1116},
  year         = {1993}
}

@article{Hub15,
    AUTHOR = {Huber, Mark},
     TITLE = {Approximation algorithms for the normalizing constant of
              {G}ibbs distributions},
   JOURNAL = {Ann. Appl. Probab.},
    VOLUME = {25},
      YEAR = {2015},
    NUMBER = {2},
     PAGES = {974--985},
}

@article{DFK91,
	author = {Martin E. Dyer and Alan M. Frieze and Ravi Kannan},
	journal = {J. {ACM}},
	number = {1},
	pages = {1--17},
	title = {A Random Polynomial Time Algorithm for Approximating the Volume of Convex Bodies},
	volume = {38},
	year = {1991}}

@inproceedings{Sly10,
	author = {Allan Sly},
	booktitle = {{FOCS}},
	pages = {287--296},
	publisher = {{IEEE} Computer Society},
	title = {Computational Transition at the Uniqueness Threshold},
	year = {2010}}

@article{DFJ02,
	author = {Martin E. Dyer and Alan M. Frieze and Mark Jerrum},
	journal = {{SIAM} J. Comput.},
	number = {5},
	pages = {1527--1541},
	title = {On Counting Independent Sets in Sparse Graphs},
	volume = {31},
	year = {2002}}

@inproceedings{BDK06,
  author    = {Magnus Bordewich and
               Martin E. Dyer and
               Marek Karpinski},
  title     = {Stopping Times, Metrics and Approximate Counting},
  booktitle = {{ICALP}},
  series    = {Lecture Notes in Computer Science},
  volume    = {4051},
  pages     = {108--119},
  publisher = {Springer},
  year      = {2006}
}

@article{BDK08,
	author = {Magnus Bordewich and Martin E. Dyer and Marek Karpinski},
	journal = {Random Struct. Algorithms},
	number = {3},
	pages = {375--399},
	title = {Path coupling using stopping times and counting independent sets and colorings in hypergraphs},
	volume = {32},
	year = {2008}
}

@article{GST16,
	author = {Heidi Gebauer and Tibor Szab{\'{o}} and G{\'{a}}bor Tardos},
	journal = {J. {ACM}},
	number = {5},
	pages = {43:1--43:32},
	title = {The Local Lemma Is Asymptotically Tight for {SAT}},
	volume = {63},
	year = {2016}}

@article{MT10,
	author = {Moser, Robin A. and Tardos, G{\'a}bor},
	journal = {J. {ACM}},
	number = {2},
	pages = {11},
	publisher = {ACM},
	title = {A constructive proof of the general {L}ov{\'a}sz Local Lemma},
	volume = {57},
	year = {2010}}

@article{SVV09,
  author    = {Daniel {\v{S}}tefankovi{\v{c}} and
               Santosh S. Vempala and
               Eric Vigoda},
  title     = {Adaptive simulated annealing: {A} near-optimal connection between
               sampling and counting},
  journal   = {J. {ACM}},
  volume    = {56},
  number    = {3},
  pages     = {18:1--18:36},
  year      = {2009}
}

@inproceedings{Kol18,
  author    = {Vladimir Kolmogorov},
  title     = {A Faster Approximation Algorithm for the {G}ibbs Partition Function},
  booktitle = {{COLT}},
  series    = {Proceedings of Machine Learning Research},
  volume    = {75},
  pages     = {228--249},
  publisher = {{PMLR}},
  year      = {2018}
}

@inproceedings{YZ13,
  author       = {Yitong Yin and
                  Chihao Zhang},
  title        = {Approximate Counting via Correlation Decay on Planar Graphs},
  booktitle    = {{SODA}},
  pages        = {47--66},
  publisher    = {{SIAM}},
  year         = {2013}
}

@article{AJ22,
  author       = {Konrad Anand and
                  Mark Jerrum},
  title        = {Perfect Sampling in Infinite Spin Systems Via Strong Spatial Mixing},
  journal      = {{SIAM} J. Comput.},
  volume       = {51},
  number       = {4},
  pages        = {1280--1295},
  year         = {2022}
}

@phdthesis{Guo15,
author={Heng Guo},
title={Complexity Classification of Exact and Approximate Counting Problems},
school  = "University of Wisconsin - Madison",
year={2015},
}

@inproceedings{DH04,
  author       = {Erik D. Demaine and
                  Mohammad Taghi Hajiaghayi},
  title        = {Equivalence of local treewidth and linear local treewidth and its
                  algorithmic applications},
  booktitle    = {{SODA}},
  pages        = {840--849},
  publisher    = {{SIAM}},
  year         = {2004}
}

@article{Epp00,
  author       = {David Eppstein},
  title        = {Diameter and Treewidth in Minor-Closed Graph Families},
  journal      = {Algorithmica},
  volume       = {27},
  number       = {3},
  pages        = {275--291},
  year         = {2000}
}

@article{Epp99,
  author       = {David Eppstein},
  title        = {Subgraph Isomorphism in Planar Graphs and Related Problems},
  journal      = {J. Graph Algorithms Appl.},
  volume       = {3},
  number       = {3},
  pages        = {1--27},
  year         = {1999}
}

@inproceedings{FGWWY22,
  author       = {Weiming Feng and
                  Heng Guo and
                  Chunyang Wang and
                  Jiaheng Wang and
                  Yitong Yin},
  title        = {Towards derandomising {M}arkov chain {M}onte {C}arlo},
  booktitle    = {{FOCS}},
  pages        = {1963--1990},
  publisher    = {{IEEE}},
  year         = {2023}
}

@inproceedings{SST12,
  author       = {Alistair Sinclair and
                  Piyush Srivastava and
                  Marc Thurley},
  title        = {Approximation algorithms for two-state anti-ferromagnetic spin systems
                  on bounded degree graphs},
  booktitle    = {{SODA}},
  pages        = {941--953},
  publisher    = {{SIAM}},
  year         = {2012}
}

@inproceedings{DLQ20,
  author       = {Sally Dong and
                  Yin Tat Lee and
                  Kent Quanrud},
  title        = {Computing Circle Packing Representations of Planar Graphs},
  booktitle    = {{SODA}},
  pages        = {2860--2875},
  publisher    = {{SIAM}},
  year         = {2020}
}

@article{EW96,
  author       = {Peter Eades and
                  Sue Whitesides},
  title        = {The Logic Engine and the Realization Problem for Nearest Neighbor
                  Graphs},
  journal      = {Theor. Comput. Sci.},
  volume       = {169},
  number       = {1},
  pages        = {23--37},
  year         = {1996}
}

@inproceedings{BDLRST15,
  author       = {Clinton Bowen and
                  Stephane Durocher and
                  Maarten L{\"{o}}ffler and
                  Anika Rounds and
                  Andr{\'{e}} Schulz and
                  Csaba D. T{\'{o}}th},
  title        = {Realization of Simply Connected Polygonal Linkages and Recognition
                  of Unit Disk Contact Trees},
  booktitle    = {{GD}},
  series       = {Lecture Notes in Computer Science},
  volume       = {9411},
  pages        = {447--459},
  publisher    = {Springer},
  year         = {2015}
}

@article{KT16,
  author       = {Frank Kammer and
                  Torsten Tholey},
  title        = {Approximate tree decompositions of planar graphs in linear time},
  journal      = {Theor. Comput. Sci.},
  volume       = {645},
  pages        = {60--90},
  year         = {2016}
}
