@inproceedings{carlini2022membership,
  title={Membership inference attacks from first principles},
  author={Carlini, Nicholas and Chien, Steve and Nasr, Milad and Song, Shuang and Terzis, Andreas and Tramer, Florian},
  booktitle={2022 IEEE Symposium on Security and Privacy (SP)},
  pages={1897--1914},
  year={2022},
  organization={IEEE}
}

@inproceedings{choquette2021label,
  title={Label-only membership inference attacks},
  author={Choquette-Choo, Christopher A and Tramer, Florian and Carlini, Nicholas and Papernot, Nicolas},
  booktitle={International conference on machine learning},
  pages={1964--1974},
  year={2021},
  organization={PMLR}
}

@article{hu2022m,
  title={{M$^{4}$I: Multi-modal Models Membership Inference}},
  author={Hu, Pingyi and Wang, Zihan and Sun, Ruoxi and Wang, Hu and Xue, Minhui},
  journal={Advances in Neural Information Processing Systems},
  volume={35},
  pages={1867--1882},
  year={2022}
}

@article{hui2021practical,
  title={Practical blind membership inference attack via differential comparisons},
  author={Hui, Bo and Yang, Yuchen and Yuan, Haolin and Burlina, Philippe and Gong, Neil Zhenqiang and Cao, Yinzhi},
  journal={arXiv preprint arXiv:2101.01341},
  year={2021}
}

@inproceedings{ko2023practical,
  title={Practical membership inference attacks against large-scale multi-modal models: A pilot study},
  author={Ko, Myeongseob and Jin, Ming and Wang, Chenguang and Jia, Ruoxi},
  booktitle={Proceedings of the IEEE/CVF International Conference on Computer Vision},
  pages={4871--4881},
  year={2023}
}

@inproceedings{li2021membership,
  title={Membership leakage in label-only exposures},
  author={Li, Zheng and Zhang, Yang},
  booktitle={Proceedings of the 2021 ACM SIGSAC Conference on Computer and Communications Security},
  pages={880--895},
  year={2021}
}

@article{maini2021dataset,
  title={Dataset inference: Ownership resolution in machine learning},
  author={Maini, Pratyush and Yaghini, Mohammad and Papernot, Nicolas},
  booktitle={Proceedings of the 9th International Conference on Learning Representations},
  year={2021}
}

@inproceedings{nasr2019comprehensive,
  title={Comprehensive privacy analysis of deep learning: Passive and active white-box inference attacks against centralized and federated learning},
  author={Nasr, Milad and Shokri, Reza and Houmansadr, Amir},
  booktitle={2019 IEEE symposium on security and privacy (SP)},
  pages={739--753},
  year={2019},
  organization={IEEE}
}

@InProceedings{pinto24a,
  title = 	 {Extracting Training Data From Document-Based {VQA} Models},
  author =       {Pinto, Francesco and Rauschmayr, Nathalie and Tram\`{e}r, Florian and Torr, Philip and Tombari, Federico},
  booktitle = 	 {Proceedings of the 41st International Conference on Machine Learning},
  pages = 	 {40813--40826},
  year = 	 {2024},
  series = 	 {Proceedings of Machine Learning Research},
  publisher =    {PMLR},
}

@inproceedings{rezaei2021difficulty,
  title={On the difficulty of membership inference attacks},
  author={Rezaei, Shahbaz and Liu, Xin},
  booktitle={Proceedings of the IEEE/CVF Conference on Computer Vision and Pattern Recognition},
  pages={7892--7900},
  year={2021}
}

@InProceedings{sablayrolles19a,
  title = 	 {White-box vs Black-box: {B}ayes Optimal Strategies for Membership Inference},
  author =       {Sablayrolles, Alexandre and Douze, Matthijs and Schmid, Cordelia and Ollivier, Yann and Jegou, Herve},
  booktitle = 	 {Proceedings of the 36th International Conference on Machine Learning},
  pages = 	 {5558--5567},
  year = 	 {2019},
  publisher =    {PMLR}
}

@article{salem2018ml,
  title={Ml-leaks: Model and data independent membership inference attacks and defenses on machine learning models},
  author={Salem, Ahmed and Zhang, Yang and Humbert, Mathias and Berrang, Pascal and Fritz, Mario and Backes, Michael},
  journal={arXiv preprint arXiv:1806.01246},
  year={2018}
}

@inproceedings{shokri2017membership,
  title={Membership inference attacks against machine learning models},
  author={Shokri, Reza and Stronati, Marco and Song, Congzheng and Shmatikov, Vitaly},
  booktitle={2017 IEEE symposium on security and privacy (SP)},
  pages={3--18},
  year={2017},
  organization={IEEE}
}

@inproceedings{song2019privacy,
  title={Privacy risks of securing machine learning models against adversarial examples},
  author={Song, Liwei and Shokri, Reza and Mittal, Prateek},
  booktitle={Proceedings of the 2019 ACM SIGSAC conference on computer and communications security},
  pages={241--257},
  year={2019}
}

@inproceedings{song2021systematic,
  title={Systematic evaluation of privacy risks of machine learning models},
  author={Song, Liwei and Mittal, Prateek},
  booktitle={30th USENIX Security Symposium (USENIX Security 21)},
  pages={2615--2632},
  year={2021}
}

@inproceedings{tito2024privacy,
  title={Privacy-aware document visual question answering},
  author={Tito, Rub{\`e}n and Nguyen, Khanh and Tobaben, Marlon and Kerkouche, Raouf and Souibgui, Mohamed Ali and Jung, Kangsoo and J{\"a}lk{\"o}, Joonas and D{\'A}ndecy, Vincent Poulain and Joseph, Aurelie and Kang, Lei and others},
  booktitle={International Conference on Document Analysis and Recognition},
  pages={199--218},
  year={2024},
  organization={Springer}
}

@inproceedings{yeom2018privacy,
  title={Privacy risk in machine learning: Analyzing the connection to overfitting},
  author={Yeom, Samuel and Giacomelli, Irene and Fredrikson, Matt and Jha, Somesh},
  booktitle={2018 IEEE 31st computer security foundations symposium (CSF)},
  pages={268--282},
  year={2018},
  organization={IEEE}
}

