@incollection{Bengio+chapter2007,
author = {Bengio, Yoshua and LeCun, Yann},
booktitle = {Large Scale Kernel Machines},
publisher = {MIT Press},
title = {Scaling Learning Algorithms Towards {AI}},
year = {2007}
}

@article{Hinton06,
author = {Hinton, Geoffrey E. and Osindero, Simon and Teh, Yee Whye},
journal = {Neural Computation},
pages = {1527--1554},
title = {A Fast Learning Algorithm for Deep Belief Nets},
volume = {18},
year = {2006}
}

@book{goodfellow2016deep,
title={Deep learning},
author={Goodfellow, Ian and Bengio, Yoshua and Courville, Aaron and Bengio, Yoshua},
volume={1},
year={2016},
publisher={MIT Press}
}

@article{dwork2014algorithmic,
  title={The algorithmic foundations of differential privacy},
  author={Dwork, Cynthia and Roth, Aaron and others},
  journal={Foundations and Trends{\textregistered} in Theoretical Computer Science},
  volume={9},
  number={3--4},
  pages={211--407},
  year={2014},
  publisher={Now Publishers, Inc.}
}

@inproceedings{dong2018boosting,
  title={Boosting adversarial attacks with momentum},
  author={Dong, Yinpeng and Liao, Fangzhou and Pang, Tianyu and Su, Hang and Zhu, Jun and Hu, Xiaolin and Li, Jianguo},
  booktitle={Proceedings of the IEEE conference on computer vision and pattern recognition},
  pages={9185--9193},
  year={2018}
}

@inproceedings{rezaei2021difficulty,
  title={On the difficulty of membership inference attacks},
  author={Rezaei, Shahbaz and Liu, Xin},
  booktitle={Proceedings of the IEEE/CVF Conference on Computer Vision and Pattern Recognition},
  pages={7892--7900},
  year={2021}
}

@inproceedings{tito2024privacy,
  title={Privacy-aware document visual question answering},
  author={Tito, Rub{\`e}n and Nguyen, Khanh and Tobaben, Marlon and Kerkouche, Raouf and Souibgui, Mohamed Ali and Jung, Kangsoo and J{\"a}lk{\"o}, Joonas and D{\'A}ndecy, Vincent Poulain and Joseph, Aurelie and Kang, Lei and others},
  booktitle={International Conference on Document Analysis and Recognition},
  pages={199--218},
  year={2024},
  organization={Springer}
}



@InProceedings{pinto24a,
  title = 	 {Extracting Training Data From Document-Based {VQA} Models},
  author =       {Pinto, Francesco and Rauschmayr, Nathalie and Tram\`{e}r, Florian and Torr, Philip and Tombari, Federico},
  booktitle = 	 {Proceedings of the 41st International Conference on Machine Learning},
  pages = 	 {40813--40826},
  year = 	 {2024},
  series = 	 {Proceedings of Machine Learning Research},
  publisher =    {PMLR},
}


@inproceedings{shokri2017membership,
  title={Membership inference attacks against machine learning models},
  author={Shokri, Reza and Stronati, Marco and Song, Congzheng and Shmatikov, Vitaly},
  booktitle={2017 IEEE symposium on security and privacy (SP)},
  pages={3--18},
  year={2017},
  organization={IEEE}
}

@inproceedings{nasr2019comprehensive,
  title={Comprehensive privacy analysis of deep learning: Passive and active white-box inference attacks against centralized and federated learning},
  author={Nasr, Milad and Shokri, Reza and Houmansadr, Amir},
  booktitle={2019 IEEE symposium on security and privacy (SP)},
  pages={739--753},
  year={2019},
  organization={IEEE}
}

@inproceedings{choquette2021label,
  title={Label-only membership inference attacks},
  author={Choquette-Choo, Christopher A and Tramer, Florian and Carlini, Nicholas and Papernot, Nicolas},
  booktitle={International conference on machine learning},
  pages={1964--1974},
  year={2021},
  organization={PMLR}
}

@article{salem2018ml,
  title={Ml-leaks: Model and data independent membership inference attacks and defenses on machine learning models},
  author={Salem, Ahmed and Zhang, Yang and Humbert, Mathias and Berrang, Pascal and Fritz, Mario and Backes, Michael},
  journal={arXiv preprint arXiv:1806.01246},
  year={2018}
}

@inproceedings{yeom2018privacy,
  title={Privacy risk in machine learning: Analyzing the connection to overfitting},
  author={Yeom, Samuel and Giacomelli, Irene and Fredrikson, Matt and Jha, Somesh},
  booktitle={2018 IEEE 31st computer security foundations symposium (CSF)},
  pages={268--282},
  year={2018},
  organization={IEEE}
}


@InProceedings{sablayrolles19a,
  title = 	 {White-box vs Black-box: {B}ayes Optimal Strategies for Membership Inference},
  author =       {Sablayrolles, Alexandre and Douze, Matthijs and Schmid, Cordelia and Ollivier, Yann and Jegou, Herve},
  booktitle = 	 {Proceedings of the 36th International Conference on Machine Learning},
  pages = 	 {5558--5567},
  year = 	 {2019},
  publisher =    {PMLR}
}

@inproceedings{song2021systematic,
  title={Systematic evaluation of privacy risks of machine learning models},
  author={Song, Liwei and Mittal, Prateek},
  booktitle={30th USENIX Security Symposium (USENIX Security 21)},
  pages={2615--2632},
  year={2021}
}

@article{hui2021practical,
  title={Practical blind membership inference attack via differential comparisons},
  author={Hui, Bo and Yang, Yuchen and Yuan, Haolin and Burlina, Philippe and Gong, Neil Zhenqiang and Cao, Yinzhi},
  journal={arXiv preprint arXiv:2101.01341},
  year={2021}
}

@inproceedings{carlini2022membership,
  title={Membership inference attacks from first principles},
  author={Carlini, Nicholas and Chien, Steve and Nasr, Milad and Song, Shuang and Terzis, Andreas and Tramer, Florian},
  booktitle={2022 IEEE Symposium on Security and Privacy (SP)},
  pages={1897--1914},
  year={2022},
  organization={IEEE}
}

@inproceedings{zarifzadeh2024low,
  title={Low-Cost High-Power Membership Inference Attacks},
  author={Zarifzadeh, Sajjad and Liu, Philippe and Shokri, Reza},
  booktitle={Forty-first International Conference on Machine Learning},
  year={2024}
}

@inproceedings{li2021membership,
  title={Membership leakage in label-only exposures},
  author={Li, Zheng and Zhang, Yang},
  booktitle={Proceedings of the 2021 ACM SIGSAC Conference on Computer and Communications Security},
  pages={880--895},
  year={2021}
}

@inproceedings{biten2019scene,
  title={Scene text visual question answering},
  author={Biten, Ali Furkan and Tito, Ruben and Mafla, Andres and Gomez, Lluis and Rusinol, Mar{\c{c}}al and Valveny, Ernest and Jawahar, CV and Karatzas, Dimosthenis},
  booktitle={Proceedings of the IEEE/CVF international conference on computer vision},
  pages={4291--4301},
  year={2019}
}

@article{jagielski2024students,
  title={Students parrot their teachers: Membership inference on model distillation},
  author={Jagielski, Matthew and Nasr, Milad and Lee, Katherine and Choquette-Choo, Christopher A and Carlini, Nicholas and Tramer, Florian},
  journal={Advances in Neural Information Processing Systems},
  volume={36},
  year={2024}
}

@inproceedings{ko2023practical,
  title={Practical membership inference attacks against large-scale multi-modal models: A pilot study},
  author={Ko, Myeongseob and Jin, Ming and Wang, Chenguang and Jia, Ruoxi},
  booktitle={Proceedings of the IEEE/CVF International Conference on Computer Vision},
  pages={4871--4881},
  year={2023}
}

@article{hu2022m,
  title={{M$^{4}$I: Multi-modal Models Membership Inference}},
  author={Hu, Pingyi and Wang, Zihan and Sun, Ruoxi and Wang, Hu and Xue, Minhui},
  journal={Advances in Neural Information Processing Systems},
  volume={35},
  pages={1867--1882},
  year={2022}
}


@article{hu2021lora,
  title={Lora: Low-rank adaptation of large language models},
  author={Hu, Edward J and Shen, Yelong and Wallis, Phillip and Allen-Zhu, Zeyuan and Li, Yuanzhi and Wang, Shean and Wang, Lu and Chen, Weizhu},
  journal={arXiv preprint arXiv:2106.09685},
  year={2021}
}

@inproceedings{mathew2021docvqa,
  title={Docvqa: A dataset for vqa on document images},
  author={Mathew, Minesh and Karatzas, Dimosthenis and Jawahar, CV},
  booktitle={Proceedings of the IEEE/CVF winter conference on applications of computer vision},
  pages={2200--2209},
  year={2021}
}

@article{mathew2020document,
  title={Document visual question answering challenge 2020},
  author={Mathew, Minesh and Tito, Ruben and Karatzas, Dimosthenis and Manmatha, R and Jawahar, CV},
  journal={arXiv preprint arXiv:2008.08899},
  year={2020}
}

@inproceedings{wolf-etal-2020-transformers,
    title = "Transformers: State-of-the-Art Natural Language Processing",
    author = "Wolf, Thomas  and
      Debut, Lysandre  and
      Sanh, Victor  and
      Chaumond, Julien  and
      Delangue, Clement  and
      Moi, Anthony  and
      Cistac, Pierric  and
      Rault, Tim  and
      Louf, Remi  and
      Funtowicz, Morgan  and
      Davison, Joe  and
      Shleifer, Sam  and
      von Platen, Patrick  and
      Ma, Clara  and
      Jernite, Yacine  and
      Plu, Julien  and
      Xu, Canwen  and
      Le Scao, Teven  and
      Gugger, Sylvain  and
      Drame, Mariama  and
      Lhoest, Quentin  and
      Rush, Alexander",
    editor = "Liu, Qun  and
      Schlangen, David",
    booktitle = "Proceedings of the 2020 Conference on Empirical Methods in Natural Language Processing: System Demonstrations",
    year = "2020",
    address = "Online",
    publisher = "Association for Computational Linguistics",
    pages = "38--45"
}

@InProceedings{Kim22Donut,
    author="Kim, Geewook
    and Hong, Teakgyu
    and Yim, Moonbin
    and Nam, JeongYeon
    and Park, Jinyoung
    and Yim, Jinyeong
    and Hwang, Wonseok
    and Yun, Sangdoo
    and Han, Dongyoon
    and Park, Seunghyun",
    editor="Avidan, Shai
    and Brostow, Gabriel
    and Ciss{\'e}, Moustapha
    and Farinella, Giovanni Maria
    and Hassner, Tal",
    title="OCR-Free Document Understanding Transformer",
    booktitle="Computer Vision -- ECCV 2022",
    year="2022",
    publisher="Springer Nature Switzerland",
    address="Cham",
    pages="498--517",
    isbn="978-3-031-19815-1"
}
@inproceedings{Lee23Pix2Struct,
    author = {Lee, Kenton and Joshi, Mandar and Turc, Iulia and Hu, Hexiang and Liu, Fangyu and Eisenschlos, Julian and Khandelwal, Urvashi and Shaw, Peter and Chang, Ming-Wei and Toutanova, Kristina},
    title = {Pix2Struct: screenshot parsing as pretraining for visual language understanding},
    year = {2023},
    publisher = {JMLR.org},
    booktitle = {Proceedings of the 40th International Conference on Machine Learning},
    articleno = {780},
    numpages = {20},
    location = {Honolulu, Hawaii, USA},
    series = {ICML'23}
}


@article{raffel2020exploring,
  title={Exploring the limits of transfer learning with a unified text-to-text transformer},
  author={Raffel, Colin and Shazeer, Noam and Roberts, Adam and Lee, Katherine and Narang, Sharan and Matena, Michael and Zhou, Yanqi and Li, Wei and Liu, Peter J},
  journal={Journal of machine learning research},
  volume={21},
  number={140},
  pages={1--67},
  year={2020}
}

@inproceedings{li2022dit,
  title={Dit: Self-supervised pre-training for document image transformer},
  author={Li, Junlong and Xu, Yiheng and Lv, Tengchao and Cui, Lei and Zhang, Cha and Wei, Furu},
  booktitle={Proceedings of the 30th ACM International Conference on Multimedia},
  pages={3530--3539},
  year={2022}
}

@article{kingma2014adam,
  title={Adam: A method for stochastic optimization},
  author={Kingma, Diederik P},
  journal={arXiv preprint arXiv:1412.6980},
  year={2014}
}

@article{jayaraman2020revisiting,
  title={Revisiting membership inference under realistic assumptions},
  author={Jayaraman, Bargav and Wang, Lingxiao and Knipmeyer, Katherine and Gu, Quanquan and Evans, David},
  journal={arXiv preprint arXiv:2005.10881},
  year={2020}
}

@inproceedings{watson2022on,
    title={On the Importance of Difficulty Calibration in Membership Inference Attacks},
    author={Lauren Watson and Chuan Guo and Graham Cormode and Alexandre Sablayrolles},
    booktitle={International Conference on Learning Representations},
    year={2022}
}

@inproceedings{ye2022enhanced,
  title={Enhanced membership inference attacks against machine learning models},
  author={Ye, Jiayuan and Maddi, Aadyaa and Murakonda, Sasi Kumar and Bindschaedler, Vincent and Shokri, Reza},
  booktitle={Proceedings of the 2022 ACM SIGSAC Conference on Computer and Communications Security},
  pages={3093--3106},
  year={2022}
}

@article{JMLR:v9:vandermaaten08a,
  author  = {Laurens van der Maaten and Geoffrey Hinton},
  title   = {Visualizing Data using t-SNE},
  journal = {Journal of Machine Learning Research},
  year    = {2008},
  pages   = {2579--2605}
}

@article{maini2021dataset,
  title={Dataset inference: Ownership resolution in machine learning},
  author={Maini, Pratyush and Yaghini, Mohammad and Papernot, Nicolas},
  booktitle={Proceedings of the 9th International Conference on Learning Representations},
  year={2021}
}

@inproceedings{song2019privacy,
  title={Privacy risks of securing machine learning models against adversarial examples},
  author={Song, Liwei and Shokri, Reza and Mittal, Prateek},
  booktitle={Proceedings of the 2019 ACM SIGSAC conference on computer and communications security},
  pages={241--257},
  year={2019}
}

@inproceedings{he2015delving,
  title={Delving deep into rectifiers: Surpassing human-level performance on imagenet classification},
  author={He, Kaiming and Zhang, Xiangyu and Ren, Shaoqing and Sun, Jian},
  booktitle={Proceedings of the IEEE international conference on computer vision},
  pages={1026--1034},
  year={2015}
}

@article{jiang2023mistral,
  title={Mistral 7B},
  author={Jiang, Albert Q and Sablayrolles, Alexandre and Mensch, Arthur and Bamford, Chris and Chaplot, Devendra Singh and Casas, Diego de las and Bressand, Florian and Lengyel, Gianna and Lample, Guillaume and Saulnier, Lucile and others},
  journal={arXiv preprint arXiv:2310.06825},
  year={2023}
}

@article{vaswani2017attention,
  title={Attention is all you need},
  author={Vaswani, A},
  journal={Advances in Neural Information Processing Systems},
  year={2017}
}

@inproceedings{abadi2016deep,
  title={Deep learning with differential privacy},
  author={Abadi, Martin and Chu, Andy and Goodfellow, Ian and McMahan, H Brendan and Mironov, Ilya and Talwar, Kunal and Zhang, Li},
  booktitle={Proceedings of the 2016 ACM SIGSAC conference on computer and communications security},
  pages={308--318},
  year={2016}
}

@inproceedings{tang2023unifying,
  title={Unifying vision, text, and layout for universal document processing},
  author={Tang, Zineng and Yang, Ziyi and Wang, Guoxin and Fang, Yuwei and Liu, Yang and Zhu, Chenguang and Zeng, Michael and Zhang, Cha and Bansal, Mohit},
  booktitle={Proceedings of the IEEE/CVF conference on computer vision and pattern recognition},
  pages={19254--19264},
  year={2023}
}

@inproceedings{huang2022layoutlmv3,
  title={Layoutlmv3: Pre-training for document ai with unified text and image masking},
  author={Huang, Yupan and Lv, Tengchao and Cui, Lei and Lu, Yutong and Wei, Furu},
  booktitle={Proceedings of the 30th ACM International Conference on Multimedia},
  pages={4083--4091},
  year={2022}
}

@inproceedings{powalski2021going,
  title={Going full-tilt boogie on document understanding with text-image-layout transformer},
  author={Powalski, Rafa{\l} and Borchmann, {\L}ukasz and Jurkiewicz, Dawid and Dwojak, Tomasz and Pietruszka, Micha{\l} and Pa{\l}ka, Gabriela},
  booktitle={Document Analysis and Recognition--ICDAR 2021: 16th International Conference, Lausanne, Switzerland, September 5--10, 2021, Proceedings, Part II 16},
  pages={732--747},
  year={2021},
  organization={Springer}
}

@article{shi2023detecting,
  title={Detecting pretraining data from large language models},
  author={Shi, Weijia and Ajith, Anirudh and Xia, Mengzhou and Huang, Yangsibo and Liu, Daogao and Blevins, Terra and Chen, Danqi and Zettlemoyer, Luke},
  journal={arXiv preprint arXiv:2310.16789},
  year={2023}
}

@article{zhang2024min,
  title={Min-k\%++: Improved baseline for detecting pre-training data from large language models},
  author={Zhang, Jingyang and Sun, Jingwei and Yeats, Eric and Ouyang, Yang and Kuo, Martin and Zhang, Jianyi and Yang, Hao Frank and Li, Hai},
  journal={arXiv preprint arXiv:2404.02936},
  year={2024}
}

@inproceedings{balle2020hypothesis,
  title={Hypothesis testing interpretations and renyi differential privacy},
  author={Balle, Borja and Barthe, Gilles and Gaboardi, Marco and Hsu, Justin and Sato, Tetsuya},
  booktitle={International Conference on Artificial Intelligence and Statistics},
  pages={2496--2506},
  year={2020},
  organization={PMLR}
}

@article{hu2022membership,
  title={Membership inference attacks on machine learning: A survey},
  author={Hu, Hongsheng and Salcic, Zoran and Sun, Lichao and Dobbie, Gillian and Yu, Philip S and Zhang, Xuyun},
  journal={ACM Computing Surveys (CSUR)},
  volume={54},
  number={11s},
  pages={1--37},
  year={2022},
  publisher={ACM New York, NY}
}
