@book{Bertsekas96,
	author = {Bertsekas, D. P. and Tsitsiklis, J. N.},
	publisher = {{Athena Scientific}},
	title = {Neuro-Dynamic Programming},
	year = {1996}}

@article{Ernst05,
	author = {Ernst, D. and Geurts, P. and Wehenkel, L.},
	journal = {Journal of Machine Learning Research },
	
	title = {Tree-based batch mode reinforcement learning},
	year = {2005}}

@article{MnihKavukcuogluSilveretal2015,
	author = {Mnih, V. and Kavukcuoglu, K. and Silver, D. and Rusu, A. A. and et al.},
	journal = {Nature},
	number = {7540},
	pages = {529--533},
	title = {Human-level control through deep reinforcement learning},
	volume = {518},
	year = {2015}}

@article{Munos08JMLR,
	author = {Munos, R. and Szepesv{\'a}ri, C.},
	journal = {Journal of Machine Learning Research },
	title = {Finite-Time Bounds for Fitted Value Iteration},
	year = {2008}}

@article{Sutton1988,
  title={Learning to predict by the methods of temporal differences},
  author={Sutton, Richard S},
  journal={Machine Learning},
  volume={3},
  pages={9--44},
  year={1988}
}

@book{SzepesvariBook10,
	author = {Szepesv\'ari, {\relax C}.},
	publisher = {Morgan Claypool Publishers},
	title = {Algorithms for Reinforcement Learning},
	year = {2010}}

@article{bai2024regret,
  title={Regret analysis of policy gradient algorithm for infinite horizon average reward markov decision processes},
  author={Bai, Qinbo and Mondal, Washim Uddin and Aggarwal, Vaneet},
  journal={International Conference on Artificial Intelligence},
  year={2024}
}

@article{bellman1957markovian,
  title={A {M}arkovian decision process},
  author={Bellman, Richard},
  journal={Journal of Mathematics and Mechanics},
  volume={6},
  number={5},
  pages={679--684},
  year={1957}
}

@article{blackwell1962discrete,
  title={Discrete dynamic programming},
  author={Blackwell, David},
  journal={The Annals of Mathematical Statistics},
  pages={719--726},
  year={1962},
    volume={33}
}

@article{bourel2023exploration,
  title={Exploration in reward machines with low regret},
  author={Bourel, Hippolyte and Jonsson, Anders and Maillard, Odalric-Ambrym and Talebi, Mohammad Sadegh},
  journal={International Conference on Artificial Intelligence and Statistics},
  year={2023}
}

@article{bravostochastic,
  title={Stochastic {H}alpern iteration in normed spaces and applications to reinforcement learning},
  author={Bravo, Mario and Contreras, Juan Pablo},
  journal={arXiv preprint arXiv:2403.12338},
  year={2024}
}

@article{cai2022stochastic,
  title={Stochastic {H}alpern iteration with variance reduction for stochastic monotone inclusions},
  author={Cai, Xufeng and Song, Chaobing and Guzm{\'a}n, Crist{\'o}bal and Diakonikolas, Jelena},
  journal={Neural Information Processing Systems},
  year={2022}
}

@article{contreras2022optimal,
  title={Optimal error bounds for non-expansive fixed-point iterations in normed spaces},
  author={Contreras, Juan Pablo and Cominetti, Roberto},
  journal={Mathematical Programming},
  volume= {199},
number={1--2},
pages= {343--374},
  year={2022}
}

@article{dewanto2020average,
  title={Average-reward model-free reinforcement learning: a systematic review and literature mapping},
  author={Dewanto, Vektor and Dunn, George and Eshragh, Ali and Gallagher, Marcus and Roosta, Fred},
  journal={arXiv preprint arXiv:2010.08920},
  year={2020}
}

@article{fruit2017regret,
  title={Regret minimization in {MDP}s with options without prior knowledge},
  author={Fruit, Ronan and Pirotta, Matteo and Lazaric, Alessandro and Brunskill, Emma},
  journal={Neural Information Processing Systems},
  year={2017}
}

@article{gheshlaghi2013minimax,
  title={Minimax {PAC} bounds on the sample complexity of reinforcement learning with a generative model},
  author={Azar, Mohammad Gheshlaghi and Munos, R{\'e}mi and Kappen, Hilbert J},
  journal={Machine Learning},
  volume={91},
 number={3},
  pages={325--349},
  year={2013}
}

@article{halpern1967fixed,
  title={Fixed points of nonexpanding maps},
  author={Halpern, Benjamin},
  journal={Bulletin of the American Mathematical Society},
  volume={73},
  number={6},
  pages={957--961},
  year={1967},
  publisher={American Mathematical Society}
}

@book{howard1960dynamic,
  title={Dynamic Programming and {M}arkov Processes.},
  author={Howard, Ronald A},
  year={1960},
  publisher={John Wiley and Sons}
}

@article{jin2020efficiently,
  title={Efficiently solving {MDP}s with stochastic mirror descent},
  author={Jin, Yujia and Sidford, Aaron},
  journal={International Conference on Machine Learning},
  year={2020}
}

@article{jin2021towards,
  title={Towards tight bounds on the sample complexity of average-reward {MDP}s},
  author={Jin, Yujia and Sidford, Aaron},
  journal={International Conference on Machine Learning},
  year={2021}
}

@article{jin2024feasible,
  title={Feasible {Q}-Learning for Average Reward Reinforcement Learning},
  author={Jin, Ying and Gummadi, Ramki and Zhou, Zhengyuan and Blanchet, Jose},
  journal={International Conference on Artificial Intelligence and Statistics},
  year={2024}
}

@article{jin2024truncated,
  title={Truncated Variance Reduced Value Iteration},
  author={Jin, Yujia and Karmarkar, Ishani and Sidford, Aaron and Wang, Jiayi},
  journal={Neural Information Processing Systems},
  year={2024}
}

@article{johnson2013accelerating,
  title={Accelerating stochastic gradient descent using predictive variance reduction},
  author={Johnson, Rie and Zhang, Tong},
  journal={Neural information processing systems},
  year={2013}
}

@article{kearns1998finite,
  title={Finite-sample convergence rates for {Q}-learning and indirect algorithms},
  author={Kearns, Michael and Singh, Satinder},
  journal={Neural Information Processing Systems},
  year={1998}
}

@article{kim2021accelerated,
  title={Accelerated proximal point method for maximally monotone operators},
  author={Kim, Donghwan},
  journal={Mathematical Programming},
  volume={190},
  number={1--2},
  pages={57--87},
  year={2021}
}

@article{kumar2024global,
  title={On the global convergence of policy gradient in average reward {M}arkov decision processes},
  author={Kumar, Navdeep and Murthy, Yashaswini and Shufaro, Itai and Levy, Kfir Y and Srikant, R and Mannor, Shie},
  journal={International Conference on Learning Representations},
  year={2025}
}

@article{kumarefficient,
  title={Efficient Value Iteration for s-rectangular Robust {M}arkov Decision Processes},
  author={Kumar, Navdeep and Wang, Kaixin and Levy, Kfir Yehuda and Mannor, Shie},
  journal={ International Conference on Machine Learning},
  year={2024}
}

@article{lee2024accelerating,
  title={Accelerating value iteration with anchoring},
  author={Lee, Jongmin and Ryu, Ernest},
  journal={Neural Information Processing Systems},
  year={2023}
}

@article{lee2025multi,
  title={Optimal non-asymptotic rates of value iteration for average-reward {MDP}s},
  author={Lee, Jongmin and Ryu, Ernest},
  journal={International Conference on Learning Representations},
  year={2025}
}

@article{li2020breaking,
  title={Breaking the sample size barrier in model-based reinforcement learning with a generative model},
  author={Li, Gen and Wei, Yuting and Chi, Yuejie and Gu, Yuantao and Chen, Yuxin},
  journal={Neural Information Processing Systems},
  year={2020}
}

@article{li2024stochastic,
  title={Stochastic first-order methods for average-reward {M}arkov decision processes},
  author={Li, Tianjiao and Wu, Feiyang and Lan, Guanghui},
  journal={Mathematics of Operations Research},
  year={2024}
}

@article{mahadevan1996average,
  title={Average reward reinforcement learning: Foundations, algorithms, and empirical results},
  author={Mahadevan, Sridhar},
  journal={Machine Learning},
  volume={22},
  number={1},
  pages={159--195},
  year={1996}
}

@article{murthy2023convergence,
  title={On the Convergence of Natural Policy Gradient and Mirror Descent-Like Policy Methods for Average-Reward {MDP}s},
  author={Murthy, Yashaswini and Srikant, R},
  journal={IEEE Conference on Decision and Control},
  pages={1979--1984},
  year={2023}
}

@article{neu2024dealing,
  title={Dealing with unbounded gradients in stochastic saddle-point optimization},
  author={Neu, Gergely and Okolo, Nneka},
  journal={International Conference on Machine Learning},
  year={2024}
}

@article{nguyen2017sarah,
  title={SARAH: A novel method for machine learning problems using stochastic recursive gradient},
  author={Nguyen, Lam M and Liu, Jie and Scheinberg, Katya and Tak{\'a}{\v{c}}, Martin},
  journal={International Conference on Machine Learning},
  year={2017}
}

@article{park2022exact,
  title={Exact optimal accelerated complexity for fixed-point iterations},
  author={Park, Jisun and Ryu, Ernest K},
  journal={International Conference on Machine Learning},
  year={2022}
}

@article{reich1980strong,
  title={Strong convergence theorems for resolvents of accretive operators in {B}anach spaces},
  author={Reich, Simeon},
  journal={Journal of Mathematical Analysis and Applications},
  volume={75},
  number={1},
  pages={287--292},
  year={1980}
}

@article{rosenberg2021oracle,
  title={Oracle-efficient regret minimization in factored {MDP}s with unknown structure},
  author={Rosenberg, Aviv and Mansour, Yishay},
  journal={ Neural Information Processing Systems},
  year={2021}
}

@article{sabach2017first,
  title={A first order method for solving convex bilevel optimization problems},
  author={Sabach, Shoham and Shtern, Shimrit},
  journal={SIAM Journal on Optimization},
  volume={27},
  number={2},
  pages={640--660},
  year={2017}
}

@article{sidford2018near,
  title={Near-optimal time and sample complexities for solving {M}arkov decision processes with a generative model},
  author={Sidford, Aaron and Wang, Mengdi and Wu, Xian and Yang, Lin and Ye, Yinyu},
  journal={Neural Information Processing Systems},
  year={2018}
}

@article{sidford2023variance,
  title={Variance reduced value iteration and faster algorithms for solving {M}arkov decision processes},
  author={Sidford, Aaron and Wang, Mengdi and Wu, Xian and Ye, Yinyu},
  journal={Naval Research Logistics},
  volume={70},
  number={5},
  pages={423--442},
  year={2023}
}

@book{sutton2018reinforcement,
  title={Reinforcement Learning: An introduction},
  author={Sutton, Richard S and Barto, Andrew G},
  year={2018},
  publisher={MIT press},
    edition = {2nd}
}

@article{tuynman2024finding,
  title={Finding good policies in average-reward {M}arkov Decision Processes without prior knowledge},
  author={Tuynman, Adrienne and Degenne, R{\'e}my and Kaufmann, Emilie},
  journal={Neural Information Processing Systems},
  year={2024}
}

@article{wainwright2019variance,
  title={Variance-reduced {Q}-learning is minimax optimal},
  author={Wainwright, Martin J},
  journal={arXiv preprint arXiv:1906.04697},
  year={2019}
}

@article{wan2021learning,
  title={Learning and planning in average-reward {M}arkov decision processes},
  author={Wan, Yi and Naik, Abhishek and Sutton, Richard S},
  journal={International Conference on Machine Learning},
  year={2021}
}

@article{wang2017primal,
  title={Primal-Dual $\pi$ Learning: Sample Complexity and Sublinear Run Time for Ergodic {M}arkov Decision Problems},
  author={Wang, Mengdi},
  journal={arXiv:1710.06100},
  year={2017}
}

@article{wang2022near,
  title={Near sample-optimal reduction-based policy learning for average reward {MDP}},
  author={Wang, Jinghan and Wang, Mengdi and Yang, Lin F},
  journal={arXiv:2212.00603},
  year={2022}
}

@article{wang2023optimal,
  title={Optimal sample complexity for average reward {M}arkov decision processes},
  author={Wang, Shengbo and Blanchet, Jose and Glynn, Peter},
  journal={International Conference on Learning Representations},
  year={2023}
}

@article{wei2020model,
  title={Model-free reinforcement learning in infinite-horizon average-reward {M}arkov decision processes},
  author={Wei, Chen-Yu and Jahromi, Mehdi Jafarnia and Luo, Haipeng and Sharma, Hiteshi and Jain, Rahul},
  journal={International Conference on Machine Learning},
  year={2020}
}

@article{wittmann1992approximation,
  title={Approximation of fixed points of nonexpansive mappings},
  author={Wittmann, Rainer},
  journal={Archiv der Mathematik},
  volume={58},
  number={5},
  pages={486--491},
  year={1992},
  publisher={Springer}
}

@article{xu2002iterative,
  title={Iterative algorithms for nonlinear operators},
  author={Xu, Hong-Kun},
  journal={Journal of the London Mathematical Society},
  volume={66},
  number={1},
  pages={240--256},
  year={2002}
}

@article{yoon2021accelerated,
  title={Accelerated algorithms for smooth convex-concave minimax problems with $\mathcal{O}(1/k^2)$ rate on squared gradient norm},
  author={Yoon, TaeHo and Ryu, Ernest K},
  journal={International Conference on Machine Learning},
  year={2021}
}

@article{zhang2023sharper,
  title={Sharper model-free reinforcement learning for average-reward {M}arkov decision processes},
  author={Zhang, Zihan and Xie, Qiaomin},
  journal={ Conference on Learning Theory},
  year={2023}
}

@article{zurek2024span,
  title={Span-Based Optimal Sample Complexity for Weakly Communicating and General Average Reward {MDP}s},
  author={Zurek, Matthew and Chen, Yudong},
  journal={Neural Information Processing Systems},
  year={2024}
}

