@article{vieillard2020momentum,
  title={Momentum in reinforcement learning},
  author={Vieillard, Nino and Scherrer, Bruno and Pietquin, Olivier and Geist, Matthieu},
  journal={International Conference on Artificial Intelligence and Statistics},
  year={2020}
}



@article{goyal2022first,
  title={A first-order approach to accelerated value iteration},
  author={Goyal, Vineet and Grand-Cl\'ement, Julien},
  journal={Operations Research},
 volume= {71},
number={2},
pages= {517--535},
  year={2022}
}


@article{wan2021learning,
  title={Learning and planning in average-reward {M}arkov decision processes},
  author={Wan, Yi and Naik, Abhishek and Sutton, Richard S},
  journal={International Conference on Machine Learning},
  year={2021}
}

@article{wei2020model,
  title={Model-free reinforcement learning in infinite-horizon average-reward {M}arkov decision processes},
  author={Wei, Chen-Yu and Jahromi, Mehdi Jafarnia and Luo, Haipeng and Sharma, Hiteshi and Jain, Rahul},
  journal={International Conference on Machine Learning},
  year={2020}
}

@book{howard1960dynamic,
  title={Dynamic Programming and {M}arkov Processes.},
  author={Howard, Ronald A},
  year={1960},
  publisher={John Wiley and Sons}
}

@article{grand2021convex,
  title={From convex optimization to {MDP}s: A review of first-order, second-order and quasi-Newton methods for {MDP}s},
  author={Grand-Cl{\'e}ment, Julien},
  journal={arXiv:2104.10677},
  year={2021}
}

@article{geist2018anderson,
  title={Anderson acceleration for reinforcement learning},
  author={Geist, Matthieu and Scherrer, Bruno},
  journal={European Workshop on Reinforcement Learning},
  year={2018}
}

@article{farahmand2021pid,
  title={{PID} accelerated value iteration algorithm},
  author={Farahmand, Amir-massoud and Ghavamzadeh, Mohammad},
  journal={International Conference on Machine Learning},
  year={2021}
}

@article{sun2021damped,
  title={Damped {A}nderson mixing for deep reinforcement learning: Acceleration, convergence, and stabilization},
  author={Sun, Ke and Wang, Yafei and Liu, Yi and Pan, Bo and Jui, Shangling and Jiang, Bei and Kong, Linglong and others},
  journal={Neural Information Processing Systems},
  year={2021}
}

@article{ermis2021anderson1,
  title={On {A}nderson acceleration for partially observable {M}arkov decision processes},
  author={Melike Ermis and Mingyu Park and Insoon Yang},
  journal={IEEE Conference on Decision and Control},
  year={2021}
}

@article{park2022anderson,
  title={Anderson acceleration for partially observable {M}arkov decision processes: A maximum entropy approach},
  author={Park, Mingyu and Shin, Jaeuk and Yang, Insoon},
  journal={arXiv:2211.14998},
  year={2022}
}


@article{shi2019regularized,
  title={Regularized {A}nderson acceleration for off-policy deep reinforcement learning},
  author={Shi, Wenjie and Song, Shiji and Wu, Hui and Hsu, Ya-Chu and Wu, Cheng and Huang, Gao},
  journal={Neural Information Processing Systems},
  year={2019}
}

@article{ermis2020a3dqn,
  title={{A3DQN}: Adaptive {A}nderson acceleration for deep {Q}-networks},
  author={Ermis, Melike and Yang, Insoon},
  journal={IEEE Symposium Series on Computational Intelligence},
  year={2020}
}


@article{pmlr-v161-bowen21a,
  title = 	 {Finite-time theory for momentum {Q}-learning },
  author =       {Bowen, Weng and Huaqing, Xiong and Lin, Zhao and Yingbin, Liang and Wei, Zhang},
  journal = 	{Conference on Uncertainty in Artificial Intelligence},
  year = 	 {2021}
}

@article{park2022exact,
  title={Exact optimal accelerated complexity for fixed-point iterations},
  author={Park, Jisun and Ryu, Ernest K},
  journal={International Conference on Machine Learning},
  year={2022}
}

@article{contreras2022optimal,
  title={Optimal error bounds for non-expansive fixed-point iterations in normed spaces},
  author={Contreras, Juan Pablo and Cominetti, Roberto},
  journal={Mathematical Programming},
  volume= {199},
number={1--2},
pages= {343--374},
  year={2022}
}

@book{10.5555/528623,
author = {Puterman, Martin L.},
title = {{M}arkov Decision Processes: Discrete Stochastic Dynamic Programming},
year={2014},
edition={2nd},
publisher = {John Wiley and Sons},
}

@book{szepesvarialgorithms,
  title={Algorithms for Reinforcement Learning},
  author={Szepesv{\'a}ri, Csaba},
  publisher={Springer},
  year = {2010},
  edition = {1st}
}

@book{sutton2018reinforcement,
  title={Reinforcement Learning: An introduction},
  author={Sutton, Richard S and Barto, Andrew G},
  year={2018},
  publisher={MIT press},
    edition = {2nd}
}

@article{banach1922operations,
  title={Sur les op{\'e}rations dans les ensembles abstraits et leur application aux {\'e}quations int{\'e}grales},
  author={Banach, Stefan},
  journal={Fundamenta Mathematicae},
  volume={3},
  number={1},
  pages={133--181},
  year={1922},
  publisher={Instytut Matematyczny Polskiej Akademii Nauk}
}

@article{mann1953mean,
  title={Mean value methods in iteration},
  author={Mann, W Robert},
  journal={Proceedings of the American Mathematical Society},
  volume={4},
  number={3},
  pages={506--510},
  year={1953}
}

@article{krasnosel1955two,
  title={Two remarks on the method of successive approximations},
  author={Krasnosel'ski{\u\i}, Mark A},
  journal={Uspekhi Matematicheskikh Nauk},
  volume={10},
  number={1},
  pages={123--127},
  year={1955}
}

@article{Martinet1970ppm,
     author = {Martinet, B.},
     title = {R\'egularisation d'in\'equations variationnelles par approximations successives},
     journal = {Revue Fran{\c{c}}aise de Informatique et Recherche Op{\'e}rationnelle},
     pages = {154-158},
     address = {Paris},
     volume = {4},
     number = {R3},
     year = {1970}
}

@article{halpern1967fixed,
  title={Fixed points of nonexpanding maps},
  author={Halpern, Benjamin},
  journal={Bulletin of the American Mathematical Society},
  volume={73},
  number={6},
  pages={957--961},
  year={1967},
  publisher={American Mathematical Society}
}

@article{wittmann1992approximation,
  title={Approximation of fixed points of nonexpansive mappings},
  author={Wittmann, Rainer},
  journal={Archiv der Mathematik},
  volume={58},
  number={5},
  pages={486--491},
  year={1992},
  publisher={Springer}
}

@article{cominetti2014rate,
  title={On the rate of convergence of {K}rasnosel'ski{\u\i}-{M}ann iterations and their connection with sums of {B}ernoullis},
  author={Cominetti, Roberto and Soto, Jos{\'e} A and Vaisman, Jos{\'e}},
  journal={Israel Journal of Mathematics},
  volume={199},
  number={2},
  pages={757--772},
  year={2014}
}

@article{liang2016convergence,
  title={Convergence rates with inexact non-expansive operators},
  author={Liang, Jingwei and Fadili, Jalal and Peyr{\'e}, Gabriel},
  journal={Mathematical Programming},
  volume={159},
  number={1--2},
  pages={403--434},
  year={2016}
}

@article{bravo2018sharp,
  title={Sharp convergence rates for averaged nonexpansive maps},
  author={Bravo, Mario and Cominetti, Roberto},
  journal={Israel Journal of Mathematics},
  volume={227},
  pages={163--188},
  year={2018}
}

@article{baillon1992optimal,
  title={Optimal rates of asymptotic regularity for averaged nonexpansive mappings},
  author={Baillon, Jean-Bernard and Bruck, Ronald E},
  journal={Fixed Point Theory and Applications},
  volume={128},
  pages={27--66},
  year={1992}
}

@article{matsushita2017convergence,
  title={On the convergence rate of the {K}rasnosel'ski{\u\i}--{M}ann iteration},
  author={Matsushita, Shin-Ya},
  journal={Bulletin of the Australian Mathematical Society},
  volume={96},
  number={1},
  pages={162--170},
  year={2017}
}

@article{leustean2007rates,
  title={Rates of asymptotic regularity for {H}alpern iterations of nonexpansive mappings.},
  author={Leustean, Laurentiu},
  journal={Journal of Universal Computer Science},
  volume={13},
  number={11},
  pages={1680--1691},
  year={2007}
}

@article{seneta1979coefficients,
  title={Coefficients of ergodicity: structure and applications},
  author={Seneta, Eugene},
  journal={Advances in applied probability},
  volume={11},
  number={3},
  pages={576--590},
  year={1979},
  publisher={Cambridge University Press}
}


@article{schweitzer1979geometric,
  title={Geometric convergence of value-iteration in multichain {M}arkov decision problems},
  author={Schweitzer, Paul J and Federgruen, Awi},
  journal={Advances in Applied Probability},
  volume={11},
  number={1},
  pages={188--217},
  year={1979},
  publisher={Cambridge University Press}
}

@article{bravo2024stochastic,
  title={Stochastic fixed-point iterations for nonexpansive maps: Convergence and error bounds},
  author={Bravo, Mario and Cominetti, Roberto},
  journal={SIAM Journal on Control and Optimization},
  volume={62},
  number={1},
  pages={191--219},
  year={2024},
  publisher={SIAM}
}

@article{li2024stochastic,
  title={Stochastic first-order methods for average-reward {M}arkov decision processes},
  author={Li, Tianjiao and Wu, Feiyang and Lan, Guanghui},
  journal={Mathematics of Operations Research},
  year={2024}
}

@article{anand2024mean,
  title={Mean-Field Sampling for Cooperative Multi-Agent Reinforcement Learning},
  author={Anand, Emile and Karmarkar, Ishani and Qu, Guannan},
  journal={arXiv preprint arXiv:2412.00661},
  year={2024}
}



@phdthesis{kakade2003sample,
  title={On the sample complexity of reinforcement learning},
  author={Kakade, Sham Machandranath},
  year={2003},
  publisher={University of London, University College London (United Kingdom)}
}

@article{kearns1998finite,
  title={Finite-sample convergence rates for {Q}-learning and indirect algorithms},
  author={Kearns, Michael and Singh, Satinder},
  journal={Neural Information Processing Systems},
  year={1998}
}

@article{kearns2002sparse,
  title={A sparse sampling algorithm for near-optimal planning in large Markov decision processes},
  author={Kearns, Michael and Mansour, Yishay and Ng, Andrew Y},
  journal={Machine learning},
  year={2002}
}


@article{wang2017primal,
  title={Primal-Dual $\pi$ Learning: Sample Complexity and Sublinear Run Time for Ergodic {M}arkov Decision Problems},
  author={Wang, Mengdi},
  journal={arXiv:1710.06100},
  year={2017}
}

@article{jin2024truncated,
  title={Truncated Variance Reduced Value Iteration},
  author={Jin, Yujia and Karmarkar, Ishani and Sidford, Aaron and Wang, Jiayi},
  journal={Neural Information Processing Systems},
  year={2024}
}

@article{schweitzer1978functional,
  title={The functional equations of undiscounted {M}arkov renewal programming},
  author={Schweitzer, Paul J and Federgruen, Awi},
  journal={Mathematics of Operations Research},
  volume={3},
  number={4},
  pages={308--321},
  year={1978},
  publisher={INFORMS}
}

@article{sharma2020approximate,
	author = {Sharma, H. and Jafarnia-Jahromi, M. and Jain, R.},
	journal = {Uncertainty in Artificial Intelligence},
	title = {Approximate relative value learning for average-reward continuous state {MDP}s},
	year = {2020}}

@article{white1963dynamic,
	author = {White, D. J.},
	journal = {J. Math. Anal. Appl},
	number = {3},
	pages = {373--376},
	title = {Dynamic programming, {M}arkov chains, and the method of successive approximations},
	volume = {6},
	year = {1963}}

@article{gupta2015empirical,
	author = {Gupta, A. and Jain, R. and Glynn, P. W},
	journal= {IEEE Conference on Decision and Control },
	date-modified = {2023-10-23 21:41:49 -0400},
	title = {An empirical algorithm for relative value iteration for average-cost {MDP}s},
	year = {2015}}


@article{devraj2021q,
	author = {Devraj, A. M. and Meyn, S. P.},
	journal = {IEEE Transactions on Automatic Control},
	number = {11},
	pages = {5948--5963},
	publisher = {IEEE},
	title = {Q-learning with uniformly bounded variance},
	volume = {67},
	year = {2021}}



@article{kohlenbach2011quantitative,
  title={On quantitative versions of theorems due to {F}. {E}. {B}rowder and {R}. {W}ittmann},
  author={Kohlenbach, Ulrich},
  journal={Advances in Mathematics},
  volume={226},
  number={3},
  pages={2764--2795},
  year={2011}
}

@article{sabach2017first,
  title={A first order method for solving convex bilevel optimization problems},
  author={Sabach, Shoham and Shtern, Shimrit},
  journal={SIAM Journal on Optimization},
  volume={27},
  number={2},
  pages={640--660},
  year={2017}
}

@article{
    Lieder2021halpern,
    title={On the convergence rate of the {H}alpern-iteration},
    author={Felix Lieder},
    journal={Optimization Letters},
    volume={15},
    number={2},
    pages={405--418},
    year={2021}
}

@article{reich1980strong,
  title={Strong convergence theorems for resolvents of accretive operators in {B}anach spaces},
  author={Reich, Simeon},
  journal={Journal of Mathematical Analysis and Applications},
  volume={75},
  number={1},
  pages={287--292},
  year={1980}
}

@article{xu2002iterative,
  title={Iterative algorithms for nonlinear operators},
  author={Xu, Hong-Kun},
  journal={Journal of the London Mathematical Society},
  volume={66},
  number={1},
  pages={240--256},
  year={2002}
}


@article{kim2021accelerated,
  title={Accelerated proximal point method for maximally monotone operators},
  author={Kim, Donghwan},
  journal={Mathematical Programming},
  volume={190},
  number={1--2},
  pages={57--87},
  year={2021}
}

@article{
  nesterov1983method,
  title={A method for solving the convex programming problem with convergence rate $\mathcal{O}(1/k^2)$},
  author={Nesterov, Yurii E},
  journal={Doklady Akademii Nauk SSSR},
  volume={269},
  number={3},
  pages={543--547},
  year={1983}
}

@article{cauchy1847methode,
  title={M{\'e}thode g{\'e}n{\'e}rale pour la r{\'e}solution des systemes d'{\'e}quations simultan{\'e}es},
  author={Cauchy, Augustin-Louis},
  journal={Comptes rendus de l'Acad{\'e}mie des Sciences},
  volume={25},
  pages={536--538},
  year={1847}
}



@article{van2017fastest,
  title={The fastest known globally convergent first-order method for minimizing strongly convex functions},
  author={Van Scoy, Bryan and Freeman, Randy A and Lynch, Kevin M},
  journal={IEEE Control Systems Letters},
  volume={2},
  number={1},
  pages={49--54},
  year={2018},
  publisher={IEEE}
}

@article{park2021factor,
  title={Factor-$\sqrt{2}$ acceleration of accelerated gradient methods},
  author={Park, Chanwoo and Park, Jisun and Ryu, Ernest K},
  journal={Applied Mathematics \& Optimization},
  year={2023}
}

@article{yoon2024optimal,
  title={Optimal Acceleration for Minimax and Fixed-Point Problems is Not Unique},
  author={Yoon, TaeHo and Kim, Jaeyeon and Suh, Jaewook J and Ryu, Ernest K},
    journal={International Conference on Machine Learning},
  year={2024}
}


@article{bravostochastic,
  title={Stochastic {H}alpern iteration in normed spaces and applications to reinforcement learning},
  author={Bravo, Mario and Contreras, Juan Pablo},
  journal={arXiv preprint arXiv:2403.12338},
  year={2024}
}


@article{zurek2024span,
  title={Span-Based Optimal Sample Complexity for Weakly Communicating and General Average Reward {MDP}s},
  author={Zurek, Matthew and Chen, Yudong},
  journal={Neural Information Processing Systems},
  year={2024}
}

@article{li2020breaking,
  title={Breaking the sample size barrier in model-based reinforcement learning with a generative model},
  author={Li, Gen and Wei, Yuting and Chi, Yuejie and Gu, Yuantao and Chen, Yuxin},
  journal={Neural Information Processing Systems},
  year={2020}
}

@article{ agarwal2020model,
  title={Model-based reinforcement learning with a generative model is minimax optimal},
  author={Agarwal, Alekh and Kakade, Sham and Yang, Lin F},
  journal={Conference on Learning Theory},
  year={2020}
}

@article{bertsekas1998new,
  title={A new value iteration method for the average cost dynamic programming problem},
  author={Bertsekas, Dimitri P},
  journal={SIAM journal on control and optimization},
  volume={36},
  number={2},
  pages={742--759},
  year={1998},
  publisher={SIAM}
}


@article{morton1977discounting,
  title={Discounting, ergodicity and convergence for {M}arkov decision processes},
  author={Morton, Thomas E and Wecker, William E},
  journal={Management Science},
  volume={23},
  number={8},
  pages={890--900},
  year={1977},
  publisher={INFORMS}
}

@article{schweitzer1977asymptotic,
  title={The asymptotic behavior of undiscounted value iteration in {M}arkov decision problems},
  author={Schweitzer, Paul J and Federgruen, Awi},
  journal={Mathematics of Operations Research},
  volume={2},
  number={4},
  pages={360--381},
  year={1977},
  publisher={INFORMS}
}

@article{van1981stochastic,
  title={Stochastic Dynamic Programming: successive approximations and nearly optimal strategies for {M}arkov decision processes and {M}arkov games},
  author={Van Der Wal, Johannes},
edition ={2nd},
publisher={The Mathematical Centre, Amsterdam},
  year={1981}
}

@article{taylor2021optimal,
  title={An optimal gradient method for smooth strongly convex minimization},
  author={Taylor, Adrien and Drori, Yoel},
  journal={Mathematical Programming},
  volume={199},
  number={1-2},
  pages={557--594},
  year={2023},
  publisher={Springer}
}

@article{salim2021optimal,
  title={An optimal algorithm for strongly convex minimization under affine constraints},
  author={Salim, Adil and Condat, Laurent and Kovalev, Dmitry and Richt{\'a}rik, Peter},
  journal={International Conference on Artificial Intelligence and
Statistics},
  year={2022}
}

@article{kim2021optimizing,
  title={Optimizing the efficiency of first-order methods for decreasing the gradient of smooth convex functions},
  author={Kim, Donghwan and Fessler, Jeffrey A},
  journal={Journal of Optimization Theory and Applications},
  volume={188},
  number={1},
  pages={192--219},
  year={2021}
}

@article{lee2021geometric,
  title={A geometric structure of acceleration and its role in making gradients Small Fast},
  author={Lee, Jongmin and Park, Chanwoo and Ryu, Ernest K},
  journal={Neural Information Processing Systems},
  year={2021}
}


@article{mainge2008convergence,
  title={Convergence theorems for inertial {KM}-type algorithms},
  author={Maing{\'e}, Paul-Emile},
  journal={Journal of Computational and Applied Mathematics},
  volume={219},
  number={1},
  pages={223--236},
  year={2008}
}


@article{dong2018modified,
  title={Modified inertial {M}ann algorithm and inertial {CQ}-algorithm for nonexpansive mappings},
  author={Dong, QL and Yuan, HB and Cho, YJ and Rassias, Th M},
  journal={Optimization Letters},
  volume={12},
  number={1},
  pages={87--102},
  year={2018}
}

@article{shehu2018convergence,
  title={Convergence rate analysis of inertial {K}rasnoselskii--{M}ann type iteration with applications},
  author={Shehu, Yekini},
  journal={Numerical Functional Analysis and Optimization},
  volume={39},
  number={10},
  pages={1077--1091},
  year={2018}
}

@article{reich2021inertial,
  title={Inertial projection-type methods for solving pseudomonotone variational inequality problems in {H}ilbert space},
  author={Reich, Simeon and Thong, Duong Viet and Cholamjiak, Prasit and Van Long, Luong},
  journal={Numerical Algorithms},
  volume={88},
  number={2},
  pages={813--835},
  year={2021}
}


@article{anderson1965,
  title={Iterative procedures for nonlinear integral equations},
  author={Anderson, Donald G},
  journal={Journal of the Association for Computing Machinery},
  volume={12},
  number={4},
  pages={547--560},
  year={1965}
}


@article{walker2011anderson,
  title={Anderson acceleration for fixed-point iterations},
  author={Walker, Homer F and Ni, Peng},
  journal={SIAM Journal on Numerical Analysis},
  volume={49},
  number={4},
  pages={1715--1735},
  year={2011}
}

@article{scieur2020regularized,
  title={Regularized nonlinear acceleration},
  author={Scieur, Damien and d'Aspremont, Alexandre and Bach, Francis},
  journal={Mathematical Programming},
  volume={179},
  number={1--2},
  pages={47--83},
  year={2020}
}

@article{barre2020convergence,
  title={Convergence of a Constrained Vector Extrapolation Scheme},
  author={Barr{\'e}, Mathieu and Taylor, Adrien and d'Aspremont, Alexandre},
  journal={SIAM Journal on Mathematics of Data Science},
  volume={4},
  number={3},
  pages={979--1002},
  year={2022}
}


@article{zhang2020globally,
  title={Globally convergent type-{I} {A}nderson acceleration for nonsmooth fixed-point iterations},
  author={Zhang, Junzi and O'Donoghue, Brendan and Boyd, Stephen},
  journal={SIAM Journal on Optimization},
  volume={30},
  number={4},
  pages={3170--3197},
  year={2020}
}

@article{yoon2021accelerated,
  title={Accelerated algorithms for smooth convex-concave minimax problems with $\mathcal{O}(1/k^2)$ rate on squared gradient norm},
  author={Yoon, TaeHo and Ryu, Ernest K},
  journal={International Conference on Machine Learning},
  year={2021}
}

@article{lee2021fast,
  title={Fast extra gradient methods for smooth structured nonconvex-nonconcave minimax problems},
  author={Lee, Sucheol and Kim, Donghwan},
  journal={Neural Information Processing Systems},
  year={2021}
}

@article{lin2020near,
  title={Near-optimal algorithms for minimax optimization},
  author={Lin, Tianyi and Jin, Chi and Jordan, Michael I},
  journal={Conference on Learning Theory},
  year={2020}
}

@article{diakonikolas2020halpern,
  title={Halpern iteration for near-optimal and parameter-free monotone inclusion and strong solutions to variational inequalities},
  author={Diakonikolas, Jelena},
  journal={Conference on Learning Theory},
  year={2020}
}

@article{doi:10.1137/21M1395302,
author = {Diakonikolas, Jelena and Wang, Puqian},
title = {Potential function-based framework for minimizing gradients in convex and min-max optimization},
journal = {SIAM Journal on Optimization},
volume = {32},
number = {3},
pages = {1668-1697},
year = {2022}}

@article{nesterov2021primal,
  title={Primal--dual accelerated gradient methods with small-dimensional relaxation oracle},
  author={Nesterov, Yurii and Gasnikov, Alexander and Guminov, Sergey and Dvurechensky, Pavel},
  journal={Optimization Methods and Software},
  volume={36},
  number={4},
  pages={773--810},
  year={2021}
}

@book{bauschke2017correction,
  title={Convex Analysis and Monotone Operator Theory in Hilbert Spaces},
  author={Bauschke, Heinz H and Combettes, Patrick L},
  year={2017},
  publisher={Springer},  
    edition={2th}
}

@phdthesis{Watkins1989,
	author = {C. J. C. H. Watkins},
	title = {Learning from Delayed Rewards},
	year = {1989}}


@article{zhou2022practical,
  title={Practical schemes for finding near-stationary points of convex finite-sums},
  author={Zhou, Kaiwen and Tian, Lai and So, Anthony Man-Cho and Cheng, James},
  journal={International Conference on Artificial Intelligence and Statistics},
  year={2022}
}

@article{yoon2022accelerated,
  title={Accelerated minimax algorithms flock together},
  author={Yoon, TaeHo and Ryu, Ernest K},
  journal={arXiv:2205.11093},
  year={2022}
}




@article{doi:10.1137/20M1367192,
author = {Akian, Marianne and Gaubert, St\'{e}phane and Qu, Zheng and Saadi, Omar},
title = {Multiply accelerated value iteration for non-symmetric affine fixed point problems and application to {M}arkov decision processes},
journal = {SIAM Journal on Matrix Analysis and Applications},
volume = {43},
number = {1},
pages = {199-232},
year = {2022}
}


@article{moore1993prioritized,
  title={Prioritized sweeping: Reinforcement learning with less data and less time},
  author={Moore, Andrew W and Atkeson, Christopher G},
  journal={Machine Learning},
  volume={13},
  pages={103--130},
  year={1993}
}
@article{peng1993efficient,
  title={Efficient learning and planning within the {D}yna framework},
  author={Peng, Jing and Williams, Ronald J},
  journal={Adaptive Behavior},
  volume={1},
  number={4},
  pages={437--454},
  year={1993},
}

@article{mcmahan2005fast,
  title={Fast exact planning in {M}arkov decision processes},
  author={McMahan, H Brendan and Gordon, Geoffrey J},
  journal={International Conference on Automated Planning and Scheduling},
  year={2005}
}

@article{wingate2005prioritization,
  title={Prioritization methods for accelerating {MDP} solvers},
  author={Wingate, David and Seppi, Kevin D and Mahadevan, Sridhar},
  journal={Journal of Machine Learning Research},
  volume={6},
  number={25},
  pages={851-881},
  year={2005}
}

@article{Jaksch2010,
  title={Near-optimal Regret Bounds for Reinforcement Learning},
  author={Jaksch, Thomas and Ortner, Ronald and Auer, Peter},
  journal={Journal of Machine Learning Research},
  volume={11},
  number={51},
  pages={1563-1600},
  year={2010}
}

@article{azar2011speedy,
  title={Speedy {Q}-learning},
  author={Azar, Mohammad Gheshlaghi and Munos, Remi and Ghavamzadeh, Mohammad and Kappen, Hilbert},
  journal={Neural Information Processing Systems},
  year={2011}
}

@article{iutzeler2019generic,
  title={A generic online acceleration scheme for optimization algorithms via relaxation and inertia},
  author={Iutzeler, Franck and Hendrickx, Julien M},
  journal={Optimization Methods and Software},
  volume={34},
  number={2},
  pages={383--405},
  year={2019}
}

@article{andre1997generalized,
  title={Generalized prioritized sweeping},
  author={Andre, David and Friedman, Nir and Parr, Ronald},
  journal={Neural Information Processing Systems},
  year={1997}
}




@article{dai2011topological,
  title={Topological value iteration algorithms},
  author={Dai, Peng and Weld, Daniel S and Goldsmith, Judy and others},
  journal={Journal of Artificial Intelligence Research},
  volume={42},
  pages={181--209},
  year={2011}
}

@article{lee2024accelerating,
  title={Accelerating value iteration with anchoring},
  author={Lee, Jongmin and Ryu, Ernest},
  journal={Neural Information Processing Systems},
  year={2023}
}

@article{lee2025multi,
  title={Optimal non-asymptotic rates of value iteration for average-reward {MDP}s},
  author={Lee, Jongmin and Ryu, Ernest},
  journal={International Conference on Learning Representations},
  year={2025}
}

@article{shlakhter2010acceleration,
  title={Acceleration operators in the value iteration algorithms for {M}arkov decision processes},
  author={Shlakhter, Oleksandr and Lee, Chi-Guhn and Khmelev, Dmitry and Jaber, Nasser},
  journal={Operations Research},
  volume={58},
  number={1},
  pages={193--202},
  year={2010}
}

@article{polyak1964some,
  title={Some methods of speeding up the convergence of iteration methods},
  author={Polyak, Boris T},
  journal={Ussr Computational Mathematics and Mathematical Physics},
  volume={4},
  number={5},
  pages={1--17},
  year={1964}
}
@article{bellman1957markovian,
  title={A {M}arkovian decision process},
  author={Bellman, Richard},
  journal={Journal of Mathematics and Mechanics},
  volume={6},
  number={5},
  pages={679--684},
  year={1957}
}

@article{MnihKavukcuogluSilveretal2015,
	author = {Mnih, V. and Kavukcuoglu, K. and Silver, D. and Rusu, A. A. and et al.},
	journal = {Nature},
	number = {7540},
	pages = {529--533},
	title = {Human-level control through deep reinforcement learning},
	volume = {518},
	year = {2015}}




@book{SzepesvariBook10,
	author = {Szepesv\'ari, {\relax C}.},
	publisher = {Morgan Claypool Publishers},
	title = {Algorithms for Reinforcement Learning},
	year = {2010}}

@book{Bertsekas96,
	author = {Bertsekas, D. P. and Tsitsiklis, J. N.},
	publisher = {{Athena Scientific}},
	title = {Neuro-Dynamic Programming},
	year = {1996}}

@article{Munos08JMLR,
	author = {Munos, R. and Szepesv{\'a}ri, C.},
	journal = {Journal of Machine Learning Research },
	title = {Finite-Time Bounds for Fitted Value Iteration},
	year = {2008}}

@article{Ernst05,
	author = {Ernst, D. and Geurts, P. and Wehenkel, L.},
	journal = {Journal of Machine Learning Research },
	
	title = {Tree-based batch mode reinforcement learning},
	year = {2005}}

@article{rosenberg2021oracle,
  title={Oracle-efficient regret minimization in factored {MDP}s with unknown structure},
  author={Rosenberg, Aviv and Mansour, Yishay},
  journal={ Neural Information Processing Systems},
  year={2021}
}

@article{bourel2023exploration,
  title={Exploration in reward machines with low regret},
  author={Bourel, Hippolyte and Jonsson, Anders and Maillard, Odalric-Ambrym and Talebi, Mohammad Sadegh},
  journal={International Conference on Artificial Intelligence and Statistics},
  year={2023}
}

@article{fruit2017regret,
  title={Regret minimization in {MDP}s with options without prior knowledge},
  author={Fruit, Ronan and Pirotta, Matteo and Lazaric, Alessandro and Brunskill, Emma},
  journal={Neural Information Processing Systems},
  year={2017}
}


@article{kumarefficient,
  title={Efficient Value Iteration for s-rectangular Robust {M}arkov Decision Processes},
  author={Kumar, Navdeep and Wang, Kaixin and Levy, Kfir Yehuda and Mannor, Shie},
  journal={ International Conference on Machine Learning},
  year={2024}
}


@article{burnetas1997optimal,
  title={Optimal adaptive policies for Markov decision processes},
  author={Burnetas, Apostolos N and Katehakis, Michael N},
  journal={Mathematics of Operations Research},
  volume={22},
  number={1},
  pages={222--255},
  year={1997}
}

@article{nemirovski1992information,
  title={Information-based complexity of linear operator equations},
  author={Nemirovski, Arkadi Semenovi{\v{c}}},
  journal={Journal of Complexity},
  volume={8},
  number={2},
  pages={153--175},
  year={1992}
}

@article{drori2017exact,
  title={The exact information-based complexity of smooth convex minimization},
  author={Drori, Yoel},
  journal={Journal of Complexity},
  volume={39},
  pages={1--16},
  year={2017}
}

@article{drori2020stoc-complexity,
  title={The complexity of finding stationary points with stochastic gradient descent},
  author={Drori, Yoel and Shamir, Ohad},
  journal={International Conference on Machine Learning},
  year={2020}
}

@article{drori2022oracle,
  title={On the oracle complexity of smooth strongly convex minimization},
  author={Drori, Yoel and Taylor, Adrien},
  journal={Journal of Complexity},
  volume={68},
  pages={},
  year={2022}
}


@article{carmon2020stationary1,
  title={Lower bounds for finding stationary points {I}},
  author={Carmon, Yair and Duchi, John C and Hinder, Oliver and Sidford, Aaron},
  journal={Mathematical Programming},
  volume={184},
  number={1--2},
  pages={71--120},
  year={2020}
}

@article{
    carmon2021stationary2,
    title={Lower bounds for finding stationary points {II}: first-order methods},
    author={Yair Carmon and John C. Duchi and Oliver Hinder and Aaron Sidford},
    journal={Mathematical Programming},
    volume={185},
   number={1--2},
    pages={315--355},
    year={2021}
}

@article{drori2016optimal-kelley,
  title={An optimal variant of {K}elley's cutting-plane method},
  author={Drori, Yoel and Teboulle, Marc},
  journal={Mathematical Programming},
  volume={160},
  number={1--2},
  pages={321--351},
  year={2016}
}

@article{colao2021rate,
  author = {Colao, Vittorio and Marino, Giuseppe},
  year = {2021},
  title = {On the rate of convergence of {H}alpern iterations},
  journal={Journal of Nonlinear and Convex Analysis},
  volume={22},
  number={12},
  pages={2639--2646},
}


@article{arjevani2016lower,
  title={On lower and upper bounds in smooth and strongly convex optimization},
  author={Arjevani, Yossi and Shalev-Shwartz, Shai and Shamir, Ohad},
  journal={The Journal of Machine Learning Research},
  volume={17},
  number={1},
  pages={4303--4353},
  year={2016}
}

@book{bertsekas2015dynamic,
  title={Dynamic Programming and Optimal Control, volume II},
  author={Bertsekas, Dimitri P},
  publisher={Athena Scientific},
  year={2012},
  edition={4th}
}


@article{bellman1957{M}arkovian,
  title={A {M}arkovian decision process},
  author={Bellman, Richard},
  journal={Journal of Mathematics and Mechanics},
  volume={6},
  number={5},
  pages={679--684},
  year={1957}
}

@book{bertsekas1995neuro,
  title={Neuro-Dynamic Programming},
  author={Bertsekas, Dimitri P and Tsitsiklis, John N},
publisher={Athena Scientific}, 
year={1995}
}

@article{ernst2005tree,
  title={Tree-based batch mode reinforcement learning},
  author={Ernst, Damien and Geurts, Pierre and Wehenkel, Louis},
  journal={Journal of Machine Learning Research},
  volume={6},
  pages={503--556},
  year={2005}
}

@article{munos2008finite,
  title={Finite-Time Bounds for Fitted Value Iteration},
  author={Munos, R{\'e}mi and Szepesv{\'a}ri, Csaba},
  journal={Journal of Machine Learning Research},
  volume  = {9},
  number  = {27},
  pages   = {815--857},
  year={2008}
}

@article{massoud2009regularized,
  title={Regularized fitted {Q}-iteration for planning in continuous-space {M}arkovian decision problems},
  author={massoud Farahmand, Amir and Ghavamzadeh, Mohammad and Szepesv{\'a}ri, Csaba and Mannor, Shie},
  journal={American Control Conference},
   year={2009}
}

@article{chen2019information,
  title={Information-theoretic considerations in batch reinforcement learning},
  author={Chen, Jinglin and Jiang, Nan},
  journal={International Conference on Machine Learning},
  year={2019}
}

@article{mnih2015human,
  title={Human-level control through deep reinforcement learning},
  author={Volodymyr Mnih and Koray Kavukcuoglu and David Silver and Andrei A. Rusu and Joel Veness and Marc G. Bellemare and Alex Graves and Martin Riedmiller and Andreas K. Fidjeland and Georg Ostrovski and Stig Petersen and Charles Beattie and Amir Sadik and Ioannis Antonoglou and Helen King and Dharshan Kumaran and Daan Wierstra and Shane Legg and Demis Hassabis},
  journal={Nature},
  volume={518},
  number={7540},
  pages={529--533},
  year={2015}
}

@article{gheshlaghi2013minimax,
  title={Minimax {PAC} bounds on the sample complexity of reinforcement learning with a generative model},
  author={Azar, Mohammad Gheshlaghi and Munos, R{\'e}mi and Kappen, Hilbert J},
  journal={Machine Learning},
  volume={91},
 number={3},
  pages={325--349},
  year={2013}
}

@article{jourdan2023varepsilon,
  title={An $\varepsilon$ -Best-Arm Identification Algorithm for Fixed-Confidence and Beyond},
  author={Jourdan, Marc and Degenne, R{\'e}my and Kaufmann, Emilie},
  journal={Neural Information Processing Systems},
  year={2023}
}

@article{mason2020finding,
  title={Finding all  $\varepsilon$-good arms in stochastic bandits},
  author={Mason, Blake and Jain, Lalit and Tripathy, Ardhendu and Nowak, Robert},
  journal={Neural Information Processing Systems},
  year={2020}
}

@article{katz2020true,
  title={The true sample complexity of identifying good arms},
  author={Katz-Samuels, Julian and Jamieson, Kevin},
  journal={International Conference on Artificial Intelligence and Statistics},
  year={2020}
}

@article{tosatto2017boosted,
  title={Boosted fitted {Q}-iteration},
  author={Tosatto, Samuele and Pirotta, Matteo and d'Eramo, Carlo and Restelli, Marcello},
  journal={International Conference on Machine Learning},
  year={2017}
}

@article{munos2005error,
  title={Error bounds for approximate value iteration},
  author={Munos, R{\'e}mi},
  journal={Association for the Advancement of Artificial Intelligence},
  year={2005},
}
@article{ryu2019ode,
  title={Ode analysis of stochastic gradient methods with optimism and anchoring for minimax problems},
  author={Ryu, Ernest K and Yuan, Kun and Yin, Wotao},
  journal={arXiv:1905.10899},
  year={2019}
}

@article{suh2023continuous,
  title={Continuous-time Analysis of Anchor Acceleration},
  author={Suh, Jaewook J and Park, Jisun and Ryu, Ernest K},
  journal={Neural Information Processing Systems},
  year={2023}
}

@article{farahmand2010error,
  title={Error propagation for approximate policy and value iteration},
  author={Farahmand, Amir-massoud and Szepesv{\'a}ri, Csaba and Munos, R{\'e}mi},
  journal={Neural Information Processing Systems},
  year={2010}
}

@article{van2006performance,
  title={Performance loss bounds for approximate value iteration with state aggregation},
  author={Van Roy, Benjamin},
  journal={Mathematics of Operations Research},
  volume={31},
  number={2},
  pages={234--244},
  year={2006}
}

@article{de2000existence,
  title={On the existence of fixed points for approximate value iteration and temporal-difference learning},
  author={De Farias, Daniela Pucci and Van Roy, Benjamin},
  journal={Journal of Optimization theory and Applications},
  volume={105},
  pages={589--608},
  year={2000},
}

@article{ernst2005approximate,
  title={Approximate value iteration in the reinforcement learning context. {A}pplication to electrical power system control},
  author={Ernst, Damien and Glavic, Mevludin and Geurts, Pierre and Wehenkel, Louis},
  journal={International Journal of Emerging Electric Power Systems},
  volume={3},
  number={1},
  year={2005}
}

@book{bertsekas2015parallel,
  title={Parallel and Distributed Computation: Numerical Methods},
  author={Bertsekas, Dimitri and Tsitsiklis, John},
  year={2015},
  publisher={Athena Scientific},
}

@article{tsitsiklis1994asynchronous,
  title={Asynchronous stochastic approximation and {Q}-learning},
  author={Tsitsiklis, John N},
  journal={Machine Learning},
  volume={16},
  pages={185--202},
  year={1994}
}

@article{zeng2020asyncqvi,
  title={{AsyncQVI}: Asynchronous-parallel {Q}-Value iteration for discounted {M}arkov decision processes with near-optimal sample complexity},
  author={Zeng, Yibo and Feng, Fei and Yin, Wotao},
  journal={International Conference on Artificial Intelligence and Statistics},
  year={2020}
}

@article{Lutter2021ValueII,
  title={Value Iteration in Continuous Actions, States and Time},
  author={Michael Lutter and Shie Mannor and Jan Peters and Dieter Fox and Animesh Garg},
  journal={International Conference on Machine Learning},
  year={2021}
}

@article{gordon1995stable,
  title={Stable function approximation in dynamic programming},
  author={Gordon, Geoffrey J},
  journal={International Conference on Machine Learning},
  year={1995}
}

@article{Sutton1988,
  title={Learning to predict by the methods of temporal differences},
  author={Sutton, Richard S},
  journal={Machine Learning},
  volume={3},
  pages={9--44},
  year={1988}
}

@article{van2016deep,
  title={Deep reinforcement learning with double {Q}-learning},
  author={Van Hasselt, Hado and Guez, Arthur and Silver, David},
  journal={Association for the Advancement of Artificial Intelligence},
  year={2016}
}


@article{hessel2018rainbow,
  title={Rainbow: Combining improvements in deep reinforcement learning},
  author={Hessel, Matteo and Modayil, Joseph and Van Hasselt, Hado and Schaul, Tom and Ostrovski, Georg and Dabney, Will and Horgan, Dan and Piot, Bilal and Azar, Mohammad and Silver, David},
  journal={Association for the Advancement of Artificial Intelligence},
  year={2018}
}

@article{watkins1992q,
  title={Q-learning},
  author={Watkins, Christopher JCH and Dayan, Peter},
  journal={Machine Learning},
  volume={8},
  pages={279--292},
  year={1992}
}



@article{nota2020,
author = {Chris Nota and Philip Thomas},
title = {Is the policy gradient a gradient?},
journal = {International Conference on Autonomous Agents and Multiagent Systems},
year = {2020}
}


@article{sutton1999,
 author = {Sutton, Richard S and McAllester, David and Singh, Satinder and Mansour, Yishay},
 journal = {Neural Information Processing Systems},
 title = {Policy gradient methods for reinforcement learning with function approximation},
 year = {1999}
}


@book{nesterov2003Introductory,
	title        = {Lectures on Convex Optimization},
	author       = {Nesterov, Yurii},
	year         = {2018},
	publisher    = {Springer},
	edition      = {2nd}
}

@article{federgruen1978contraction,
  title={Contraction mappings underlying undiscounted {M}arkov decision problems},
  author={Federgruen, Awi and Schweitzer, Paul J and Tijms, Hendrik Cornelis},
  journal={Journal of Mathematical Analysis and Applications},
  volume={65},
  number={3},
  pages={711--730},
  year={1978},
  publisher={Elsevier}
}

@article{hubner1977improved,
  title={Improved procedures for eliminating suboptimal actions in Markov programming by the use of contraction properties},
  author={H{\"u}bner, Gerhard},
  journal={Transactions of the Seventh Prague Conference on Information Theory, Statistical Decision Functions, Random Processes },
  year={1977}
}

@article{della2012illustrated,
  title={Illustrated review of convergence conditions of the value iteration algorithm and the rolling horizon procedure for average-cost {MDP}s},
  author={Della Vecchia, Eugenio and Di Marco, Silvia and Jean-Marie, Alain},
  journal={Annals of Operations Research},
  volume={199},
  pages={193--214},
  year={2012},
  publisher={Springer}
}

@book{seneta2006non,
  title={Non-Negative Matrices and {M}arkov Chains},
  author       = {Seneta, E},
  year={2006},
  publisher={Springer Science \& Business Media},
 edition      = {3th}
}

@article{hannah2018,
title = {Breaking the span assumption yields fast finite-sum minimization},
journal = {Neural Information Processing Systems},
year = {2018},
author = {Robert Hannah and Yanli Liu and Daniel O'Connor and Wotao Yin},
}
@article{pazy1971asymptotic,
  title={Asymptotic behavior of contractions in Hilbert space},
  author={Pazy, A},
  journal={Israel Journal of Mathematics},
  volume={9},
  pages={235--240},
  year={1971},
  publisher={Springer}
}

@article{schweitzer1984existence,
  title={On the existence of relative values for undiscounted {M}arkovian decision processes with a scalar gain rate},
  author={Schweitzer, Paul J},
  journal={Journal of mathematical analysis and applications},
  volume={104},
  number={1},
  pages={67--78},
  year={1984},
  publisher={Elsevier}
}


@article{denardo1968multichain,
  title={Multichain {M}arkov renewal programs},
  author={Denardo, Eric V and Fox, Bennett L},
  journal={SIAM Journal on Applied Mathematics},
  volume={16},
  number={3},
  pages={468--487},
  year={1968},
  publisher={SIAM}
}
@article{yushkevich1974class,
  title={On a class of strategies in general {M}arkov decision models},
  author={Yushkevich, AA},
  journal={Theory of Probability \& Its Applications},
  volume={18},
  number={4},
  pages={777--779},
  year={1974},
  publisher={SIAM}
}

@article{blackwell1962discrete,
  title={Discrete dynamic programming},
  author={Blackwell, David},
  journal={The Annals of Mathematical Statistics},
  pages={719--726},
  year={1962},
    volume={33}
}


@book{tijms1986stochastic,
  title={Stochastic modelling and analysis: a computational approach},
  author={Tijms, Henk C},
  year={1986},
  publisher={John Wiley \& Sons, Inc.}
}

@article{dewanto2020average,
  title={Average-reward model-free reinforcement learning: a systematic review and literature mapping},
  author={Dewanto, Vektor and Dunn, George and Eshragh, Ali and Gallagher, Marcus and Roosta, Fred},
  journal={arXiv preprint arXiv:2010.08920},
  year={2020}
}

@article{kakade2001natural,
  title={A natural policy gradient},
  author={Kakade, Sham M},
  journal={Neural Information Processing Systems},
  year={2001}
}

@article{zhang2021finite,
  title={Finite Sample Analysis of Average-Reward {TD} Learning and {Q}-Learning},
  author={Zhang, Sheng and Zhang, Zhe and Maguluri, Siva Theja},
  journal={Neural Information Processing Systems},
  year={2021}
}

@article{mahadevan1996average,
  title={Average reward reinforcement learning: Foundations, algorithms, and empirical results},
  author={Mahadevan, Sridhar},
  journal={Machine Learning},
  volume={22},
  number={1},
  pages={159--195},
  year={1996}
}

@article{kumar2024global,
  title={On the global convergence of policy gradient in average reward {M}arkov decision processes},
  author={Kumar, Navdeep and Murthy, Yashaswini and Shufaro, Itai and Levy, Kfir Y and Srikant, R and Mannor, Shie},
  journal={International Conference on Learning Representations},
  year={2025}
}

@article{zhang2019regret,
  title={Regret minimization for reinforcement learning by evaluating the optimal bias function},
  author={Zhang, Zihan and Ji, Xiangyang},
  journal={Neural Information Processing Systems},
  year={2019}
}

@article{zanette2019tighter,
  title={Tighter problem-dependent regret bounds in reinforcement learning without domain knowledge using value function bounds},
  author={Zanette, Andrea and Brunskill, Emma},
  journal={International Conference on Machine Learning},
  year={2019}
}

@article{porteus1978accelerated,
  title={Accelerated computation of the expected discounted return in a {M}arkov chain},
  author={Porteus, Evan L and Totten, John C},
  journal={Operations Research},
  volume={26},
  number={2},
  pages={350--358},
  year={1978},
  publisher={INFORMS}
}

@article{bai2024regret,
  title={Regret analysis of policy gradient algorithm for infinite horizon average reward markov decision processes},
  author={Bai, Qinbo and Mondal, Washim Uddin and Aggarwal, Vaneet},
  journal={International Conference on Artificial Intelligence},
  year={2024}
}

@article{even2009online,
  title={Online Markov decision processes},
  author={Even-Dar, Eyal and Kakade, Sham M and Mansour, Yishay},
  journal={Mathematics of Operations Research},
  volume={34},
  number={3},
  pages={726--736},
  year={2009},
  publisher={INFORMS}
}

@article{kushner1971accelerated,
  title={Accelerated procedures for the solution of discrete {M}arkov control problems},
  author={Kushner, Harold and Kleinman, A},
  journal={IEEE Transactions on Automatic Control},
  volume={16},
  number={2},
  pages={147--152},
  year={1971},
  publisher={IEEE}
}

@article{sidford2018near,
  title={Near-optimal time and sample complexities for solving {M}arkov decision processes with a generative model},
  author={Sidford, Aaron and Wang, Mengdi and Wu, Xian and Yang, Lin and Ye, Yinyu},
  journal={Neural Information Processing Systems},
  year={2018}
}

@article{murthy2023convergence,
  title={On the Convergence of Natural Policy Gradient and Mirror Descent-Like Policy Methods for Average-Reward {MDP}s},
  author={Murthy, Yashaswini and Srikant, R},
  journal={IEEE Conference on Decision and Control},
  pages={1979--1984},
  year={2023}
}

@article{reich1987asymptotic,
  title={The asymptotic behavior of firmly nonexpansive mappings},
  author={Reich, Simeon and Shafrir, Itai},
  journal={Proceedings of the American Mathematical Society},
  volume={101},
  number={2},
  pages={246--250},
  year={1987}
}

@article{baillon1978asymptotic,
  title={On the asymptotic behavior of nonexpansive mappings and semigroups in Banach spaces},
  author={Baillon, Jean-Bernard},
  journal={Houston J. Math.},
  volume={4},
  number={1},
  pages={1--9},
  year={1978}
}

@article{reich1973asymptotic,
  title={Asymptotic behavior of contractions in Banach spaces},
  author={Reich, Simeon},
  journal={Journal of Mathematical Analysis and Applications},
  volume={44},
  number={1},
  pages={57--70},
  year={1973},
  publisher={Academic Press}
}

@article{Browder1966TheSB,
  title={The solution by iteration of nonlinear functional equations in Banach spaces},
  author={Felix Earl Browder and Walter Petryshyn},
  journal={Bulletin of the American Mathematical Society},
  year={1966},
  volume={72},
  pages={571-575},
}

@article{liu2019new,
  title={A new use of {D}ouglas--{R}achford splitting for identifying infeasible, unbounded, and pathological conic programs},
  author={Liu, Yanli and Ryu, Ernest K and Yin, Wotao},
  journal={Mathematical Programming},
  volume={177},
  number={1},
  pages={225--253},
  year={2019},
  publisher={Springer}
}

@article{bauschke2014generalized,
  title={Generalized solutions for the sum of two maximally monotone operators},
  author={Bauschke, Heinz H and Hare, Warren L and Moursi, Walaa M},
  journal={SIAM Journal on Control and Optimization},
  volume={52},
  number={2},
  pages={1034--1047},
  year={2014},
  publisher={SIAM}
}

@article{applegate2024infeasibility,
  title={Infeasibility detection with primal-dual hybrid gradient for large-scale linear programming},
  author={Applegate, David and D{\'\i}az, Mateo and Lu, Haihao and Lubin, Miles},
  journal={SIAM Journal on Optimization},
  volume={34},
  number={1},
  pages={459--484},
  year={2024},
  publisher={SIAM}
}

@article{kim2016optimized,
  title={Optimized first-order methods for smooth convex minimization},
  author={Kim, Donghwan and Fessler, Jeffrey A},
  journal={Mathematical Programming},
  volume={159},
  number={1--2},
  pages={81--107},
  year={2016}
}



@article{park2023,
journal = {International Conference on Machine Learning},
title = {Accelerated infeasibility detection of constrained optimization and fixed-point iterations},
author = {Jisun Park and Ernest K. Ryu},
year = {2023},
}

@article{tamar2016value,
  title={Value iteration networks},
  author={Tamar, Aviv and Wu, Yi and Thomas, Garrett and Levine, Sergey and Abbeel, Pieter},
  journal={Neural Information Processing Systems},
  year={2016}
}

@article{niu2018generalized,
  title={Generalized value iteration networks: Life beyond lattices},
  author={Niu, Sufeng and Chen, Siheng and Guo, Hanyu and Targonski, Colin and Smith, Melissa and Kova{\v{c}}evi{\'c}, Jelena},
  journal={Association for the Advancement of Artificial Intelligence},
  year={2018}
}

@article{sykora2020multi,
  title={Multi-agent routing value iteration network},
  author={Sykora, Quinlan and Ren, Mengye and Urtasun, Raquel},
  journal={International Conference on Machine Learning},
  year={2020}
}

@article{wang2022near,
  title={Near sample-optimal reduction-based policy learning for average reward {MDP}},
  author={Wang, Jinghan and Wang, Mengdi and Yang, Lin F},
  journal={arXiv:2212.00603},
  year={2022}
}

@article{jin2021towards,
  title={Towards tight bounds on the sample complexity of average-reward {MDP}s},
  author={Jin, Yujia and Sidford, Aaron},
  journal={International Conference on Machine Learning},
  year={2021}
}


@article{jin2024feasible,
  title={Feasible {Q}-Learning for Average Reward Reinforcement Learning},
  author={Jin, Ying and Gummadi, Ramki and Zhou, Zhengyuan and Blanchet, Jose},
  journal={International Conference on Artificial Intelligence and Statistics},
  year={2024}
}

@article{auer1995gambling,
  title={Gambling in a rigged casino: The adversarial multi-armed bandit problem},
  author={Auer, Peter and Cesa-Bianchi, Nicolo and Freund, Yoav and Schapire, Robert E},
  journal={Proceedings of IEEE 36th Annual Foundations of Computer Science},
  pages={322--331},
  year={1995},
  organization={IEEE}
}

@article{wang2023optimal,
  title={Optimal sample complexity for average reward {M}arkov decision processes},
  author={Wang, Shengbo and Blanchet, Jose and Glynn, Peter},
  journal={International Conference on Learning Representations},
  year={2023}
}

@article{neu2024dealing,
  title={Dealing with unbounded gradients in stochastic saddle-point optimization},
  author={Neu, Gergely and Okolo, Nneka},
  journal={International Conference on Machine Learning},
  year={2024}
}

@article{besson2018doubling,
  title={What doubling tricks can and can't do for multi-armed bandits},
  author={Besson, Lilian and Kaufmann, Emilie},
  journal={arXiv preprint arXiv:1803.06971},
  year={2018}
}


@article{cai2022stochastic,
  title={Stochastic {H}alpern iteration with variance reduction for stochastic monotone inclusions},
  author={Cai, Xufeng and Song, Chaobing and Guzm{\'a}n, Crist{\'o}bal and Diakonikolas, Jelena},
  journal={Neural Information Processing Systems},
  year={2022}
}




@article{azuma1967weighted,
  title={Weighted sums of certain dependent random variables},
  author={Azuma, Kazuoki},
  journal={Tohoku Mathematical Journal, Second Series},
  volume={19},
  number={3},
  pages={357--367},
  year={1967},
  publisher={Mathematical Institute, Tohoku University}
}

@article{nguyen2017sarah,
  title={SARAH: A novel method for machine learning problems using stochastic recursive gradient},
  author={Nguyen, Lam M and Liu, Jie and Scheinberg, Katya and Tak{\'a}{\v{c}}, Martin},
  journal={International Conference on Machine Learning},
  year={2017}
}

@article{johnson2013accelerating,
  title={Accelerating stochastic gradient descent using predictive variance reduction},
  author={Johnson, Rie and Zhang, Tong},
  journal={Neural information processing systems},
  year={2013}
}

@article{wainwright2019variance,
  title={Variance-reduced {Q}-learning is minimax optimal},
  author={Wainwright, Martin J},
  journal={arXiv preprint arXiv:1906.04697},
  year={2019}
}

@article{zhang2023sharper,
  title={Sharper model-free reinforcement learning for average-reward {M}arkov decision processes},
  author={Zhang, Zihan and Xie, Qiaomin},
  journal={ Conference on Learning Theory},
  year={2023}
}

@article{jin2020efficiently,
  title={Efficiently solving {MDP}s with stochastic mirror descent},
  author={Jin, Yujia and Sidford, Aaron},
  journal={International Conference on Machine Learning},
  year={2020}
}

@article{sidford2023variance,
  title={Variance reduced value iteration and faster algorithms for solving {M}arkov decision processes},
  author={Sidford, Aaron and Wang, Mengdi and Wu, Xian and Ye, Yinyu},
  journal={Naval Research Logistics},
  volume={70},
  number={5},
  pages={423--442},
  year={2023}
}


@article{tuynman2024finding,
  title={Finding good policies in average-reward {M}arkov Decision Processes without prior knowledge},
  author={Tuynman, Adrienne and Degenne, R{\'e}my and Kaufmann, Emilie},
  journal={Neural Information Processing Systems},
  year={2024}
}

@article{fellows2021bayesian,
  title={Bayesian {B}ellman operators},
  author={Fellows, Mattie and Hartikainen, Kristian and Whiteson, Shimon},
  journal={Neural Information Processing Systems},
  year={2021}
}

@article{bellemare2016increasing,
  title={Increasing the action gap: New operators for reinforcement learning},
  author={Bellemare, Marc G and Ostrovski, Georg and Guez, Arthur and Thomas, Philip and Munos, R{\'e}mi},
  journal ={Association for the Advancement of Artificial Intelligence},
  year={2016}
}



@article{golowich2020last,
  title={Last iterate is slower than averaged iterate in smooth convex-concave saddle point problems},
  author={Golowich, Noah and Pattathil, Sarath and Daskalakis, Constantinos and Ozdaglar, Asuman},
  year={2020},
  journal={Conference on Learning Theory}
}
