@inproceedings{beery2021species,
  title={Species distribution modeling for machine learning practitioners: a review},
  author={Beery, Sara and Cole, Elijah and Parker, Joseph and Perona, Pietro and Winner, Kevin},
  booktitle={SIGCAS Conference on Computing and Sustainable Societies},
  year={2021}
}

@inproceedings{binary_maps_cv4e_2024,
  title     = {{Generating Binary Species Range Maps}},
  author    = {Dorm, Filip and Lange, Christian and Loarie, Scott and Mac Aodha, Oisin},
  booktitle = {Computer Vision for Ecology Workshop at ECCV},
  year = {2024}
}

@article{botella2018deep,
  title={A deep learning approach to species distribution modelling},
  author={Botella, Christophe and Joly, Alexis and Bonnet, Pierre and Monestiez, Pascal and Munoz, Fran{\c{c}}ois},
  journal={Multimedia Tools and Applications for Environmental and Biodiversity Informatics},
  year={2018}
}

@inproceedings{chen2019bias,
  title={Bias reduction via end-to-end shift learning: Application to citizen science},
  author={Chen, Di and Gomes, Carla P},
  booktitle={AAAI},
  year={2019}
}

@inproceedings{cole2023spatial,
  title={Spatial implicit neural representations for global-scale species mapping},
  author={Cole, Elijah and Van Horn, Grant and Lange, Christian and Shepard, Alexander and Leary, Patrick and Perona, Pietro and Loarie, Scott and Mac Aodha, Oisin},
  booktitle={ICML},
  year={2023}
}

@article{dollinger2024sat,
  title={Sat-SINR: High-Resolution Species Distribution Models Through Satellite Imagery},
  author={Dollinger, Johannes and Brun, Philipp and Sainte Fare Garnot, Vivien and Wegner, Jan Dirk},
  journal={ISPRS Annals of the Photogrammetry, Remote Sensing and Spatial Information Sciences},
  year={2024}
}

@article{elith2006novel,
  title={Novel methods improve prediction of speciesâ€™ distributions from occurrence data},
  author={Elith, Jane and H. Graham, Catherine and P. Anderson, Robert and Dud{\'\i}k, Miroslav and Ferrier, Simon and Guisan, Antoine and J. Hijmans, Robert and Huettmann, Falk and R. Leathwick, John and Lehmann, Anthony and others},
  journal={Ecography},
  year={2006}
}

@inproceedings{hamilton2024,
  title={Combining Observational Data and Language for Species Range Estimation},
  author={Hamilton, Max and Lange, Christian and Cole, Elijah and Heinrichm Samuel and Shepard, Alexander and Mac Aodha, Oisin and Maji, Subhransu and Van Horn, Grant},
  booktitle={NeurIPS},
  year={2024}
}

@article{kellenberger2024performance,
  title={The Performance and Potential of Deep Learning for Predicting Species Distributions},
  author={Kellenberger, Benjamin A and Winner, Kevin and Jetz, Walter},
  journal={bioRxiv},
  year={2024}
}

@inproceedings{lange2024active,
  title={Active learning-based species range estimation},
  author={Lange, Christian and Cole, Elijah and Horn, Grant and Mac Aodha, Oisin},
  booktitle={NeurIPS},
  year={2023}
}

@inproceedings{mac2019presence,
  title={Presence-only geographical priors for fine-grained image classification},
  author={Mac Aodha, Oisin and Cole, Elijah and Perona, Pietro},
  booktitle={ICCV},
  year={2019}
}

@article{parnami2022learning,
  title={Learning from few examples: A summary of approaches to few-shot learning},
  author={Parnami, Archit and Lee, Minwoo},
  journal={arXiv:2203.04291},
  year={2022}
}

@inproceedings{phillips2004maximum,
  title={A maximum entropy approach to species distribution modeling},
  author={Phillips, Steven J and Dud{\'\i}k, Miroslav and Schapire, Robert E},
  booktitle={ICML},
  year={2004}
}

@inproceedings{picek2024geoplant,
  title={GeoPlant: Spatial Plant Species Prediction Dataset},
  author={Picek, Lukas and Botella, Christophe and Servajean, Maximilien and Leblanc, C{\'e}sar and Palard, R{\'e}mi and Larcher, Th{\'e}o and Deneu, Benjamin and Marcos, Diego and Bonnet, Pierre and Joly, Alexis},
  booktitle={Datasets and Benchmarks Track at NeurIPS },
  year={2024}
}

@inproceedings{russwurm2023geographic,
  title={Geographic location encoding with spherical harmonics and sinusoidal representation networks},
  author={Ru{\ss}wurm, Marc and Klemmer, Konstantin and Rolf, Esther and Zbinden, Robin and Tuia, Devis},
  booktitle={ICLR},
  year={2024}
}

@article{sastry2023ld,
  title={LD-SDM: Language-Driven Hierarchical Species Distribution Modeling},
  author={Sastry, Srikumar and Xing, Xin and Dhakal, Aayush and Khanal, Subash and Ahmad, Adeel and Jacobs, Nathan},
  journal={arXiv:2312.08334},
  year={2023}
}

@inproceedings{sastry2025taxabind,
    title={TaxaBind: A Unified Embedding Space for Ecological Applications},
    author={Sastry, Srikumar and Khanal, Subash and Dhakal, Aayush and Ahmad, Adeel and Jacobs, Nathan},
    booktitle={WACV},
    year={2025}
}

@inproceedings{teng2023bird,
  title={Bird Distribution Modelling using Remote Sensing and Citizen Science data},
  author={Teng, M{\'e}lisande and Elmustafa, Amna and Akera, Benjamin and Larochelle, Hugo and Rolnick, David},
  booktitle={ICLR Workshop on Tackling Climate Change with Machine Learning Workshop},
  year={2023}
}

@article{wang2020generalizing,
  title={Generalizing from a few examples: A survey on few-shot learning},
  author={Wang, Yaqing and Yao, Quanming and Kwok, James T and Ni, Lionel M},
  journal={ACM computing surveys},
  year={2020}
}

@inproceedings{zbinden2024imbalance,
  title={Imbalance-aware Presence-only Loss Function for Species Distribution Modeling},
  author={Zbinden, Robin and van Tiel, Nina and Ru{\ss}wurm, Marc and Tuia, Devis},
  booktitle={ICLR Workshop on Tackling Climate Change with Machine Learning},
  year={2024}
}

@article{zbinden2024selection,
  title={On the selection and effectiveness of pseudo-absences for species distribution modeling with deep learning},
  author={Zbinden, Robin and Van Tiel, Nina and Kellenberger, Benjamin and Hughes, Lloyd and Tuia, Devis},
  journal={Ecological Informatics},
  year={2024}
}

