@inproceedings{cole2023spatial,
  title={Spatial implicit neural representations for global-scale species mapping},
  author={Cole, Elijah and Van Horn, Grant and Lange, Christian and Shepard, Alexander and Leary, Patrick and Perona, Pietro and Loarie, Scott and Mac Aodha, Oisin},
  booktitle={ICML},
  year={2023}
}

@inproceedings{binary_maps_cv4e_2024,
  title     = {{Generating Binary Species Range Maps}},
  author    = {Dorm, Filip and Lange, Christian and Loarie, Scott and Mac Aodha, Oisin},
  booktitle = {Computer Vision for Ecology Workshop at ECCV},
  year = {2024}
}

@inproceedings{lange2024active,
  title={Active learning-based species range estimation},
  author={Lange, Christian and Cole, Elijah and Horn, Grant and Mac Aodha, Oisin},
  booktitle={NeurIPS},
  year={2023}
}

@inproceedings{mac2019presence,
  title={Presence-only geographical priors for fine-grained image classification},
  author={Mac Aodha, Oisin and Cole, Elijah and Perona, Pietro},
  booktitle={ICCV},
  year={2019}
}

@inproceedings{hamilton2024,
  title={Combining Observational Data and Language for Species Range Estimation},
  author={Hamilton, Max and Lange, Christian and Cole, Elijah and Heinrichm Samuel and Shepard, Alexander and Mac Aodha, Oisin and Maji, Subhransu and Van Horn, Grant},
  booktitle={NeurIPS},
  year={2024}
}

@article{sastry2023ld,
  title={LD-SDM: Language-Driven Hierarchical Species Distribution Modeling},
  author={Sastry, Srikumar and Xing, Xin and Dhakal, Aayush and Khanal, Subash and Ahmad, Adeel and Jacobs, Nathan},
  journal={arXiv:2312.08334},
  year={2023}
}

@inproceedings{beery2021species,
  title={Species distribution modeling for machine learning practitioners: a review},
  author={Beery, Sara and Cole, Elijah and Parker, Joseph and Perona, Pietro and Winner, Kevin},
  booktitle={SIGCAS Conference on Computing and Sustainable Societies},
  year={2021}
}

@inproceedings{zbinden2024imbalance,
  title={Imbalance-aware Presence-only Loss Function for Species Distribution Modeling},
  author={Zbinden, Robin and van Tiel, Nina and Ru{\ss}wurm, Marc and Tuia, Devis},
  booktitle={ICLR Workshop on Tackling Climate Change with Machine Learning},
  year={2024}
}

@article{zbinden2024selection,
  title={On the selection and effectiveness of pseudo-absences for species distribution modeling with deep learning},
  author={Zbinden, Robin and Van Tiel, Nina and Kellenberger, Benjamin and Hughes, Lloyd and Tuia, Devis},
  journal={Ecological Informatics},
  year={2024}
}

@inproceedings{russwurm2023geographic,
  title={Geographic location encoding with spherical harmonics and sinusoidal representation networks},
  author={Ru{\ss}wurm, Marc and Klemmer, Konstantin and Rolf, Esther and Zbinden, Robin and Tuia, Devis},
  booktitle={ICLR},
  year={2024}
}


@article{klemmer2024satclipglobalgeneralpurposelocation,
  title={Satclip: Global, general-purpose location embeddings with satellite imagery},
  author={Klemmer, Konstantin and Rolf, Esther and Robinson, Caleb and Mackey, Lester and Ru{\ss}wurm, Marc},
  journal={arXiv:2311.17179},
  year={2023}
}


@inproceedings{chen2019bias,
  title={Bias reduction via end-to-end shift learning: Application to citizen science},
  author={Chen, Di and Gomes, Carla P},
  booktitle={AAAI},
  year={2019}
}

@article{dollinger2024sat,
  title={Sat-SINR: High-Resolution Species Distribution Models Through Satellite Imagery},
  author={Dollinger, Johannes and Brun, Philipp and Sainte Fare Garnot, Vivien and Wegner, Jan Dirk},
  journal={ISPRS Annals of the Photogrammetry, Remote Sensing and Spatial Information Sciences},
  year={2024}
}

@inproceedings{teng2023bird,
  title={Bird Distribution Modelling using Remote Sensing and Citizen Science data},
  author={Teng, M{\'e}lisande and Elmustafa, Amna and Akera, Benjamin and Larochelle, Hugo and Rolnick, David},
  booktitle={ICLR Workshop on Tackling Climate Change with Machine Learning Workshop},
  year={2023}
}

@inproceedings{picek2024geoplant,
  title={GeoPlant: Spatial Plant Species Prediction Dataset},
  author={Picek, Lukas and Botella, Christophe and Servajean, Maximilien and Leblanc, C{\'e}sar and Palard, R{\'e}mi and Larcher, Th{\'e}o and Deneu, Benjamin and Marcos, Diego and Bonnet, Pierre and Joly, Alexis},
  booktitle={Datasets and Benchmarks Track at NeurIPS },
  year={2024}
}

@inproceedings{phillips2004maximum,
  title={A maximum entropy approach to species distribution modeling},
  author={Phillips, Steven J and Dud{\'\i}k, Miroslav and Schapire, Robert E},
  booktitle={ICML},
  year={2004}
}

@article{elith2006novel,
  title={Novel methods improve prediction of speciesâ€™ distributions from occurrence data},
  author={Elith, Jane and H. Graham, Catherine and P. Anderson, Robert and Dud{\'\i}k, Miroslav and Ferrier, Simon and Guisan, Antoine and J. Hijmans, Robert and Huettmann, Falk and R. Leathwick, John and Lehmann, Anthony and others},
  journal={Ecography},
  year={2006}
}

@article{botella2018deep,
  title={A deep learning approach to species distribution modelling},
  author={Botella, Christophe and Joly, Alexis and Bonnet, Pierre and Monestiez, Pascal and Munoz, Fran{\c{c}}ois},
  journal={Multimedia Tools and Applications for Environmental and Biodiversity Informatics},
  year={2018}
}

@article{phillips2009sample,
  title={Sample selection bias and presence-only distribution models: implications for background and pseudo-absence data},
  author={Phillips, Steven J and Dud{\'\i}k, Miroslav and Elith, Jane and Graham, Catherine H and Lehmann, Anthony and Leathwick, John and Ferrier, Simon},
  journal={Ecological applications},
  year={2009}
}

@inproceedings{muennighoff2024generative,
  title={Generative representational instruction tuning},
  author={Muennighoff, Niklas and Su, Hongjin and Wang, Liang and Yang, Nan and Wei, Furu and Yu, Tao and Singh, Amanpreet and Kiela, Douwe},
  booktitle={ICLR},
  year={2025}
}

@article{oquab2023dinov2,
  title={Dinov2: Learning robust visual features without supervision},
  author={Oquab, Maxime and Darcet, Timoth{\'e}e and Moutakanni, Th{\'e}o and Vo, Huy and Szafraniec, Marc and Khalidov, Vasil and Fernandez, Pierre and Haziza, Daniel and Massa, Francisco and El-Nouby, Alaaeldin and others},
  journal={TMLR},
  year={2024}
}

@article{kellenberger2024performance,
  title={The Performance and Potential of Deep Learning for Predicting Species Distributions},
  author={Kellenberger, Benjamin A and Winner, Kevin and Jetz, Walter},
  journal={bioRxiv},
  year={2024}
}

@misc{inatWeb,
  author = {iNaturalist},
  year = 2025,
  note = {https://www.inaturalist.org},
  urldate = {2025-01-01}
}

@misc{wikipedia,
  author = {Wikipedia},
  year = 2025,
  note = {https://www.wikipedia.org},
  urldate = {2025-01-01}
}


@article{mora2011many,
  title={How many species are there on Earth and in the ocean?},
  author={Mora, Camilo and Tittensor, Derek P and Adl, Sina and Simpson, Alastair GB and Worm, Boris},
  journal={PLoS Biology},
  year={2011}
}

@article{liu2024utilizing,
  title={Utilizing Geographical Distribution Statistical Data to Improve Zero-Shot Species Recognition},
  author={Liu, Lei and Han, Boxun and Chen, Feixiang and Mou, Chao and Xu, Fu},
  journal={Animals},
  year={2024}
}

@article{jetz2019essential,
  title={Essential biodiversity variables for mapping and monitoring species populations},
  author={Jetz, Walter and McGeoch, Melodie A and Guralnick, Robert and Ferrier, Simon and Beck, Jan and Costello, Mark J and Fernandez, Miguel and Geller, Gary N and Keil, Petr and Merow, Cory and others},
  journal={Nature ecology and evolution},
  year={2019}
}

@article{mantyka2012interactions,
  title={Interactions between climate and habitat loss effects on biodiversity: a systematic review and meta-analysis},
  author={Mantyka-pringle, Chrystal S and Martin, Tara G and Rhodes, Jonathan R},
  journal={Global Change Biology},
  year={2012}
}

@inproceedings{darcet2023vision,
  title={Vision transformers need registers},
  author={Darcet, Timoth{\'e}e and Oquab, Maxime and Mairal, Julien and Bojanowski, Piotr},
  booktitle={ICLR},
  year={2024}
}

@inproceedings{vaswani2017attention,
  title={Attention Is All You Need},
  author={Vaswani, Ashish and Shazeer, Noam and Parmar, Niki and Uszkoreit, Jakob and Jones, Llion and Gomez, Aidan N and Kaiser, Lukasz and Polosukhin, Illia},
  booktitle={NeurIPS},
  year={2017}
}


@article{geldmann2016determines,
  title={What determines spatial bias in citizen science? Exploring four recording schemes with different proficiency requirements},
  author={Geldmann, Jonas and Heilmann-Clausen, Jacob and Holm, Thomas E and Levinsky, Irina and Markussen, BO and Olsen, Kent and Rahbek, Carsten and T{\o}ttrup, Anders P},
  journal={Diversity and Distributions},
  year={2016}
}

@inproceedings{sastry2025taxabind,
    title={TaxaBind: A Unified Embedding Space for Ecological Applications},
    author={Sastry, Srikumar and Khanal, Subash and Dhakal, Aayush and Ahmad, Adeel and Jacobs, Nathan},
    booktitle={WACV},
    year={2025}
}

@article{He2015DeepRL,
  title={Deep Residual Learning for Image Recognition},
  author={Kaiming He and X. Zhang and Shaoqing Ren and Jian Sun},
  journal={CVPR},
  year={2015}
}

@misc{agarap2019deeplearningusingrectified,
      title={Deep Learning using Rectified Linear Units (ReLU)}, 
      author={Abien Fred Agarap},
      year={2019},
      eprint={1803.08375},
      archivePrefix={arXiv},
      primaryClass={cs.NE},
      url={https://arxiv.org/abs/1803.08375}, 
}

@inproceedings{pytorch,
title = {PyTorch: an imperative style, high-performance deep learning library},
author = {Paszke, Adam and Gross, Sam and Massa, Francisco and Lerer, Adam and Bradbury, James and Chanan, Gregory and Killeen, Trevor and Lin, Zeming and Gimelshein, Natalia and Antiga, Luca and Desmaison, Alban and K\"{o}pf, Andreas and Yang, Edward and DeVito, Zach and Raison, Martin and Tejani, Alykhan and Chilamkurthy, Sasank and Steiner, Benoit and Fang, Lu and Bai, Junjie and Chintala, Soumith},
year = {2019},
booktitle = {NeurIPS},
}

@inproceedings{Kingma2014AdamAM,
  title={Adam: A Method for Stochastic Optimization},
  author={Diederik P. Kingma and Jimmy Ba},
  booktitle={ICLR},
  year={2015}
}

@article{tancik2020fourierfeaturesletnetworks,
  title={Fourier features let networks learn high frequency functions in low dimensional domains},
  author={Tancik, Matthew and Srinivasan, Pratul and Mildenhall, Ben and Fridovich-Keil, Sara and Raghavan, Nithin and Singhal, Utkarsh and Ramamoorthi, Ravi and Barron, Jonathan and Ng, Ren},
  journal={NeurIPS},
  year={2020}
}

@article{mildenhall2020nerf,
  title={Nerf: Representing scenes as neural radiance fields for view synthesis},
  author={Mildenhall, Ben and Srinivasan, Pratul P and Tancik, Matthew and Barron, Jonathan T and Ramamoorthi, Ravi and Ng, Ren},
  journal={Communications of the ACM},
  year={2021}
}

@article{albert2018twenty,
  title={The twenty most charismatic species},
  author={Albert, C{\'e}line and Luque, Gloria M and Courchamp, Franck},
  journal={PloS one},
  year={2018}
}

@article{trimble2010species,
  title={Species inequality in scientific study},
  author={Trimble, Morgan J and Van Aarde, Rudi J},
  journal={Conservation biology},
  year={2010}
}

@article{parnami2022learning,
  title={Learning from few examples: A summary of approaches to few-shot learning},
  author={Parnami, Archit and Lee, Minwoo},
  journal={arXiv:2203.04291},
  year={2022}
}


@article{wang2020generalizing,
  title={Generalizing from a few examples: A survey on few-shot learning},
  author={Wang, Yaqing and Yao, Quanming and Kwok, James T and Ni, Lionel M},
  journal={ACM computing surveys},
  year={2020}
}

@inproceedings{prototypes,
author = {Snell, Jake and Swersky, Kevin and Zemel, Richard},
title = {Prototypical networks for few-shot learning},
year = {2017},
booktitle={NeurIPS},
}

@article{pedregosa2011scikit,
  title={Scikit-learn: Machine learning in Python},
  author={Pedregosa, Fabian and Varoquaux, Ga{\"e}l and Gramfort, Alexandre and Michel, Vincent and Thirion, Bertrand and Grisel, Olivier and Blondel, Mathieu and Prettenhofer, Peter and Weiss, Ron and Dubourg, Vincent and others},
  journal={JMLR},
  year={2011}
}

@inproceedings{van2021benchmarking,
  title={Benchmarking representation learning for natural world image collections},
  author={Van Horn, Grant and Cole, Elijah and Beery, Sara and Wilber, Kimberly and Belongie, Serge and Mac Aodha, Oisin},
  booktitle={CVPR},
  year={2021}
}

@article{FANG2024105171,
title = {EVA-02: A visual representation for neon genesis},
journal = {Image and Vision Computing},
year = {2024},
author = {Yuxin Fang and Quan Sun and Xinggang Wang and Tiejun Huang and Xinlong Wang and Yue Cao},
}

@article{fick2017worldclim,
  title={WorldClim 2: new 1-km spatial resolution climate surfaces for global land areas},
  author={Fick, Stephen E and Hijmans, Robert J},
  journal={International Journal of Climatology},
  year={2017}
}