@ARTICLE{10367777,
  author={Han, Huihui and Wang, Jian and Wang, Xiaowen},
  journal={IEEE Trans. Instrum. Meas.}, 
  title={Leveraging Knowledge Graph Reasoning in a Multihop Question Answering System for Hot Rolling Line Fault Diagnosis}, 
  year={2023},
  month={Dec.},
  volume={73},
  number={},
  pages={1-14},
}

@INPROCEEDINGS{10419797,
  author={Chen, Jiao and Mao, Fengjian and Lv, Zuohong and Tang, Jianhua},
  booktitle={IEEE International Conference on Communication Technology}, 
  title={{EdgeFD}: An Edge-Friendly Drift-Aware Fault Diagnosis System for Industrial {IoT}}, 
  year={2023},
  volume={},
  number={},
  pages={390-396},
  month={Oct.},
  address={Wuxi, China}
}

@ARTICLE{10520331,
  author={Qin, Yi and Zhang, Taisheng and Qian, Quan and Mao, Yongfang},
  journal={IEEE Trans. Instrum. Meas.}, 
  title={Large Model for Rotating Machine Fault Diagnosis Based on a Dense Connection Network With Depthwise Separable Convolution}, 
  year={2024},
  month={May},
  volume={73},
  number={},
  pages={1-12},
}

@ARTICLE{10571357,
  author={Qian, Quan and Luo, Jun and Qin, Yi},
  journal={IEEE Trans. Syst. Man Cybern.: Syst.}, 
  title={Heterogeneous Federated Domain Generalization Network With Common Representation Learning for Cross-Load Machinery Fault Diagnosis}, 
  year={2024},
  month={Sep.},
  volume={54},
  number={9},
  pages={5704-5716},
}

@ARTICLE{10750065,
  author={Lin, Huibin and Huang, Xiaofeng and Chen, Zhuyun and He, Guolin and Xi, Ciyang and Li, Weihua},
  journal={IEEE Trans. Neural Networks Learn. Syst.}, 
  title={Matching Pursuit Network: An Interpretable Sparse Timeâ€“Frequency Representation Method Toward Mechanical Fault Diagnosis}, 
  year={2024},
  month={Nov.},
  volume={},
  number={},
  pages={1-12},
  note={early access},
}

@article{achiam2023gpt,
  title={{GPT}-4 technical report},
  author={Achiam, Josh and Adler, Steven and Agarwal, Sandhini and Ahmad, Lama and Akkaya, Ilge and Aleman, Florencia Leoni and Almeida, Diogo and Altenschmidt, Janko and Altman, Sam and Anadkat, Shyamal and others},
  journal={arXiv preprint arXiv:2303.08774},
  year={2023}
}

@article{chiang2023vicuna,
  title={Vicuna: An open-source chatbot impressing {GPT}-4 with 90\%* chatgpt quality},
  author={Chiang, Wei-Lin and Li, Zhuohan and Lin, Zi and Sheng, Ying and Wu, Zhanghao and Zhang, Hao and Zheng, Lianmin and Zhuang, Siyuan and Zhuang, Yonghao and Gonzalez, Joseph E and others},
  url={https://vicuna.lmsys.org},
  year={2023}
}

@inproceedings{dosovitskiy2020image,
  title={An Image is Worth 16x16 Words: Transformers for Image Recognition at Scale},
  author={Dosovitskiy, Alexey and Beyer, Lucas and Kolesnikov, Alexander and Weissenborn, Dirk and Zhai, Xiaohua and Unterthiner, Thomas and Dehghani, Mostafa and Minderer, Matthias and Heigold, Georg and Gelly, Sylvain and others},
  booktitle={Proc. ICLR},
  year={2020},
  month={May},
  address={Virtual},
}

@article{gao2023llama,
  title={Llama-adapter v2: Parameter-efficient visual instruction model},
  author={Gao, Peng and Han, Jiaming and Zhang, Renrui and Lin, Ziyi and Geng, Shijie and Zhou, Aojun and Zhang, Wei and Lu, Pan and He, Conghui and Yue, Xiangyu and others},
  journal={arXiv preprint arXiv:2304.15010},
  year={2023}
}

@inproceedings{he2016deep,
  title={Deep residual learning for image recognition},
  author={He, Kaiming and Zhang, Xiangyu and Ren, Shaoqing and Sun, Jian},
  booktitle={Proc. CVPR},
  pages={770--778},
  year={2016},
  month={Jun.},
  address={Las Vegas, NV, USA}
}

@inproceedings{li2023blip,
  title={Blip-2: Bootstrapping language-image pre-training with frozen image encoders and large language models},
  author={Li, Junnan and Li, Dongxu and Savarese, Silvio and Hoi, Steven},
  booktitle={Proc. ICML},
  pages={19730--19742},
  year={2023},
  month={Jul.},
  address={Honolulu, HI, USA},
  organization={PMLR}
}

@inproceedings{liu2024visual,
  title={Visual instruction tuning},
  author={Liu, Haotian and Li, Chunyuan and Wu, Qingyang and Lee, Yong Jae},
  booktitle={Proc. NeurIPS},
  volume={36},
  year={2023},
  month={Dec.}, 
  address={New Orleans, LA, USA},
}

@article{lowenmark2021technical,
  title={Technical language supervision for intelligent fault diagnosis in process industry},
  author={L{\"o}wenmark, Karl and Taal, Cees and Schnabel, Stephan and Liwicki, Marcus and Sandin, Fredrik},
  journal={arXiv preprint arXiv:2112.07356},
  year={2021}
}

@article{shao2018highly,
  title={Highly accurate machine fault diagnosis using deep transfer learning},
  author={Shao, Siyu and McAleer, Stephen and Yan, Ruqiang and Baldi, Pierre},
  journal={IEEE Trans. Ind. Inf.},
  volume={15},
  number={4},
  pages={2446--2455},
  year={2018},
  month={Apr.},
}

@article{touvron2023llama,
  title={{LLAMA} 2: Open foundation and fine-tuned chat models},
  author={Touvron, Hugo and Martin, Louis and Stone, Kevin and Albert, Peter and Almahairi, Amjad and Babaei, Yasmine and Bashlykov, Nikolay and Batra, Soumya and Bhargava, Prajjwal and Bhosale, Shruti and others},
  journal={arXiv preprint arXiv:2307.09288},
  year={2023}
}

@article{zhang2017new,
  title={A new deep learning model for fault diagnosis with good anti-noise and domain adaptation ability on raw vibration signals},
  author={Zhang, Wei and Peng, Gaoliang and Li, Chuanhao and Chen, Yuanhang and Zhang, Zhujun},
  journal={Sensors},
  volume={17},
  number={2},
  pages={425},
  year={2017},
  month={Feb.},
}

@inproceedings{zhou2024one,
  title={One fits all: Power general time series analysis by pretrained lm},
  author={Zhou, Tian and Niu, Peisong and Sun, Liang and Jin, Rong and others},
  booktitle={Proc. NeurIPS},
  volume={36},
  year={2023},
  month={Dec.}, 
  address={New Orleans, LA, USA},
}

