% FedProx
@inproceedings{li2020federated,
  title={Federated optimization in heterogeneous networks},
  author={Li, Tian and Sahu, Anit Kumar and Zaheer, Manzil and Sanjabi, Maziar and Talwalkar, Ameet and Smith, Virginia},
  booktitle={Proceedings of Machine learning and systems},
  volume={2},
  pages={429--450},
  year={2020},
  month={Mar.},
  address={Austin, TX, USA}
}

% Metrics
@article{mirzadeh2020understanding,
  title={Understanding the role of training regimes in continual learning},
  author={Mirzadeh, Seyed Iman and Farajtabar, Mehrdad and Pascanu, Razvan and Ghasemzadeh, Hassan},
  journal={Advances in Neural Information Processing Systems},
  volume={33},
  pages={7308--7320},
  year={2020},
  month={Dec.},
  address={Virtual},
}

@inproceedings{elhoseiny2013write,
  title={Write a classifier: Zero-shot learning using purely textual descriptions},
  author={Elhoseiny, Mohamed and Saleh, Babak and Elgammal, Ahmed},
  booktitle={Proceedings of the IEEE International Conference on Computer Vision},
  pages={2584--2591},
  year={2013}
}

@article{lu2019vilbert,
  title={Vilbert: Pretraining task-agnostic visiolinguistic representations for vision-and-language tasks},
  author={Lu, Jiasen and Batra, Dhruv and Parikh, Devi and Lee, Stefan},
  journal={Advances in neural information processing systems},
  volume={32},
  year={2019}
}

@inproceedings{zhang2022contrastive,
  title={Contrastive learning of medical visual representations from paired images and text},
  author={Zhang, Yuhao and Jiang, Hang and Miura, Yasuhide and Manning, Christopher D and Langlotz, Curtis P},
  booktitle={Machine Learning for Healthcare Conference},
  pages={2--25},
  year={2022},
  organization={PMLR}
}

@inproceedings{desai2021virtex,
  title={Virtex: Learning visual representations from textual annotations},
  author={Desai, Karan and Johnson, Justin},
  booktitle={Proceedings of the IEEE/CVF conference on computer vision and pattern recognition},
  pages={11162--11173},
  year={2021}
}

@inproceedings{jia2021scaling,
  title={Scaling up visual and vision-language representation learning with noisy text supervision},
  author={Jia, Chao and Yang, Yinfei and Xia, Ye and Chen, Yi-Ting and Parekh, Zarana and Pham, Hieu and Le, Quoc and Sung, Yun-Hsuan and Li, Zhen and Duerig, Tom},
  booktitle={International conference on machine learning},
  pages={4904--4916},
  year={2021},
  organization={PMLR}
}

# GTN: gatee transformer network
@article{liu2021gated,
  title={Gated transformer networks for multivariate time series classification},
  author={Liu, Minghao and Ren, Shengqi and Ma, Siyuan and Jiao, Jiahui and Chen, Yizhou and Wang, Zhiguang and Song, Wei},
  url={https://arxiv.org/abs/2103.14438},
  year={2021}
}

@article{qiu2023converting,
  title={Converting ECG Signals to Images for Efficient Image-text Retrieval via Encoding},
  author={Qiu, Jielin and Zhu, Jiacheng and Liu, Shiqi and Han, William and Zhang, Jingqi and Duan, Chaojing and Rosenberg, Michael and Liu, Emerson and Weber, Douglas and Zhao, Ding},
  url={https://arxiv.org/abs/2304.06286},
  year={2023}
}

# TEST
@article{sun2023test,
  title={{TEST}: Text Prototype Aligned Embedding to Activate {LLM}'s Ability for Time Series},
  author={Sun, Chenxi and Li, Yaliang and Li, Hongyan and Hong, Shenda},
  journal={arXiv preprint arXiv:2308.08241},
  year={2023}
}

% CWRU datasets
@article{smith2015rolling,
  title={Rolling element bearing diagnostics using the Case Western Reserve University data: A benchmark study},
  author={Smith, Wade A and Randall, Robert B},
  journal = {Mechanical Systems and Signal Processing},
  volume={64-65},
  pages={100--131},
  year={2015},
  month={Jun.},
  publisher={Elsevier}
}

% PU datasets
@inproceedings{lessmeier2016condition,
  title={Condition monitoring of bearing damage in electromechanical drive systems by using motor current signals of electric motors: A benchmark data set for data-driven classification},
  author={Lessmeier, Christian and Kimotho, James Kuria and Zimmer, Detmar and Sextro, Walter},
  booktitle={Proc. PHM Society European Conference},
  volume={3},
  number={1},
  year={2016},
  month={Jul.}
}

# CLIP
@inproceedings{radford2021learning,
  title={Learning transferable visual models from natural language supervision},
  author={Radford, Alec and Kim, Jong Wook and Hallacy, Chris and Ramesh, Aditya and Goh, Gabriel and Agarwal, Sandhini and Sastry, Girish and Askell, Amanda and Mishkin, Pamela and Clark, Jack and others},
  booktitle={Proc. ICML},
  pages={8748--8763},
  year={2021},
  month={Jul.},
  address={Virtual}
}

# ImageBind
@inproceedings{girdhar2023imagebind,
  title={Imagebind: One embedding space to bind them all},
  author={Girdhar, Rohit and El-Nouby, Alaaeldin and Liu, Zhuang and Singh, Mannat and Alwala, Kalyan Vasudev and Joulin, Armand and Misra, Ishan},
  booktitle={Proc. CVPR},
  pages={15180--15190},
  year={2023},
  month={Jun.},
  address={Vancouver, Canada}
}

# Vicuna
@article{chiang2023vicuna,
  title={Vicuna: An open-source chatbot impressing {GPT}-4 with 90\%* chatgpt quality},
  author={Chiang, Wei-Lin and Li, Zhuohan and Lin, Zi and Sheng, Ying and Wu, Zhanghao and Zhang, Hao and Zheng, Lianmin and Zhuang, Siyuan and Zhuang, Yonghao and Gonzalez, Joseph E and others},
  url={https://vicuna.lmsys.org},
  year={2023}
}

@article{li2023chatgpt,
  title={{ChatGPT}-Like Large-Scale Foundation Models for Prognostics and Health Management: A Survey and Roadmaps},
  author={Li, Yan-Fu and Wang, Huan and Sun, Muxia},
  journal={Reliability Engineering \& System Safety},
  pages={109850},
  year={2023},
  month={Nov.},
}

@article{liu2023self,
  title={Self-supervised feature extraction via time--frequency contrast for intelligent fault diagnosis of rotating machinery},
  author={Liu, Yang and Wen, Weigang and Bai, Yihao and Meng, Qingzhou},
  journal={Measurement},
  volume={210},
  pages={112551},
  year={2023},
  month={Feb.},
}

@article{lowenmark2021technical,
  title={Technical language supervision for intelligent fault diagnosis in process industry},
  author={L{\"o}wenmark, Karl and Taal, Cees and Schnabel, Stephan and Liwicki, Marcus and Sandin, Fredrik},
  journal={arXiv preprint arXiv:2112.07356},
  year={2021}
}

@article{chen2019deep,
  title={A deep learning framework for time series classification using Relative Position Matrix and Convolutional Neural Network},
  author={Chen, Wei and Shi, Ke},
  journal={Neurocomputing},
  volume={359},
  pages={384--394},
  year={2019},
  month={Aug.}
}

# BLIP2
@inproceedings{li2023blip,
  title={Blip-2: Bootstrapping language-image pre-training with frozen image encoders and large language models},
  author={Li, Junnan and Li, Dongxu and Savarese, Silvio and Hoi, Steven},
  booktitle={Proc. ICML},
  pages={19730--19742},
  year={2023},
  month={Jul.},
  address={Honolulu, HI, USA},
  organization={PMLR}
}

# Flan-t5
@article{chung2022scaling,
  title={Scaling instruction-finetuned language models},
  author={Chung, Hyung Won and Hou, Le and Longpre, Shayne and Zoph, Barret and Tay, Yi and Fedus, William and Li, Yunxuan and Wang, Xuezhi and Dehghani, Mostafa and Brahma, Siddhartha and others},
  url={https://arxiv.org/abs/2210.11416},
  year={2022}
}
# Minigpt-4
@article{zhu2023minigpt,
  title={Minigpt-4: Enhancing vision-language understanding with advanced large language models},
  author={Zhu, Deyao and Chen, Jun and Shen, Xiaoqian and Li, Xiang and Elhoseiny, Mohamed},
  url={https://arxiv.org/abs/2304.10592},
  year={2023}
}

# pandagpt
@article{su2023pandagpt,
  title={Pandagpt: One model to instruction-follow them all},
  author={Su, Yixuan and Lan, Tian and Li, Huayang and Xu, Jialu and Wang, Yan and Cai, Deng},
  journal={arXiv preprint arXiv:2305.16355},
  year={2023}
}

% WDCNN
@article{zhang2017new,
  title={A new deep learning model for fault diagnosis with good anti-noise and domain adaptation ability on raw vibration signals},
  author={Zhang, Wei and Peng, Gaoliang and Li, Chuanhao and Chen, Yuanhang and Zhang, Zhujun},
  journal={Sensors},
  volume={17},
  number={2},
  pages={425},
  year={2017},
  month={Feb.},
}

@article{tao2023unsupervised,
  title={Unsupervised cross-domain rolling bearing fault diagnosis based on time-frequency information fusion},
  author={Tao, Hongfeng and Qiu, Jier and Chen, Yiyang and Stojanovic, Vladimir and Cheng, Long},
  journal={Journal of the Franklin Institute},
  volume={360},
  number={2},
  pages={1454--1477},
  year={2023},
  month={Jan.}
}

@article{jing2023electrical,
  title={Electrical Fault Diagnosis From Text Data: A Supervised Sentence Embedding Combined With Imbalanced Classification},
  author={Jing, Xiao and Wu, Zhiang and Zhang, Lu and Li, Zhe and Mu, Dejun},
  journal={IEEE Trans. Ind. Electron.},
  year={2023},
  month={Apr.},
}

% one fits all
@inproceedings{zhou2024one,
  title={One fits all: Power general time series analysis by pretrained lm},
  author={Zhou, Tian and Niu, Peisong and Sun, Liang and Jin, Rong and others},
  booktitle={Proc. NeurIPS},
  volume={36},
  year={2023},
  month={Dec.}, 
  address={New Orleans, LA, USA},
}

% Resnet
@inproceedings{he2016deep,
  title={Deep residual learning for image recognition},
  author={He, Kaiming and Zhang, Xiangyu and Ren, Shaoqing and Sun, Jian},
  booktitle={Proc. CVPR},
  pages={770--778},
  year={2016},
  month={Jun.},
  address={Las Vegas, NV, USA}
}

% ViT
@inproceedings{dosovitskiy2020image,
  title={An Image is Worth 16x16 Words: Transformers for Image Recognition at Scale},
  author={Dosovitskiy, Alexey and Beyer, Lucas and Kolesnikov, Alexander and Weissenborn, Dirk and Zhai, Xiaohua and Unterthiner, Thomas and Dehghani, Mostafa and Minderer, Matthias and Heigold, Georg and Gelly, Sylvain and others},
  booktitle={Proc. ICLR},
  year={2020},
  month={May},
  address={Virtual},
}

% Medical LLM 
@article{liu2023large,
  title={Large Language Models are Few-Shot Health Learners},
  author={Liu, Xin and McDuff, Daniel and Kovacs, Geza and Galatzer-Levy, Isaac and Sunshine, Jacob and Zhan, Jiening and Poh, Ming-Zher and Liao, Shun and Di Achille, Paolo and Patel, Shwetak},
  url={https://arxiv.org/abs/2305.15525},
  year={2023}
}

% control
@article{song2023pre,
  title={Pre-trained large language models for industrial control},
  author={Song, Lei and Zhang, Chuheng and Zhao, Li and Bian, Jiang},
  year={2023},
  url={https://arxiv.org/abs/2308.03028},
}

% llava
@inproceedings{liu2024visual,
  title={Visual instruction tuning},
  author={Liu, Haotian and Li, Chunyuan and Wu, Qingyang and Lee, Yong Jae},
  booktitle={Proc. NeurIPS},
  volume={36},
  year={2023},
  month={Dec.}, 
  address={New Orleans, LA, USA},
}

% Our TNSE
@ARTICLE{10102331,
  author={Chen, Jiao and Tang, Jianhua and Li, Weihua},
  journal={IEEE Trans. Network Sci. Eng.	}, 
  title={Industrial Edge Intelligence: Federated-Meta Learning Framework for Few-Shot Fault Diagnosis}, 
  year={2023},
  month={Nov.},
  volume={10},
  number={6},
  pages={3561-3573},
  doi={10.1109/TNSE.2023.3266942}
}

% DAWC
@INPROCEEDINGS{10419797,
  author={Chen, Jiao and Mao, Fengjian and Lv, Zuohong and Tang, Jianhua},
  booktitle={IEEE International Conference on Communication Technology}, 
  title={{EdgeFD}: An Edge-Friendly Drift-Aware Fault Diagnosis System for Industrial {IoT}}, 
  year={2023},
  volume={},
  number={},
  pages={390-396},
  month={Oct.},
  address={Wuxi, China}
}


@InProceedings{pmlr-v227-li24a,
  title = 	 {Frozen Language Model Helps ECG Zero-Shot Learning},
  author =       {Li, Jun and Liu, Che and Cheng, Sibo and Arcucci, Rossella and Hong, Shenda},
  booktitle = 	 {Medical Imaging with Deep Learning},
  pages = 	 {402--415},
  year = 	 {2024},
  month = 	 {Jul.},
}

% AnomalyGPT
@inproceedings{gu2024anomalygpt,
  title={Anomalygpt: Detecting industrial anomalies using large vision-language models},
  author={Gu, Zhaopeng and Zhu, Bingke and Zhu, Guibo and Chen, Yingying and Tang, Ming and Wang, Jinqiao},
  booktitle={Proc. AAAI},
  volume={38},
  number={3},
  pages={1932--1940},
  year={2024}
}

% CLIPSAM
@article{li2024clipsam,
  title={{ClipSAM}: CLIP and SAM Collaboration for Zero-Shot Anomaly Segmentation},
  author={Li, Shengze and Cao, Jianjian and Ye, Peng and Ding, Yuhan and Tu, Chongjun and Chen, Tao},
  journal={arXiv preprint arXiv:2401.12665},
  year={2024}
}

@article{lowenmark2022technical,
  title={Technical Language Supervision for Intelligent Fault Diagnosis in Process Industry},
  author={L{\"o}wenmark, Karl and Taal, Cees and Schnabel, Stephan and Liwicki, Marcus and Sandin, Fredrik},
  journal={International Journal of Prognostics and Health Management},
  volume={13},
  number={2},
  year={2022},
  month={Dec.},
  publisher={Prognostics and Health Management Society}
}

%transformer
@inproceedings{NIPS2017_3f5ee243,
 author = {Vaswani, Ashish and Shazeer, Noam and Parmar, Niki and Uszkoreit, Jakob and Jones, Llion and Gomez, Aidan N and Kaiser, \L ukasz and Polosukhin, Illia},
 booktitle = {Proc. NIPS},
 title = {Attention is All you Need},
 year = {2017},
 month = {Dec.},
 address = {Long Beach, CA, USA},
}

% PaLM
@article{chowdhery2023palm,
  title={Palm: Scaling language modeling with pathways},
  author={Chowdhery, Aakanksha and Narang, Sharan and Devlin, Jacob and Bosma, Maarten and Mishra, Gaurav and Roberts, Adam and Barham, Paul and Chung, Hyung Won and Sutton, Charles and Gehrmann, Sebastian and others},
  journal={Journal of Machine Learning Research},
  volume={24},
  number={240},
  pages={1--113},
  year={2023},
  month={},
}

% llama 2
@article{touvron2023llama,
  title={{LLAMA} 2: Open foundation and fine-tuned chat models},
  author={Touvron, Hugo and Martin, Louis and Stone, Kevin and Albert, Peter and Almahairi, Amjad and Babaei, Yasmine and Bashlykov, Nikolay and Batra, Soumya and Bhargava, Prajjwal and Bhosale, Shruti and others},
  journal={arXiv preprint arXiv:2307.09288},
  year={2023}
}

% gpt-4
@article{achiam2023gpt,
  title={{GPT}-4 technical report},
  author={Achiam, Josh and Adler, Steven and Agarwal, Sandhini and Ahmad, Lama and Akkaya, Ilge and Aleman, Florencia Leoni and Almeida, Diogo and Altenschmidt, Janko and Altman, Sam and Anadkat, Shyamal and others},
  journal={arXiv preprint arXiv:2303.08774},
  year={2023}
}

@article{fan2024embodied,
  title={Embodied intelligence in manufacturing: leveraging large language models for autonomous industrial robotics},
  author={Fan, Haolin and Liu, Xuan and Fuh, Jerry Ying Hsi and Lu, Wen Feng and Li, Bingbing},
  journal={Journal of Intelligent Manufacturing},
  pages={1--17},
  year={2024},
  month={Jan.},
  publisher={Springer}
}

@article{liang2024low,
  title={Low-Cost and Real-Time Industrial Human Action Recognitions Based on Large-Scale Foundation Models},
  author={Liang, Wensheng and Zhuang, Ruiyan and Shi, Xianwei and Li, Shuai and Wang, Zhicheng and Ma, Xiaoguang},
  url={https://arxiv.org/abs/2403.08420},
  year={2024}
}

% Huang ruyi 
@ARTICLE{8573572,
  author={Huang, Ruyi and Liao, Yixiao and Zhang, Shaohui and Li, Weihua},
  journal={IEEE Access},
  title={Deep Decoupling Convolutional Neural Network for Intelligent Compound Fault Diagnosis},
  year={2019},
  month={Dec.},
  volume={7},
  number={},
  pages={1848-1858},
  doi={10.1109/ACCESS.2018.2886343}}

@inproceedings{zhou2023anomalyclip,
  title={{AnomalyCLIP}: Object-agnostic Prompt Learning for Zero-shot Anomaly Detection},
  author={Zhou, Qihang and Pang, Guansong and Tian, Yu and He, Shibo and Chen, Jiming},
  booktitle={Proc. ICLR},
  year={2024}
}

% winclip
@inproceedings{jeong2023winclip,
  title={Winclip: Zero-/few-shot anomaly classification and segmentation},
  author={Jeong, Jongheon and Zou, Yang and Kim, Taewan and Zhang, Dongqing and Ravichandran, Avinash and Dabeer, Onkar},
  booktitle={Proc. CVPR},
  pages={19606--19616},
  year={2023},
  month={Jun.},
  address={Vancouver, Canada}
}

% adapter
@inproceedings{houlsby2019parameter,
  title={Parameter-efficient transfer learning for {NLP}},
  author={Houlsby, Neil and Giurgiu, Andrei and Jastrzebski, Stanislaw and Morrone, Bruna and De Laroussilhe, Quentin and Gesmundo, Andrea and Attariyan, Mona and Gelly, Sylvain},
  booktitle={Proc. ICML},
  pages={2790--2799},
  year={2019},
  month={Jun.},
  address={Long Beach, CA, USA},
}

@article{shao2018highly,
  title={Highly accurate machine fault diagnosis using deep transfer learning},
  author={Shao, Siyu and McAleer, Stephen and Yan, Ruqiang and Baldi, Pierre},
  journal={IEEE Trans. Ind. Inf.},
  volume={15},
  number={4},
  pages={2446--2455},
  year={2018},
  month={Apr.},
}

@article{liu2023visual,
  title={Visual Instruction Tuning},
  author={Liu, Haotian and Li, Chunyuan and Wu, Qingyang and Lee, Yong Jae},
  url={https://arxiv.org/abs/2304.08485},
  year={2023}
}

@ARTICLE{9786640,
  author={Zhou, Han and Yin, Hongpeng and Zhao, Dandan and Cai, Li},
  journal={IEEE Trans. Ind. Inf.}, 
  title={Incremental Learning and Conditional Drift Adaptation for Nonstationary Industrial Process Fault Diagnosis}, 
  year={2023},
  month={Apr.},
  volume={19},
  number={4},
  pages={5935-5944},
}

% TII
@ARTICLE{10463190,
  author={LIU, Peifeng and Qian, Lu and Zhao, Xingwei and Tao, Bo},
  journal={IEEE Trans. Ind. Inf.}, 
  title={Joint Knowledge Graph and Large Language Model for Fault Diagnosis and Its Application in Aviation Assembly}, 
  year={2024},
  volume={},
  number={},
  note={early access},
  pages={1-10},
}

@ARTICLE{9797052,
  author={Xu, Gaowei and Huang, Chenxi and Silva, Daniel Santos da and Albuquerque, Victor Hugo C. de},
  journal={IEEE Trans. Ind. Inf.}, 
  title={A Compressed Unsupervised Deep Domain Adaptation Model for Efficient Cross-Domain Fault Diagnosis}, 
  year={2023},
  volume={19},
  number={5},
  pages={6741-6749},
  month={May},
}

@article{radford2019language,
  title={Language models are unsupervised multitask learners},
  author={Radford, Alec and Wu, Jeffrey and Child, Rewon and Luan, David and Amodei, Dario and Sutskever, Ilya and others},
  journal={OpenAI blog},
  volume={1},
  number={8},
  pages={9},
  year={2019}
}

@article{jiang2023mistral,
  title={Mistral 7B},
  author={Jiang, Albert Q and Sablayrolles, Alexandre and Mensch, Arthur and Bamford, Chris and Chaplot, Devendra Singh and Casas, Diego de las and Bressand, Florian and Lengyel, Gianna and Lample, Guillaume and Saulnier, Lucile and others},
  journal={arXiv preprint arXiv:2310.06825},
  year={2023}
}

@article{huang2018bearing,
  title={Bearing vibration data collected under time-varying rotational speed conditions},
  author={Huang, Huan and Baddour, Natalie},
  journal={Data in brief},
  volume={21},
  pages={1745--1749},
  year={2018},
  publisher={Elsevier}
}

@article{li2020novel,
  title={A novel weighted adversarial transfer network for partial domain fault diagnosis of machinery},
  author={Li, Weihua and Chen, Zhuyun and He, Guolin},
  journal={IEEE Trans. Ind. Inf.},
  volume={17},
  number={3},
  pages={1753--1762},
  year={2020},
  month={Mar.},
}

@article{ma2023temporal,
  title={Temporal perceiving video-language pre-training},
  author={Ma, Fan and Jin, Xiaojie and Wang, Heng and Huang, Jingjia and Zhu, Linchao and Feng, Jiashi and Yang, Yi},
  journal={arXiv preprint arXiv:2301.07463},
  year={2023}
}

@article{ma2022weakly,
  title={Weakly supervised moment localization with decoupled consistent concept prediction},
  author={Ma, Fan and Zhu, Linchao and Yang, Yi},
  journal={International Journal of Computer Vision},
  volume={130},
  number={5},
  pages={1244--1258},
  year={2022},
  publisher={Springer}
}

@article{gao2023llama,
  title={Llama-adapter v2: Parameter-efficient visual instruction model},
  author={Gao, Peng and Han, Jiaming and Zhang, Renrui and Lin, Ziyi and Geng, Shijie and Zhou, Aojun and Zhang, Wei and Lu, Pan and He, Conghui and Yue, Xiangyu and others},
  journal={arXiv preprint arXiv:2304.15010},
  year={2023}
}

@article{yang2021multiple,
  title={Multiple knowledge representation for big data artificial intelligence: framework, applications, and case studies},
  author={Yang, Yi and Zhuang, Yueting and Pan, Yunhe},
  journal={Frontiers of Information Technology \& Electronic Engineering},
  volume={22},
  number={12},
  pages={1551--1558},
  year={2021},
  publisher={Springer}
}

@article{liu2024multi,
  title={Multi-scale quaternion CNN and BiGRU with cross self-attention feature fusion for fault diagnosis of bearing},
  author={Liu, Huanbai and Zhang, Fanlong and Tan, Yin and Huang, Lian and Li, Yan and Huang, Guoheng and Luo, Shenghong and Zeng, An},
  journal={Measurement Science and Technology},
  volume={35},
  number={8},
  pages={086138},
  year={2024},
  month={May},
}

% TIM
@ARTICLE{10750065,
  author={Lin, Huibin and Huang, Xiaofeng and Chen, Zhuyun and He, Guolin and Xi, Ciyang and Li, Weihua},
  journal={IEEE Trans. Neural Networks Learn. Syst.}, 
  title={Matching Pursuit Network: An Interpretable Sparse Time–Frequency Representation Method Toward Mechanical Fault Diagnosis}, 
  year={2024},
  month={Nov.},
  volume={},
  number={},
  pages={1-12},
  note={early access},
}

@ARTICLE{9552620,
  author={Zhao, Zhibin and Zhang, Qiyang and Yu, Xiaolei and Sun, Chuang and Wang, Shibin and Yan, Ruqiang and Chen, Xuefeng},
  journal={IEEE Trans. Instrum. Meas.}, 
  title={Applications of Unsupervised Deep Transfer Learning to Intelligent Fault Diagnosis: A Survey and Comparative Study}, 
  year={2021},
  month={Sep.},
  volume={70},
  number={},
  pages={1-28},
}


@ARTICLE{10520331,
  author={Qin, Yi and Zhang, Taisheng and Qian, Quan and Mao, Yongfang},
  journal={IEEE Trans. Instrum. Meas.}, 
  title={Large Model for Rotating Machine Fault Diagnosis Based on a Dense Connection Network With Depthwise Separable Convolution}, 
  year={2024},
  month={May},
  volume={73},
  number={},
  pages={1-12},
}

@ARTICLE{10367777,
  author={Han, Huihui and Wang, Jian and Wang, Xiaowen},
  journal={IEEE Trans. Instrum. Meas.}, 
  title={Leveraging Knowledge Graph Reasoning in a Multihop Question Answering System for Hot Rolling Line Fault Diagnosis}, 
  year={2023},
  month={Dec.},
  volume={73},
  number={},
  pages={1-14},
}

% TSMCS
@ARTICLE{10571357,
  author={Qian, Quan and Luo, Jun and Qin, Yi},
  journal={IEEE Trans. Syst. Man Cybern.: Syst.}, 
  title={Heterogeneous Federated Domain Generalization Network With Common Representation Learning for Cross-Load Machinery Fault Diagnosis}, 
  year={2024},
  month={Sep.},
  volume={54},
  number={9},
  pages={5704-5716},
}

@ARTICLE{10609509,
  author={Lin, Yan-Hui and Li, Gang-Hui},
  journal={IEEE Trans. Syst. Man Cybern.: Syst.}, 
  title={Uncertainty-Aware Fault Diagnosis Under Calibration}, 
  year={2024},
  month={Oct.},
  volume={54},
  number={10},
  pages={6469-6481},
}

@ARTICLE{10402554,
  author={Cao, Yunkang and Xu, Xiaohao and Sun, Chen and Gao, Liang and Shen, Weiming},
  journal={IEEE Trans. Syst. Man Cybern.: Syst.}, 
  title={BiaS: Incorporating Biased Knowledge to Boost Unsupervised Image Anomaly Localization}, 
  year={2024},
  month={Apr.},
  volume={54},
  number={4},
  pages={2342-2353},
  }

@ARTICLE{10529537,
  author={Chang, Cheng and Wang, Siqi and Zhang, Jiawei and Ge, Jingwei and Li, Li},
  journal={IEEE Trans. Syst. Man Cybern.: Syst.}, 
  title={LLMScenario: Large Language Model Driven Scenario Generation}, 
  year={2024},
  month={Nov.},
  volume={54},
  number={11},
  pages={6581-6594},
}








