@article{bellec2017deep,
  title={Deep rewiring: Training very sparse deep networks},
  author={Bellec, Guillaume and Kappel, David and Maass, Wolfgang and Legenstein, Robert},
  journal={arXiv preprint arXiv:1711.05136},
  year={2017}
}

@inproceedings{chen2022state,
  title={State transition of dendritic spines improves learning of sparse spiking neural networks},
  author={Chen, Yanqi and Yu, Zhaofei and Fang, Wei and Ma, Zhengyu and Huang, Tiejun and Tian, Yonghong},
  booktitle={International Conference on Machine Learning},
  pages={3701--3715},
  year={2022},
  organization={PMLR}
}

@inproceedings{chowdhury2021spatio,
  title={Spatio-temporal pruning and quantization for low-latency spiking neural networks},
  author={Chowdhury, Sayeed Shafayet and Garg, Isha and Roy, Kaushik},
  booktitle={2021 International Joint Conference on Neural Networks (IJCNN)},
  pages={1--9},
  year={2021},
  organization={IEEE}
}

@article{deng2021comprehensive,
  title={Comprehensive snn compression using admm optimization and activity regularization},
  author={Deng, Lei and Wu, Yujie and Hu, Yifan and Liang, Ling and Li, Guoqi and Hu, Xing and Ding, Yufei and Li, Peng and Xie, Yuan},
  journal={IEEE transactions on neural networks and learning systems},
  volume={34},
  number={6},
  pages={2791--2805},
  year={2021},
  publisher={IEEE}
}

@article{hu2024bitsnns,
  title={BitSNNs: Revisiting Energy-efficient Spiking Neural Networks},
  author={Hu, Yangfan and Zheng, Qian and Pan, Gang},
  journal={IEEE Transactions on Cognitive and Developmental Systems},
  year={2024},
  publisher={IEEE}
}

@article{li2024towards,
  title={Towards Efficient Deep Spiking Neural Networks Construction with Spiking Activity based Pruning},
  author={Li, Yaxin and Xu, Qi and Shen, Jiangrong and Xu, Hongming and Chen, Long and Pan, Gang},
  journal={arXiv preprint arXiv:2406.01072},
  year={2024}
}

@article{pei2023albsnn,
  title={ALBSNN: ultra-low latency adaptive local binary spiking neural network with accuracy loss estimator},
  author={Pei, Yijian and Xu, Changqing and Wu, Zili and Yang, Yintang},
  journal={Frontiers in Neuroscience},
  volume={17},
  pages={1225871},
  year={2023},
  publisher={Frontiers}
}

@article{rathi2018stdp,
  title={STDP-based pruning of connections and weight quantization in spiking neural networks for energy-efficient recognition},
  author={Rathi, Nitin and Panda, Priyadarshini and Roy, Kaushik},
  journal={IEEE Transactions on Computer-Aided Design of Integrated Circuits and Systems},
  volume={38},
  number={4},
  pages={668--677},
  year={2018},
  publisher={IEEE}
}

@inproceedings{roy2019scaling,
  title={Scaling deep spiking neural networks with binary stochastic activations},
  author={Roy, Deboleena and Chakraborty, Indranil and Roy, Kaushik},
  booktitle={2019 IEEE International Conference on Cognitive Computing (ICCC)},
  pages={50--58},
  year={2019},
  organization={IEEE}
}

@inproceedings{shi2023towards,
  title={Towards Energy Efficient Spiking Neural Networks: An Unstructured Pruning Framework},
  author={Shi, Xinyu and Ding, Jianhao and Hao, Zecheng and Yu, Zhaofei},
  booktitle={The Twelfth International Conference on Learning Representations},
  year={2024}
}

@article{sorbaro2020optimizing,
  title={Optimizing the energy consumption of spiking neural networks for neuromorphic applications},
  author={Sorbaro, Martino and Liu, Qian and Bortone, Massimo and Sheik, Sadique},
  journal={Frontiers in neuroscience},
  volume={14},
  pages={516916},
  year={2020},
  publisher={Frontiers}
}

@article{wang2020deep,
  title={Deep spiking neural networks with binary weights for object recognition},
  author={Wang, Yixuan and Xu, Yang and Yan, Rui and Tang, Huajin},
  journal={IEEE Transactions on Cognitive and Developmental Systems},
  volume={13},
  number={3},
  pages={514--523},
  year={2020},
  publisher={IEEE}
}

@article{wang2024ternary,
  title={Ternary spike-based neuromorphic signal processing system},
  author={Wang, Shuai and Zhang, Dehao and Belatreche, Ammar and Xiao, Yichen and Qing, Hongyu and We, Wenjie and Zhang, Malu and Yang, Yang},
  journal={arXiv preprint arXiv:2407.05310},
  year={2024}
}

@article{wei2024q,
  title={Q-SNNs: Quantized Spiking Neural Networks},
  author={Wei, Wenjie and Liang, Yu and Belatreche, Ammar and Xiao, Yichen and Cao, Honglin and Ren, Zhenbang and Wang, Guoqing and Zhang, Malu and Yang, Yang},
  journal={arXiv preprint arXiv:2406.13672},
  year={2024}
}

@inproceedings{yin2021energy,
  title={Energy-efficient models for high-dimensional spike train classification using sparse spiking neural networks},
  author={Yin, Hang and Lee, John Boaz and Kong, Xiangnan and Hartvigsen, Thomas and Xie, Sihong},
  booktitle={Proceedings of the 27th ACM SIGKDD conference on knowledge discovery \& data mining},
  pages={2017--2025},
  year={2021}
}

@inproceedings{yin2024mint,
  title={MINT: Multiplier-less INTeger Quantization for Energy Efficient Spiking Neural Networks},
  author={Yin, Ruokai and Li, Yuhang and Moitra, Abhishek and Panda, Priyadarshini},
  booktitle={2024 29th Asia and South Pacific Design Automation Conference (ASP-DAC)},
  pages={830--835},
  year={2024},
  organization={IEEE}
}

