@article{xiao2022online,
  title={Online training through time for spiking neural networks},
  author={Xiao, Mingqing and Meng, Qingyan and Zhang, Zongpeng and He, Di and Lin, Zhouchen},
  journal={Advances in neural information processing systems},
  volume={35},
  pages={20717--20730},
  year={2022}
}
@inproceedings{wei2023temporal,
  title={Temporal-coded spiking neural networks with dynamic firing threshold: Learning with event-driven backpropagation},
  author={Wei, Wenjie and Zhang, Malu and Qu, Hong and Belatreche, Ammar and Zhang, Jian and Chen, Hong},
  booktitle={Proceedings of the IEEE/CVF International Conference on Computer Vision},
  pages={10552--10562},
  year={2023}
}

@article{wu2018spatio,
  title={Spatio-temporal backpropagation for training high-performance spiking neural networks},
  author={Wu, Yujie and Deng, Lei and Li, Guoqi and Zhu, Jun and Shi, Luping},
  journal={Frontiers in neuroscience},
  volume={12},
  pages={331},
  year={2018},
  publisher={Frontiers Media SA}
}

@article{wang2024universal,
  title={A universal ANN-to-SNN framework for achieving high accuracy and low latency deep Spiking Neural Networks},
  author={Wang, Yuchen and Liu, Hanwen and Zhang, Malu and Luo, Xiaoling and Qu, Hong},
  journal={Neural Networks},
  volume={174},
  pages={106244},
  year={2024},
  publisher={Elsevier}
}

@inproceedings{li2021free,
  title={A free lunch from ANN: Towards efficient, accurate spiking neural networks calibration},
  author={Li, Yuhang and Deng, Shikuang and Dong, Xin and Gong, Ruihao and Gu, Shi},
  booktitle={International conference on machine learning},
  pages={6316--6325},
  year={2021},
  organization={PMLR}
}

@article{hu2023fast,
  title={Fast-SNN: fast spiking neural network by converting quantized ANN},
  author={Hu, Yangfan and Zheng, Qian and Jiang, Xudong and Pan, Gang},
  journal={IEEE Transactions on Pattern Analysis and Machine Intelligence},
  year={2023},
  publisher={IEEE}
}

@incollection{Bengio+chapter2007,
author = {Bengio, Yoshua and LeCun, Yann},
booktitle = {Large Scale Kernel Machines},
publisher = {MIT Press},
title = {Scaling Learning Algorithms Towards {AI}},
year = {2007}
}

@article{Hinton06,
author = {Hinton, Geoffrey E. and Osindero, Simon and Teh, Yee Whye},
journal = {Neural Computation},
pages = {1527--1554},
title = {A Fast Learning Algorithm for Deep Belief Nets},
volume = {18},
year = {2006}
}

@book{goodfellow2016deep,
title={Deep learning},
author={Goodfellow, Ian and Bengio, Yoshua and Courville, Aaron and Bengio, Yoshua},
volume={1},
year={2016},
publisher={MIT Press}
}

@article{akopyan2015truenorth,
  title={Truenorth: Design and tool flow of a 65 mw 1 million neuron programmable neurosynaptic chip},
  author={Akopyan, Filipp and Sawada, Jun and Cassidy, Andrew and Alvarez-Icaza, Rodrigo and Arthur, John and Merolla, Paul and Imam, Nabil and Nakamura, Yutaka and Datta, Pallab and Nam, Gi-Joon and others},
  journal={IEEE transactions on computer-aided design of integrated circuits and systems},
  volume={34},
  number={10},
  pages={1537--1557},
  year={2015},
  publisher={IEEE}
}

@article{pei2019towards,
  title={Towards artificial general intelligence with hybrid Tianjic chip architecture},
  author={Pei, Jing and Deng, Lei and Song, Sen and Zhao, Mingguo and Zhang, Youhui and Wu, Shuang and Wang, Guanrui and Zou, Zhe and Wu, Zhenzhi and He, Wei and others},
  journal={Nature},
  volume={572},
  number={7767},
  pages={106--111},
  year={2019},
  publisher={Nature Publishing Group UK London}
}

@article{davies2018loihi,
  title={Loihi: A neuromorphic manycore processor with on-chip learning},
  author={Davies, Mike and Srinivasa, Narayan and Lin, Tsung-Han and Chinya, Gautham and Cao, Yongqiang and Choday, Sri Harsha and Dimou, Georgios and Joshi, Prasad and Imam, Nabil and Jain, Shweta and others},
  journal={Ieee Micro},
  volume={38},
  number={1},
  pages={82--99},
  year={2018},
  publisher={IEEE}
}

@inproceedings{schemmel2010wafer,
  title={A wafer-scale neuromorphic hardware system for large-scale neural modeling},
  author={Schemmel, Johannes and Br{\"u}derle, Daniel and Gr{\"u}bl, Andreas and Hock, Matthias and Meier, Karlheinz and Millner, Sebastian},
  booktitle={2010 ieee international symposium on circuits and systems (iscas)},
  pages={1947--1950},
  year={2010},
  organization={IEEE}
}


@inproceedings{roy2019scaling,
  title={Scaling deep spiking neural networks with binary stochastic activations},
  author={Roy, Deboleena and Chakraborty, Indranil and Roy, Kaushik},
  booktitle={2019 IEEE International Conference on Cognitive Computing (ICCC)},
  pages={50--58},
  year={2019},
  organization={IEEE}
}

@article{wang2020deep,
  title={Deep spiking neural networks with binary weights for object recognition},
  author={Wang, Yixuan and Xu, Yang and Yan, Rui and Tang, Huajin},
  journal={IEEE Transactions on Cognitive and Developmental Systems},
  volume={13},
  number={3},
  pages={514--523},
  year={2020},
  publisher={IEEE}
}

@article{lu2020exploring,
  title={Exploring the connection between binary and spiking neural networks},
  author={Lu, Sen and Sengupta, Abhronil},
  journal={Frontiers in neuroscience},
  volume={14},
  pages={540201},
  year={2020},
  publisher={Frontiers}
}

@inproceedings{jang2021bisnn,
  title={BiSNN: training spiking neural networks with binary weights via bayesian learning},
  author={Jang, Hyeryung and Skatchkovsky, Nicolas and Simeone, Osvaldo},
  booktitle={2021 IEEE Data Science and Learning Workshop (DSLW)},
  pages={1--6},
  year={2021},
  organization={IEEE}
}

@article{kheradpisheh2022bs4nn,
  title={Bs4nn: Binarized spiking neural networks with temporal coding and learning},
  author={Kheradpisheh, Saeed Reza and Mirsadeghi, Maryam and Masquelier, Timoth{\'e}e},
  journal={Neural Processing Letters},
  volume={54},
  number={2},
  pages={1255--1273},
  year={2022},
  publisher={Springer}
}

@article{deng2021comprehensive,
  title={Comprehensive snn compression using admm optimization and activity regularization},
  author={Deng, Lei and Wu, Yujie and Hu, Yifan and Liang, Ling and Li, Guoqi and Hu, Xing and Ding, Yufei and Li, Peng and Xie, Yuan},
  journal={IEEE transactions on neural networks and learning systems},
  volume={34},
  number={6},
  pages={2791--2805},
  year={2021},
  publisher={IEEE}
}

@article{sorbaro2020optimizing,
  title={Optimizing the energy consumption of spiking neural networks for neuromorphic applications},
  author={Sorbaro, Martino and Liu, Qian and Bortone, Massimo and Sheik, Sadique},
  journal={Frontiers in neuroscience},
  volume={14},
  pages={516916},
  year={2020},
  publisher={Frontiers}
}

@article{pei2023albsnn,
  title={ALBSNN: ultra-low latency adaptive local binary spiking neural network with accuracy loss estimator},
  author={Pei, Yijian and Xu, Changqing and Wu, Zili and Yang, Yintang},
  journal={Frontiers in Neuroscience},
  volume={17},
  pages={1225871},
  year={2023},
  publisher={Frontiers}
}

@article{schaefer2023hardware,
  title={The hardware impact of quantization and pruning for weights in spiking neural networks},
  author={Schaefer, Clemens JS and Taheri, Pooria and Horeni, Mark and Joshi, Siddharth},
  journal={IEEE Transactions on Circuits and Systems II: Express Briefs},
  year={2023},
  publisher={IEEE}
}

@article{qiao2021direct,
  title={Direct training of hardware-friendly weight binarized spiking neural network with surrogate gradient learning towards spatio-temporal event-based dynamic data recognition},
  author={Qiao, GC and Ning, Ning and Zuo, Yue and Hu, SG and Yu, Qi and Liu, Yecheng},
  journal={Neurocomputing},
  volume={457},
  pages={203--213},
  year={2021},
  publisher={Elsevier}
}

@inproceedings{chowdhury2021spatio,
  title={Spatio-temporal pruning and quantization for low-latency spiking neural networks},
  author={Chowdhury, Sayeed Shafayet and Garg, Isha and Roy, Kaushik},
  booktitle={2021 International Joint Conference on Neural Networks (IJCNN)},
  pages={1--9},
  year={2021},
  organization={IEEE}
}

@inproceedings{yin2024mint,
  title={MINT: Multiplier-less INTeger Quantization for Energy Efficient Spiking Neural Networks},
  author={Yin, Ruokai and Li, Yuhang and Moitra, Abhishek and Panda, Priyadarshini},
  booktitle={2024 29th Asia and South Pacific Design Automation Conference (ASP-DAC)},
  pages={830--835},
  year={2024},
  organization={IEEE}
}

@article{yao2023attention,
  title={Attention spiking neural networks},
  author={Yao, Man and Zhao, Guangshe and Zhang, Hengyu and Hu, Yifan and Deng, Lei and Tian, Yonghong and Xu, Bo and Li, Guoqi},
  journal={IEEE transactions on pattern analysis and machine intelligence},
  year={2023},
  publisher={IEEE}
}

@article{zhu2023spikegpt,
  title={Spikegpt: Generative pre-trained language model with spiking neural networks},
  author={Zhu, Rui-Jie and Zhao, Qihang and Li, Guoqi and Eshraghian, Jason K},
  journal={arXiv preprint arXiv:2302.13939},
  year={2023}
}

@article{yin2023workload,
  title={Workload-balanced pruning for sparse spiking neural networks},
  author={Yin, Ruokai and Kim, Youngeun and Li, Yuhang and Moitra, Abhishek and Satpute, Nitin and Hambitzer, Anna and Panda, Priyadarshini},
  journal={arXiv preprint arXiv:2302.06746},
  year={2023}
}

@article{chen2021pruning,
  title={Pruning of deep spiking neural networks through gradient rewiring},
  author={Chen, Yanqi and Yu, Zhaofei and Fang, Wei and Huang, Tiejun and Tian, Yonghong},
  journal={arXiv preprint arXiv:2105.04916},
  year={2021}
}

@article{deng2023tensor,
  title={Tensor Decomposition Based Attention Module for Spiking Neural Networks},
  author={Deng, Haoyu and Zhu, Ruijie and Qiu, Xuerui and Duan, Yule and Zhang, Malu and Deng, Liangjian},
  journal={arXiv preprint arXiv:2310.14576},
  year={2023}
}

@article{lee2024tt,
  title={TT-SNN: Tensor Train Decomposition for Efficient Spiking Neural Network Training},
  author={Lee, Donghyun and Yin, Ruokai and Kim, Youngeun and Moitra, Abhishek and Li, Yuhang and Panda, Priyadarshini},
  journal={arXiv preprint arXiv:2401.08001},
  year={2024}
}

@inproceedings{kushawaha2021distilling,
  title={Distilling spikes: Knowledge distillation in spiking neural networks},
  author={Kushawaha, Ravi Kumar and Kumar, Saurabh and Banerjee, Biplab and Velmurugan, Rajbabu},
  booktitle={2020 25th International Conference on Pattern Recognition (ICPR)},
  pages={4536--4543},
  year={2021},
  organization={IEEE}
}

@inproceedings{takuya2021training,
  title={Training low-latency spiking neural network through knowledge distillation},
  author={Takuya, Sugahara and Zhang, Renyuan and Nakashima, Yasuhiko},
  booktitle={2021 IEEE Symposium in Low-Power and High-Speed Chips (COOL CHIPS)},
  pages={1--3},
  year={2021},
  organization={IEEE}
}

@article{xu2023biologically,
  title={Biologically inspired structure learning with reverse knowledge distillation for spiking neural networks},
  author={Xu, Qi and Li, Yaxin and Fang, Xuanye and Shen, Jiangrong and Liu, Jian K and Tang, Huajin and Pan, Gang},
  journal={arXiv preprint arXiv:2304.09500},
  year={2023}
}

@inproceedings{wang2023spatial,
  title={Spatial-temporal self-attention for asynchronous spiking neural networks},
  author={Wang, Yuchen and Shi, Kexin and Lu, Chengzhuo and Liu, Yuguo and Zhang, Malu and Qu, Hong},
  booktitle={Proceedings of the Thirty-Second International Joint Conference on Artificial Intelligence, IJCAI-23},
  volume={8},
  pages={3085--3093},
  year={2023}
}

@article{bal2023spikingbert,
  title={Spikingbert: Distilling bert to train spiking language models using implicit differentiation},
  author={Bal, Malyaban and Sengupta, Abhronil},
  journal={arXiv preprint arXiv:2308.10873},
  year={2023}
}

@inproceedings{su2023deep,
  title={Deep directly-trained spiking neural networks for object detection},
  author={Su, Qiaoyi and Chou, Yuhong and Hu, Yifan and Li, Jianing and Mei, Shijie and Zhang, Ziyang and Li, Guoqi},
  booktitle={Proceedings of the IEEE/CVF International Conference on Computer Vision},
  pages={6555--6565},
  year={2023}
}

@inproceedings{kim2020spiking,
  title={Spiking-yolo: spiking neural network for energy-efficient object detection},
  author={Kim, Seijoon and Park, Seongsik and Na, Byunggook and Yoon, Sungroh},
  booktitle={Proceedings of the AAAI conference on artificial intelligence},
  volume={34},
  number={07},
  pages={11270--11277},
  year={2020}
}
@article{hu2024advancing,
  title={Advancing Spiking Neural Networks Toward Deep Residual Learning},
  author={Hu, Yifan and Deng, Lei and Wu, Yujie and Yao, Man and Li, Guoqi},
  journal={IEEE Transactions on Neural Networks and Learning Systems},
  year={2024},
  publisher={IEEE}
}
@article{liu2024lite,
  title={LitE-SNN: Designing Lightweight and Efficient Spiking Neural Network through Spatial-Temporal Compressive Network Search and Joint Optimization},
  author={Liu, Qianhui and Yan, Jiaqi and Zhang, Malu and Pan, Gang and Li, Haizhou},
  journal={arXiv preprint arXiv:2401.14652},
  year={2024}
}
@article{putra2024spikenas,
  title={SpikeNAS: A Fast Memory-Aware Neural Architecture Search Framework for Spiking Neural Network Systems},
  author={Putra, Rachmad Vidya Wicaksana and Shafique, Muhammad},
  journal={arXiv preprint arXiv:2402.11322},
  year={2024}
}

@inproceedings{chowdhury2022towards,
  title={Towards ultra low latency spiking neural networks for vision and sequential tasks using temporal pruning},
  author={Chowdhury, Sayeed Shafayet and Rathi, Nitin and Roy, Kaushik},
  booktitle={European Conference on Computer Vision},
  pages={709--726},
  year={2022},
  organization={Springer}
}

@inproceedings{chen2022state,
  title={State transition of dendritic spines improves learning of sparse spiking neural networks},
  author={Chen, Yanqi and Yu, Zhaofei and Fang, Wei and Ma, Zhengyu and Huang, Tiejun and Tian, Yonghong},
  booktitle={International Conference on Machine Learning},
  pages={3701--3715},
  year={2022},
  organization={PMLR}
}
@article{maass1997networks,
  title={Networks of spiking neurons: the third generation of neural network models},
  author={Maass, Wolfgang},
  journal={Neural networks},
  volume={10},
  number={9},
  pages={1659--1671},
  year={1997},
  publisher={Elsevier}
}
@article{debole2019truenorth,
  title={TrueNorth: Accelerating from zero to 64 million neurons in 10 years},
  author={DeBole, Michael V and Taba, Brian and Amir, Arnon and Akopyan, Filipp and Andreopoulos, Alexander and Risk, William P and Kusnitz, Jeff and Otero, Carlos Ortega and Nayak, Tapan K and Appuswamy, Rathinakumar and others},
  journal={Computer},
  volume={52},
  number={5},
  pages={20--29},
  year={2019},
  publisher={IEEE}
}

@article{lee2021energy,
  title={Energy-efficient knowledge distillation for spiking neural networks},
  author={Lee, Dongjin and Park, Seongsik and Kim, Jongwan and Doh, Wuhyeong and Yoon, Sungroh},
  journal={arXiv preprint arXiv:2106.07172},
  year={2021}
}

@article{dong2024temporal,
  title={Temporal knowledge sharing enable spiking neural network learning from past and future},
  author={Dong, Yiting and Zhao, Dongcheng and Zeng, Yi},
  journal={IEEE Transactions on Artificial Intelligence},
  year={2024},
  publisher={IEEE}
}

@article{guo2023joint,
  title={Joint a-snn: Joint training of artificial and spiking neural networks via self-distillation and weight factorization},
  author={Guo, Yufei and Peng, Weihang and Chen, Yuanpei and Zhang, Liwen and Liu, Xiaode and Huang, Xuhui and Ma, Zhe},
  journal={Pattern Recognition},
  volume={142},
  pages={109639},
  year={2023},
  publisher={Elsevier}
}

@inproceedings{na2022autosnn,
  title={Autosnn: Towards energy-efficient spiking neural networks},
  author={Na, Byunggook and Mok, Jisoo and Park, Seongsik and Lee, Dongjin and Choe, Hyeokjun and Yoon, Sungroh},
  booktitle={International Conference on Machine Learning},
  pages={16253--16269},
  year={2022},
  organization={PMLR}
}

@article{che2022differentiable,
  title={Differentiable hierarchical and surrogate gradient search for spiking neural networks},
  author={Che, Kaiwei and Leng, Luziwei and Zhang, Kaixuan and Zhang, Jianguo and Meng, Qinghu and Cheng, Jie and Guo, Qinghai and Liao, Jianxing},
  journal={Advances in Neural Information Processing Systems},
  volume={35},
  pages={24975--24990},
  year={2022}
}

@inproceedings{kim2022neural,
  title={Neural architecture search for spiking neural networks},
  author={Kim, Youngeun and Li, Yuhang and Park, Hyoungseob and Venkatesha, Yeshwanth and Panda, Priyadarshini},
  booktitle={European Conference on Computer Vision},
  pages={36--56},
  year={2022},
  organization={Springer}
}

@inproceedings{kim2022exploring,
  title={Exploring lottery ticket hypothesis in spiking neural networks},
  author={Kim, Youngeun and Li, Yuhang and Park, Hyoungseob and Venkatesha, Yeshwanth and Yin, Ruokai and Panda, Priyadarshini},
  booktitle={European Conference on Computer Vision},
  pages={102--120},
  year={2022},
  organization={Springer}
}

 @article{Hodgkin_Huxley,  
 title={A quantitative description of membrane current and its application to conduction and excitation in nerve}, 
 url={http://dx.doi.org/10.1113/jphysiol.1952.sp004764}, 
 DOI={10.1113/jphysiol.1952.sp004764}, 
 journal={The Journal of Physiology}, 
 author={Hodgkin, A. L. and Huxley, A. F.}, 
 pages={500–544}
 }

@article{izhikevich2003simple,
  title={Simple model of spiking neurons},
  author={Izhikevich, Eugene M},
  journal={IEEE Transactions on neural networks},
  volume={14},
  number={6},
  pages={1569--1572},
  year={2003},
  publisher={IEEE}
}

@inproceedings{wu2019direct,
  title={Direct training for spiking neural networks: Faster, larger, better},
  author={Wu, Yujie and Deng, Lei and Li, Guoqi and Zhu, Jun and Xie, Yuan and Shi, Luping},
  booktitle={Proceedings of the AAAI conference on artificial intelligence},
  volume={33},
  number={01},
  pages={1311--1318},
  year={2019}
}

@article{esser2016cover,
  title={From the cover: Convolutional networks for fast, energy-efficient neuromorphic computing},
  author={Esser, Steven K and Merolla, Paul A and Arthur, John V and Cassidy, Andrew S and Appuswamy, Rathinakumar and Andreopoulos, Alexander and Berg, David J and McKinstry, Jeffrey L and Melano, Timothy and Barch, Davis R and others},
  journal={Proceedings of the National Academy of Sciences of the United States of America},
  volume={113},
  number={41},
  pages={11441},
  year={2016},
  publisher={National Academy of Sciences}
}
@inproceedings{qiu2024gated,
  title={Gated attention coding for training high-performance and efficient spiking neural networks},
  author={Qiu, Xuerui and Zhu, Rui-Jie and Chou, Yuhong and Wang, Zhaorui and Deng, Liang-jian and Li, Guoqi},
  booktitle={Proceedings of the AAAI Conference on Artificial Intelligence},
  volume={38},
  number={1},
  pages={601--610},
  year={2024}
}
@article{hu2024high,
  title={High-Performance Temporal Reversible Spiking Neural Networks with $ O (L) $ Training Memory and $ O (1) $ Inference Cost},
  author={Hu, JiaKui and Yao, Man and Qiu, Xuerui and Chou, Yuhong and Cai, Yuxuan and Qiao, Ning and Tian, Yonghong and Xu, Bo and Li, Guoqi},
  journal={arXiv preprint arXiv:2405.16466},
  year={2024}
}

@article{wei2024event,
  title={Event-Driven Learning for Spiking Neural Networks},
  author={Wei, Wenjie and Zhang, Malu and Zhang, Jilin and Belatreche, Ammar and Wu, Jibin and Xu, Zijing and Qiu, Xuerui and Chen, Hong and Yang, Yang and Li, Haizhou},
  journal={arXiv preprint arXiv:2403.00270},
  year={2024}
}

@article{deng2022temporal,
  title={Temporal efficient training of spiking neural network via gradient re-weighting},
  author={Deng, Shikuang and Li, Yuhang and Zhang, Shanghang and Gu, Shi},
  journal={arXiv preprint arXiv:2202.11946},
  year={2022}
}

@inproceedings{rastegari2016xnor,
  title={Xnor-net: Imagenet classification using binary convolutional neural networks},
  author={Rastegari, Mohammad and Ordonez, Vicente and Redmon, Joseph and Farhadi, Ali},
  booktitle={European conference on computer vision},
  pages={525--542},
  year={2016},
  organization={Springer}
}

@article{Rueckauer2017conversion,
  author = {Rueckauer, Bodo and Lungu, Iulia-Alexandra and Hu, Yuhuang and Pfeiffer, Michael and Liu, Shih-Chii},
  year = {2017},
  month = {12},
  pages = {},
  title = {Conversion of Continuous-Valued Deep Networks to Efficient Event-Driven Networks for Image Classification},
  volume = {11},
  journal = {Frontiers in Neuroscience},
  doi = {10.3389/fnins.2017.00682}
}


@inproceedings{zhou2021ste,
  title = "Temporal-Coded Deep Spiking Neural Network with Easy Training and Robust Performance",
  author = "Shibo Zhou and Xiaohua Li and Ying Chen and Chandrasekaran, {Sanjeev T.} and Arindam Sanyal",
  year = "2021",
  language = "English (US)",
  series = "35th AAAI Conference on Artificial Intelligence, AAAI 2021",
  publisher = "Association for the Advancement of Artificial Intelligence",
  pages = "11143--11151",
  booktitle = "35th AAAI Conference on Artificial Intelligence, AAAI 2021",
}

@article{yoo2023cbp,
  author={Yoo, Donghyung and Jeong, Doo Seok},
  journal={IEEE Journal on Emerging and Selected Topics in Circuits and Systems}, 
  title={CBP-QSNN: Spiking Neural Networks Quantized Using Constrained Backpropagation}, 
  year={2023},
  volume={13},
  number={4},
  pages={1137-1146},
  keywords={Lagrangian functions;Training;Program processors;Neuromorphics;Backpropagation;System-on-chip;Neurons;Quantized spiking neural network;constrained backpropagation;binary weight;Lagrange multiplier method;weight constraint},
  doi={10.1109/JETCAS.2023.3328911}}


@article{lu2020bwn,
  AUTHOR={Lu, Sen  and Sengupta, Abhronil },
  TITLE={Exploring the Connection Between Binary and Spiking Neural Networks},
  JOURNAL={Frontiers in Neuroscience},
  VOLUME={14},
  YEAR={2020},
  DOI={10.3389/fnins.2020.00535},
  ISSN={1662-453X},
}

@article{xiao2017fashion,
  title={Fashion-mnist: a novel image dataset for benchmarking machine learning algorithms},
  author={Xiao, Han and Rasul, Kashif and Vollgraf, Roland},
  journal={arXiv preprint arXiv:1708.07747},
  year={2017}
}

@article{krizhevsky2009learning,
  title={Learning multiple layers of features from tiny images},
  author={Krizhevsky, Alex and Hinton, Geoffrey and others},
  year={2009},
  publisher={Toronto, ON, Canada}
}

@article{orchard2015converting,
  title={Converting static image datasets to spiking neuromorphic datasets using saccades},
  author={Orchard, Garrick and Jayawant, Ajinkya and Cohen, Gregory K and Thakor, Nitish},
  journal={Frontiers in neuroscience},
  volume={9},
  pages={159859},
  year={2015},
  publisher={Frontiers}
}

@inproceedings{amir2017low,
  title={A low power, fully event-based gesture recognition system},
  author={Amir, Arnon and Taba, Brian and Berg, David and Melano, Timothy and McKinstry, Jeffrey and Di Nolfo, Carmelo and Nayak, Tapan and Andreopoulos, Alexander and Garreau, Guillaume and Mendoza, Marcela and others},
  booktitle={Proceedings of the IEEE conference on computer vision and pattern recognition},
  pages={7243--7252},
  year={2017}
}

@article{li2017cifar10,
  title={Cifar10-dvs: an event-stream dataset for object classification},
  author={Li, Hongmin and Liu, Hanchao and Ji, Xiangyang and Li, Guoqi and Shi, Luping},
  journal={Frontiers in neuroscience},
  volume={11},
  pages={244131},
  year={2017},
  publisher={Frontiers}
}

@inproceedings{deng2009imagenet,
  title={Imagenet: A large-scale hierarchical image database},
  author={Deng, Jia and Dong, Wei and Socher, Richard and Li, Li-Jia and Li, Kai and Fei-Fei, Li},
  booktitle={2009 IEEE conference on computer vision and pattern recognition},
  pages={248--255},
  year={2009},
  organization={Ieee}
}

@article{simonyan2014very,
  title={Very deep convolutional networks for large-scale image recognition},
  author={Simonyan, Karen and Zisserman, Andrew},
  journal={arXiv preprint arXiv:1409.1556},
  year={2014}
}

@inproceedings{he2016deep,
  title={Deep residual learning for image recognition},
  author={He, Kaiming and Zhang, Xiangyu and Ren, Shaoqing and Sun, Jian},
  booktitle={Proceedings of the IEEE conference on computer vision and pattern recognition},
  pages={770--778},
  year={2016}
}

@article{srinivasan2019restocnet,
  title={Restocnet: Residual stochastic binary convolutional spiking neural network for memory-efficient neuromorphic computing},
  author={Srinivasan, Gopalakrishnan and Roy, Kaushik},
  journal={Frontiers in neuroscience},
  volume={13},
  pages={439696},
  year={2019},
  publisher={Frontiers}
}

@inproceedings{guo2024ternary,
  title={Ternary spike: Learning ternary spikes for spiking neural networks},
  author={Guo, Yufei and Chen, Yuanpei and Liu, Xiaode and Peng, Weihang and Zhang, Yuhan and Huang, Xuhui and Ma, Zhe},
  booktitle={Proceedings of the AAAI conference on artificial intelligence},
  volume={38},
  number={11},
  pages={12244--12252},
  year={2024}
}

@inproceedings{shi2023towards,
  title={Towards Energy Efficient Spiking Neural Networks: An Unstructured Pruning Framework},
  author={Shi, Xinyu and Ding, Jianhao and Hao, Zecheng and Yu, Zhaofei},
  booktitle={The Twelfth International Conference on Learning Representations},
  year={2024}
}

@inproceedings{li2022neuromorphic,
  title={Neuromorphic data augmentation for training spiking neural networks},
  author={Li, Yuhang and Kim, Youngeun and Park, Hyoungseob and Geller, Tamar and Panda, Priyadarshini},
  booktitle={Computer Vision--ECCV 2022: 17th European Conference, Tel Aviv, Israel, October 23--27, 2022, Proceedings, Part VII},
  pages={631--649},
  year={2022},
  organization={Springer}
}

@inproceedings{shen2024efficient,
  title={Efficient Spiking Neural Networks with Sparse Selective Activation for Continual Learning},
  author={Shen, Jiangrong and Ni, Wenyao and Xu, Qi and Tang, Huajin},
  booktitle={Proceedings of the AAAI Conference on Artificial Intelligence},
  volume={38},
  number={1},
  pages={611--619},
  year={2024}
}

@article{hu2024bitsnns,
  title={BitSNNs: Revisiting Energy-efficient Spiking Neural Networks},
  author={Hu, Yangfan and Zheng, Qian and Pan, Gang},
  journal={IEEE Transactions on Cognitive and Developmental Systems},
  year={2024},
  publisher={IEEE}
}

@article{li2019additive,
  title={Additive powers-of-two quantization: An efficient non-uniform discretization for neural networks},
  author={Li, Yuhang and Dong, Xin and Wang, Wei},
  journal={arXiv preprint arXiv:1909.13144},
  year={2019}
}

@article{zhangternary,
  title={Ternary Spike-Based Neuromorphic Signal Processing System},
  author={Wang, Shuai and Zhang, Dehao and Belatreche, Ammar and Xiao, Yichen and Qing, Hongyu and Wei, Wenjie and Zhang, Malu and Yang, Yang and others}
}

@article{li2024towards,
  title={Towards Efficient Deep Spiking Neural Networks Construction with Spiking Activity based Pruning},
  author={Li, Yaxin and Xu, Qi and Shen, Jiangrong and Xu, Hongming and Chen, Long and Pan, Gang},
  journal={arXiv preprint arXiv:2406.01072},
  year={2024}
}


@article{zhu2024tcja,
  title={Tcja-snn: Temporal-channel joint attention for spiking neural networks},
  author={Zhu, Rui-Jie and Zhang, Malu and Zhao, Qihang and Deng, Haoyu and Duan, Yule and Deng, Liang-Jian},
  journal={IEEE Transactions on Neural Networks and Learning Systems},
  year={2024},
  publisher={IEEE}
}

@article{zhang2021rectified,
  title={Rectified linear postsynaptic potential function for backpropagation in deep spiking neural networks},
  author={Zhang, Malu and Wang, Jiadong and Wu, Jibin and Belatreche, Ammar and Amornpaisannon, Burin and Zhang, Zhixuan and Miriyala, Venkata Pavan Kumar and Qu, Hong and Chua, Yansong and Carlson, Trevor E and others},
  journal={IEEE transactions on neural networks and learning systems},
  volume={33},
  number={5},
  pages={1947--1958},
  year={2021},
  publisher={IEEE}
}

@article{zhu2022training,
  title={Training spiking neural networks with event-driven backpropagation},
  author={Zhu, Yaoyu and Yu, Zhaofei and Fang, Wei and Xie, Xiaodong and Huang, Tiejun and Masquelier, Timoth{\'e}e},
  journal={Advances in Neural Information Processing Systems},
  volume={35},
  pages={30528--30541},
  year={2022}
}

@article{deng2024tensor,
  title={Tensor decomposition based attention module for spiking neural networks},
  author={Deng, Haoyu and Zhu, Ruijie and Qiu, Xuerui and Duan, Yule and Zhang, Malu and Deng, Liang-Jian},
  journal={Knowledge-Based Systems},
  volume={295},
  pages={111780},
  year={2024},
  publisher={Elsevier}
}


@article{zhang2018highly,
  title={A highly effective and robust membrane potential-driven supervised learning method for spiking neurons},
  author={Zhang, Malu and Qu, Hong and Belatreche, Ammar and Chen, Yi and Yi, Zhang},
  journal={IEEE transactions on neural networks and learning systems},
  volume={30},
  number={1},
  pages={123--137},
  year={2018},
  publisher={IEEE}
}

@article{huang2024billm,
  title={BiLLM: Pushing the Limit of Post-Training Quantization for LLMs},
  author={Huang, Wei and Liu, Yangdong and Qin, Haotong and Li, Ying and Zhang, Shiming and Liu, Xianglong and Magno, Michele and Qi, Xiaojuan},
  journal={arXiv preprint arXiv:2402.04291},
  year={2024}
}

@article{qin2024accurate,
  title={Accurate LoRA-Finetuning Quantization of LLMs via Information Retention},
  author={Qin, Haotong and Ma, Xudong and Zheng, Xingyu and Li, Xiaoyang and Zhang, Yang and Liu, Shouda and Luo, Jie and Liu, Xianglong and Magno, Michele},
  journal={arXiv preprint arXiv:2402.05445},
  year={2024}
}

@article{qin2020binary,
  title={Binary neural networks: A survey},
  author={Qin, Haotong and Gong, Ruihao and Liu, Xianglong and Bai, Xiao and Song, Jingkuan and Sebe, Nicu},
  journal={Pattern Recognition},
  volume={105},
  pages={107281},
  year={2020},
  publisher={Elsevier}
}

@article{qin2022bibert,
  title={Bibert: Accurate fully binarized bert},
  author={Qin, Haotong and Ding, Yifu and Zhang, Mingyuan and Yan, Qinghua and Liu, Aishan and Dang, Qingqing and Liu, Ziwei and Liu, Xianglong},
  journal={arXiv preprint arXiv:2203.06390},
  year={2022}
}

@article{guo2023direct,
  title={Direct learning-based deep spiking neural networks: a review},
  author={Guo, Yufei and Huang, Xuhui and Ma, Zhe},
  journal={Frontiers in Neuroscience},
  volume={17},
  pages={1209795},
  year={2023},
  publisher={Frontiers}
}

@inproceedings{guo2022imloss,
title={{IM}-Loss: Information Maximization Loss for Spiking Neural Networks},
author={Yufei Guo and Yuanpei Chen and Liwen Zhang and Xiaode Liu and Yinglei Wang and Xuhui Huang and Zhe Ma},
booktitle={Advances in Neural Information Processing Systems},
editor={Alice H. Oh and Alekh Agarwal and Danielle Belgrave and Kyunghyun Cho},
year={2022},
url={https://openreview.net/forum?id=Jw34v_84m2b}
}


@inproceedings{guo2022recdis,
    author    = {Guo, Yufei and Tong, Xinyi and Chen, Yuanpei and Zhang, Liwen and Liu, Xiaode and Ma, Zhe and Huang, Xuhui},
    title     = {RecDis-SNN: Rectifying Membrane Potential Distribution for Directly Training Spiking Neural Networks},
    booktitle = {Proceedings of the IEEE/CVF Conference on Computer Vision and Pattern Recognition (CVPR)},
    month     = {June},
    year      = {2022},
    pages     = {326-335}
}


@inproceedings{shen2023esl,
  title={Esl-snns: An evolutionary structure learning strategy for spiking neural networks},
  author={Shen, Jiangrong and Xu, Qi and Liu, Jian K and Wang, Yueming and Pan, Gang and Tang, Huajin},
  booktitle={Proceedings of the AAAI Conference on Artificial Intelligence},
  volume={37},
  number={1},
  pages={86--93},
  year={2023}
}

@article{xu4790563hybrid,
  title={Hybrid Spiking Vision Transformer for Event-Based Object Detection},
  author={Xu, Qi and Deng, Jie and Shen, Jiangrong and Chen, Biwu and Tang, Huajin and Pan, Gang},
  journal={Available at SSRN 4790563}
}

@article{li2024efficient,
  title={Efficient structure slimming for spiking neural networks},
  author={Li, Yaxin and Fang, Xuanye and Gao, Yuyuan and Zhou, Dongdong and Shen, Jiangrong and Liu, Jian K and Pan, Gang and Xu, Qi},
  journal={IEEE Transactions on Artificial Intelligence},
  year={2024},
  publisher={IEEE}
}

@article{wu2021progressive,
  title={Progressive tandem learning for pattern recognition with deep spiking neural networks},
  author={Wu, Jibin and Xu, Chenglin and Han, Xiao and Zhou, Daquan and Zhang, Malu and Li, Haizhou and Tan, Kay Chen},
  journal={IEEE Transactions on Pattern Analysis and Machine Intelligence},
  volume={44},
  number={11},
  pages={7824--7840},
  year={2021},
  publisher={IEEE}
}
@article{wu2020deep,
  title={Deep spiking neural networks for large vocabulary automatic speech recognition},
  author={Wu, Jibin and Y{\i}lmaz, Emre and Zhang, Malu and Li, Haizhou and Tan, Kay Chen},
  journal={Frontiers in neuroscience},
  volume={14},
  pages={199},
  year={2020},
  publisher={Frontiers Media SA}
}

@article{wu2018spiking,
  title={A spiking neural network framework for robust sound classification},
  author={Wu, Jibin and Chua, Yansong and Zhang, Malu and Li, Haizhou and Tan, Kay Chen},
  journal={Frontiers in neuroscience},
  volume={12},
  pages={836},
  year={2018},
  publisher={Frontiers Media SA}
}
@article{pan2021multi,
  title={Multi-tone phase coding of interaural time difference for sound source localization with spiking neural networks},
  author={Pan, Zihan and Zhang, Malu and Wu, Jibin and Wang, Jiadong and Li, Haizhou},
  journal={IEEE/ACM Transactions on Audio, Speech, and Language Processing},
  volume={29},
  pages={2656--2670},
  year={2021},
  publisher={IEEE}
}

@article{ma2017darwin,
  title={Darwin: A neuromorphic hardware co-processor based on spiking neural networks},
  author={Ma, De and Shen, Juncheng and Gu, Zonghua and Zhang, Ming and Zhu, Xiaolei and Xu, Xiaoqiang and Xu, Qi and Shen, Yangjing and Pan, Gang},
  journal={Journal of systems architecture},
  volume={77},
  pages={43--51},
  year={2017},
  publisher={Elsevier}
}

@article{zhang2024anp,
  title={ANP-I: A 28-nm 1.5-pJ/SOP Asynchronous Spiking Neural Network Processor Enabling Sub-0.1-$$\backslash$mu $ J/Sample On-Chip Learning for Edge-AI Applications},
  author={Zhang, Jilin and Huo, Dexuan and Zhang, Jian and Qian, Chunqi and Liu, Qi and Pan, Liyang and Wang, Zhihua and Qiao, Ning and Tang, Kea-Tiong and Chen, Hong},
  journal={IEEE Journal of Solid-State Circuits},
  year={2024},
  publisher={IEEE}
}

@article{bu2023optimal,
  title={Optimal ANN-SNN conversion for high-accuracy and ultra-low-latency spiking neural networks},
  author={Bu, Tong and Fang, Wei and Ding, Jianhao and Dai, PengLin and Yu, Zhaofei and Huang, Tiejun},
  journal={arXiv preprint arXiv:2303.04347},
  year={2023}
}

@article{li2024brain,
  title={Brain-Inspired Computing: A Systematic Survey and Future Trends},
  author={Li, Guoqi and Deng, Lei and Tang, Huajin and Pan, Gang and Tian, Yonghong and Roy, Kaushik and Maass, Wolfgang},
  journal={Proceedings of the IEEE},
  year={2024},
  publisher={IEEE}
}

@article{yao2024spike,
  title={Spike-driven transformer},
  author={Yao, Man and Hu, Jiakui and Zhou, Zhaokun and Yuan, Li and Tian, Yonghong and Xu, Bo and Li, Guoqi},
  journal={Advances in neural information processing systems},
  volume={36},
  year={2024}
}

@article{luo2024integer,
  title={Integer-Valued Training and Spike-Driven Inference Spiking Neural Network for High-performance and Energy-efficient Object Detection},
  author={Luo, Xinhao and Yao, Man and Chou, Yuhong and Xu, Bo and Li, Guoqi},
  journal={arXiv preprint arXiv:2407.20708},
  year={2024}
}

@article{yin2024efficient,
  title={Efficient Online Learning for Networks of Two-Compartment Spiking Neurons},
  author={Yin, Yujia and Chen, Xinyi and Ma, Chenxiang and Wu, Jibin and Tan, Kay Chen},
  journal={arXiv preprint arXiv:2402.15969},
  year={2024}
}

@article{zhang2023hybrid,
  title={Hybrid photonic deep convolutional residual spiking neural networks for text classification},
  author={Zhang, Yahui and Xiang, Shuiying and Jiang, Shuqing and Han, Yanan and Guo, Xingxing and Zheng, Ling and Shi, Yuechun and Hao, Yue},
  journal={Optics Express},
  volume={31},
  number={17},
  pages={28489--28502},
  year={2023},
  publisher={Optica Publishing Group}
}

@article{yao2024spike2,
  title={Spike-driven transformer v2: Meta spiking neural network architecture inspiring the design of next-generation neuromorphic chips},
  author={Yao, Man and Hu, Jiakui and Hu, Tianxiang and Xu, Yifan and Zhou, Zhaokun and Tian, Yonghong and Xu, Bo and Li, Guoqi},
  journal={arXiv preprint arXiv:2404.03663},
  year={2024}
}


@inproceedings{zhang2024tc,
  title={Tc-lif: A two-compartment spiking neuron model for long-term sequential modelling},
  author={Zhang, Shimin and Yang, Qu and Ma, Chenxiang and Wu, Jibin and Li, Haizhou and Tan, Kay Chen},
  booktitle={Proceedings of the AAAI Conference on Artificial Intelligence},
  volume={38},
  number={15},
  pages={16838--16847},
  year={2024}
}


@article{yan2024efficient,
  title={Efficient spiking neural network design via neural architecture search},
  author={Yan, Jiaqi and Liu, Qianhui and Zhang, Malu and Feng, Lang and Ma, De and Li, Haizhou and Pan, Gang},
  journal={Neural Networks},
  volume={173},
  pages={106172},
  year={2024},
  publisher={Elsevier}
}

@incollection{gholami2022survey,
  title={A survey of quantization methods for efficient neural network inference},
  author={Gholami, Amir and Kim, Sehoon and Dong, Zhen and Yao, Zhewei and Mahoney, Michael W and Keutzer, Kurt},
  booktitle={Low-Power Computer Vision},
  pages={291--326},
  year={2022},
  publisher={Chapman and Hall/CRC}
}

@article{rokh2023comprehensive,
  title={A comprehensive survey on model quantization for deep neural networks in image classification},
  author={Rokh, Babak and Azarpeyvand, Ali and Khanteymoori, Alireza},
  journal={ACM Transactions on Intelligent Systems and Technology},
  volume={14},
  number={6},
  pages={1--50},
  year={2023},
  publisher={ACM New York, NY}
}

@article{zhu2016trained,
  title={Trained ternary quantization},
  author={Zhu, Chenzhuo and Han, Song and Mao, Huizi and Dally, William J},
  journal={arXiv preprint arXiv:1612.01064},
  year={2016}
}

@article{jain2020trained,
  title={Trained quantization thresholds for accurate and efficient fixed-point inference of deep neural networks},
  author={Jain, Sambhav and Gural, Albert and Wu, Michael and Dick, Chris},
  journal={Proceedings of Machine Learning and Systems},
  volume={2},
  pages={112--128},
  year={2020}
}

@article{wei2024q,
  title={Q-SNNs: Quantized Spiking Neural Networks},
  author={Wei, Wenjie and Liang, Yu and Belatreche, Ammar and Xiao, Yichen and Cao, Honglin and Ren, Zhenbang and Wang, Guoqing and Zhang, Malu and Yang, Yang},
  journal={arXiv preprint arXiv:2406.13672},
  year={2024}
}

@inproceedings{kulkarni2022survey,
  title={A survey on quantization methods for optimization of deep neural networks},
  author={Kulkarni, Uday and Hosamani, Abhishek S and Masur, Abhishek S and Hegde, Shashank and Vernekar, Ganesh R and Chandana, K Siri},
  booktitle={2022 international conference on automation, computing and renewable systems (ICACRS)},
  pages={827--834},
  year={2022},
  organization={IEEE}
}

@article{he2023structured,
  title={Structured pruning for deep convolutional neural networks: A survey},
  author={He, Yang and Xiao, Lingao},
  journal={IEEE transactions on pattern analysis and machine intelligence},
  year={2023},
  publisher={IEEE}
}

@article{han2015learning,
  title={Learning both weights and connections for efficient neural network},
  author={Han, Song and Pool, Jeff and Tran, John and Dally, William},
  journal={Advances in neural information processing systems},
  volume={28},
  year={2015}
}

@article{li2016pruning,
  title={Pruning filters for efficient convnets},
  author={Li, Hao and Kadav, Asim and Durdanovic, Igor and Samet, Hanan and Graf, Hans Peter},
  journal={arXiv preprint arXiv:1608.08710},
  year={2016}
}

@inproceedings{cai2017deep,
  title={Deep learning with low precision by half-wave gaussian quantization},
  author={Cai, Zhaowei and He, Xiaodong and Sun, Jian and Vasconcelos, Nuno},
  booktitle={Proceedings of the IEEE conference on computer vision and pattern recognition},
  pages={5918--5926},
  year={2017}
}

@inproceedings{xu2020convolutional,
  title={Convolutional neural network pruning: A survey},
  author={Xu, Sheng and Huang, Anran and Chen, Lei and Zhang, Baochang},
  booktitle={2020 39th Chinese Control Conference (CCC)},
  pages={7458--7463},
  year={2020},
  organization={IEEE}
}

@article{vadera2022methods,
  title={Methods for pruning deep neural networks},
  author={Vadera, Sunil and Ameen, Salem},
  journal={IEEE Access},
  volume={10},
  pages={63280--63300},
  year={2022},
  publisher={IEEE}
}

@article{rathi2018stdp,
  title={STDP-based pruning of connections and weight quantization in spiking neural networks for energy-efficient recognition},
  author={Rathi, Nitin and Panda, Priyadarshini and Roy, Kaushik},
  journal={IEEE Transactions on Computer-Aided Design of Integrated Circuits and Systems},
  volume={38},
  number={4},
  pages={668--677},
  year={2018},
  publisher={IEEE}
}

@inproceedings{yin2021energy,
  title={Energy-efficient models for high-dimensional spike train classification using sparse spiking neural networks},
  author={Yin, Hang and Lee, John Boaz and Kong, Xiangnan and Hartvigsen, Thomas and Xie, Sihong},
  booktitle={Proceedings of the 27th ACM SIGKDD conference on knowledge discovery \& data mining},
  pages={2017--2025},
  year={2021}
}

@article{bellec2017deep,
  title={Deep rewiring: Training very sparse deep networks},
  author={Bellec, Guillaume and Kappel, David and Maass, Wolfgang and Legenstein, Robert},
  journal={arXiv preprint arXiv:1711.05136},
  year={2017}
}

@article{gerstner1992associative,
  title={Associative memory in a network of ‘spiking’neurons},
  author={Gerstner, Wulfram and van Hemmen, J Leo},
  journal={Network: Computation in Neural Systems},
  volume={3},
  number={2},
  pages={139--164},
  year={1992},
  publisher={Taylor \& Francis}
}

@inproceedings{kundu2021spike,
  title={Spike-thrift: Towards energy-efficient deep spiking neural networks by limiting spiking activity via attention-guided compression},
  author={Kundu, Souvik and Datta, Gourav and Pedram, Massoud and Beerel, Peter A},
  booktitle={Proceedings of the IEEE/CVF winter conference on applications of computer vision},
  pages={3953--3962},
  year={2021}
}

@incollection{lecun2002efficient,
  title={Efficient backprop},
  author={LeCun, Yann and Bottou, L{\'e}on and Orr, Genevieve B and M{\"u}ller, Klaus-Robert},
  booktitle={Neural networks: Tricks of the trade},
  pages={9--50},
  year={2002},
  publisher={Springer}
}



@inproceedings{he2015delving,
  title={Delving deep into rectifiers: Surpassing human-level performance on imagenet classification},
  author={He, Kaiming and Zhang, Xiangyu and Ren, Shaoqing and Sun, Jian},
  booktitle={Proceedings of the IEEE international conference on computer vision},
  pages={1026--1034},
  year={2015}
}

@inproceedings{qin2020forward,
  title={Forward and backward information retention for accurate binary neural networks},
  author={Qin, Haotong and Gong, Ruihao and Liu, Xianglong and Shen, Mingzhu and Wei, Ziran and Yu, Fengwei and Song, Jingkuan},
  booktitle={Proceedings of the IEEE/CVF conference on computer vision and pattern recognition},
  pages={2250--2259},
  year={2020}
}

@article{sadek2012svd,
  title={SVD based image processing applications: state of the art, contributions and research challenges},
  author={Sadek, Rowayda A},
  journal={arXiv preprint arXiv:1211.7102},
  year={2012}
}

@inproceedings{jaradat2021tutorial,
  title={A tutorial on singular value decomposition with applications on image compression and dimensionality reduction},
  author={Jaradat, Yousef and Masoud, Mohammad and Jannoud, Ismael and Manasrah, Ahmad and Alia, Mohammad},
  booktitle={2021 international conference on information technology (ICIT)},
  pages={769--772},
  year={2021},
  organization={IEEE}
}

@inproceedings{zhang2021diversifying,
  title={Diversifying sample generation for accurate data-free quantization},
  author={Zhang, Xiangguo and Qin, Haotong and Ding, Yifu and Gong, Ruihao and Yan, Qinghua and Tao, Renshuai and Li, Yuhang and Yu, Fengwei and Liu, Xianglong},
  booktitle={Proceedings of the IEEE/CVF conference on computer vision and pattern recognition},
  pages={15658--15667},
  year={2021}
}

@book{gerstner2002spiking,
  title={Spiking neuron models: Single neurons, populations, plasticity},
  author={Gerstner, Wulfram and Kistler, Werner M},
  year={2002},
  publisher={Cambridge university press}
}


@article{pfeiffer2018deep,
  title={Deep learning with spiking neurons: opportunities and challenges},
  author={Pfeiffer, Michael and Pfeil, Thomas},
  journal={Frontiers in neuroscience},
  volume={12},
  year={2018},
  publisher={Frontiers Media SA}
}


@article{roy2019towards,
  title={Towards spike-based machine intelligence with neuromorphic computing},
  author={Roy, Kaushik and Jaiswal, Akhilesh and Panda, Priyadarshini},
  journal={Nature},
  volume={575},
  number={7784},
  pages={607--617},
  year={2019},
  publisher={Nature Publishing Group UK London}
}

@article{painkras2013spinnaker,
  title={SpiNNaker: A 1-W 18-core system-on-chip for massively-parallel neural network simulation},
  author={Painkras, Eustace and Plana, Luis A and Garside, Jim and Temple, Steve and Galluppi, Francesco and Patterson, Cameron and Lester, David R and Brown, Andrew D and Furber, Steve B},
  journal={IEEE Journal of Solid-State Circuits},
  volume={48},
  number={8},
  pages={1943--1953},
  year={2013},
  publisher={IEEE}
}

@article{li2023brain,
  title={Brain inspired computing: A systematic survey and future trends},
  author={Li, Guoqi and Deng, Lei and Tang, Huajing and Pan, Gang and Tian, Yonghong and Roy, Kaushik and Maass, Wolfgang},
  journal={Authorea Preprints},
  year={2023},
  publisher={Authorea}
}

@article{baker2005singular,
  title={Singular value decomposition tutorial},
  author={Baker, Kirk},
  journal={The Ohio State University},
  volume={24},
  pages={22},
  year={2005},
  publisher={Citeseer}
}

@article{bengio2013estimating,
  title={Estimating or propagating gradients through stochastic neurons for conditional computation},
  author={Bengio, Yoshua and L{\'e}onard, Nicholas and Courville, Aaron},
  journal={arXiv preprint arXiv:1308.3432},
  year={2013}
}

@article{devries2017improved,
  title={Improved Regularization of Convolutional Neural Networks with Cutout},
  author={DeVries, Terrance},
  journal={arXiv preprint arXiv:1708.04552},
  year={2017}
}

@article{cubuk2018autoaugment,
  title={Autoaugment: Learning augmentation policies from data},
  author={Cubuk, Ekin D and Zoph, Barret and Mane, Dandelion and Vasudevan, Vijay and Le, Quoc V},
  journal={arXiv preprint arXiv:1805.09501},
  year={2018}
}

@inproceedings{ding2022towards,
  title={Towards accurate post-training quantization for vision transformer},
  author={Ding, Yifu and Qin, Haotong and Yan, Qinghua and Chai, Zhenhua and Liu, Junjie and Wei, Xiaolin and Liu, Xianglong},
  booktitle={Proceedings of the 30th ACM international conference on multimedia},
  pages={5380--5388},
  year={2022}
}

@article{hinton2012deep,
  title={Deep neural networks for acoustic modeling in speech recognition: The shared views of four research groups},
  author={Hinton, Geoffrey and Deng, Li and Yu, Dong and Dahl, George E and Mohamed, Abdel-rahman and Jaitly, Navdeep and Senior, Andrew and Vanhoucke, Vincent and Nguyen, Patrick and Sainath, Tara N and others},
  journal={IEEE Signal processing magazine},
  volume={29},
  number={6},
  pages={82--97},
  year={2012},
  publisher={IEEE}
}

@article{fang2021deep,
  title={Deep residual learning in spiking neural networks},
  author={Fang, Wei and Yu, Zhaofei and Chen, Yanqi and Huang, Tiejun and Masquelier, Timoth{\'e}e and Tian, Yonghong},
  journal={Advances in Neural Information Processing Systems},
  volume={34},
  pages={21056--21069},
  year={2021}
}

@inproceedings{zheng2021going,
  title={Going deeper with directly-trained larger spiking neural networks},
  author={Zheng, Hanle and Wu, Yujie and Deng, Lei and Hu, Yifan and Li, Guoqi},
  booktitle={Proceedings of the AAAI conference on artificial intelligence},
  volume={35},
  number={12},
  pages={11062--11070},
  year={2021}
}

@inproceedings{zhang2022pokebnn,
  title={Pokebnn: A binary pursuit of lightweight accuracy},
  author={Zhang, Yichi and Zhang, Zhiru and Lew, Lukasz},
  booktitle={Proceedings of the IEEE/CVF Conference on Computer Vision and Pattern Recognition},
  pages={12475--12485},
  year={2022}
}

@ARTICLE{10330640,
  author={He, Yang and Xiao, Lingao},
  journal={IEEE Transactions on Pattern Analysis and Machine Intelligence}, 
  title={Structured Pruning for Deep Convolutional Neural Networks: A Survey}, 
  year={2024},
  volume={46},
  number={5},
  pages={2900-2919},
  keywords={Surveys;Computational modeling;Information filters;Transformers;Filtering theory;Correlation;Convolutional neural networks;Computer vision;deep learning;neural network compression;structured pruning;unstructured pruning},
  doi={10.1109/TPAMI.2023.3334614}}


@article{zhou2023spikingformer,
  title={Spikingformer: Spike-driven residual learning for transformer-based spiking neural network},
  author={Zhou, Chenlin and Yu, Liutao and Zhou, Zhaokun and Ma, Zhengyu and Zhang, Han and Zhou, Huihui and Tian, Yonghong},
  journal={arXiv preprint arXiv:2304.11954},
  year={2023}
}
@article{cheng2017remote,
  title={Remote sensing image scene classification: Benchmark and state of the art},
  author={Cheng, Gong and Han, Junwei and Lu, Xiaoqiang},
  journal={Proceedings of the IEEE},
  volume={105},
  number={10},
  pages={1865--1883},
  year={2017},
  publisher={IEEE}
}

@article{wang2019sar,
  title={A SAR dataset of ship detection for deep learning under complex backgrounds},
  author={Wang, Yuanyuan and Wang, Chao and Zhang, Hong and Dong, Yingbo and Wei, Sisi},
  journal={remote sensing},
  volume={11},
  number={7},
  pages={765},
  year={2019},
  publisher={MDPI}
}

@article{wang2024ternary,
  title={Ternary spike-based neuromorphic signal processing system},
  author={Wang, Shuai and Zhang, Dehao and Belatreche, Ammar and Xiao, Yichen and Qing, Hongyu and We, Wenjie and Zhang, Malu and Yang, Yang},
  journal={arXiv preprint arXiv:2407.05310},
  year={2024}
}

@article{cao2025binary,
  title={Binary Event-Driven Spiking Transformer},
  author={Cao, Honglin and Zhou, Zijian and Wei, Wenjie and Belatreche, Ammar and Liang, Yu and Zhang, Dehao and Zhang, Malu and Yang, Yang and Li, Haizhou},
  journal={arXiv preprint arXiv:2501.05904},
  year={2025}
}

@inproceedings{zhang2024spike,
  title={Spike-based Neuromorphic Model for Sound Source Localization},
  author={Zhang, Dehao and Wang, Shuai and Belatreche, Ammar and Wei, Wenjie and Xiao, Yichen and Zheng, Haorui and Zhou, Zijian and Zhang, Malu and Yang, Yang},
  booktitle={The Thirty-eighth Annual Conference on Neural Information Processing Systems},
  year={2024}
}

@article{wang2024global,
  title={Global-Local Convolution with Spiking Neural Networks for Energy-efficient Keyword Spotting},
  author={Wang, Shuai and Zhang, Dehao and Shi, Kexin and Wang, Yuchen and Wei, Wenjie and Wu, Jibin and Zhang, Malu},
  journal={arXiv preprint arXiv:2406.13179},
  year={2024}
}

@inproceedings{zhang2019mpd,
  title={Mpd-al: an efficient membrane potential driven aggregate-label learning algorithm for spiking neurons},
  author={Zhang, Malu and Wu, Jibin and Chua, Yansong and Luo, Xiaoling and Pan, Zihan and Liu, Dan and Li, Haizhou},
  booktitle={Proceedings of the AAAI conference on artificial intelligence},
  volume={33},
  number={01},
  pages={1327--1334},
  year={2019}
}

@article{yu2020toward,
  title={Toward the next generation of retinal neuroprosthesis: Visual computation with spikes},
  author={Yu, Zhaofei and Liu, Jian K and Jia, Shanshan and Zhang, Yichen and Zheng, Yajing and Tian, Yonghong and Huang, Tiejun},
  journal={Engineering},
  volume={6},
  number={4},
  pages={449--461},
  year={2020},
  publisher={Elsevier}
}
@inproceedings{xu2023constructing,
  title={Constructing deep spiking neural networks from artificial neural networks with knowledge distillation},
  author={Xu, Qi and Li, Yaxin and Shen, Jiangrong and Liu, Jian K and Tang, Huajin and Pan, Gang},
  booktitle={Proceedings of the IEEE/CVF Conference on Computer Vision and Pattern Recognition},
  pages={7886--7895},
  year={2023}
}

@article{xu2019overfitting,
  title={Overfitting remedy by sparsifying regularization on fully-connected layers of CNNs},
  author={Xu, Qi and Zhang, Ming and Gu, Zonghua and Pan, Gang},
  journal={Neurocomputing},
  volume={328},
  pages={69--74},
  year={2019},
  publisher={Elsevier}
}
