@article{achlioptas2007fast,
  title={Fast computation of low-rank matrix approximations},
  author={Achlioptas, Dimitris and McSherry, Frank},
  journal=JACM,
  volume={54},
  number={2},
  pages={9--es},
  year={2007},
  nopublisher={ACM New York, NY, USA}
}

@inproceedings{blum2005practical,
  title={Practical privacy: the SuLQ framework},
  author={Blum, Avrim and Dwork, Cynthia and McSherry, Frank and Nissim, Kobbi},
  booktitle={International Conference on Management of Data and Symposium on Principles Database and Systems (PODS)},
  nopages={128--138},
  year={2005}
}

@inproceedings{dp_covariance,
    author ={Amin, K. and  Dick, T. and Kulesza, A. and Munoz, A. and Vassilvitskii, S.},
    title ={Differentially private covariance estimation},
    booktitle=NeurIPS,
    year ={2019} 
}

@inproceedings{dp_covariance_wishart_dist,
    author ={Sheffet, O.},
    title ={Old techniques in differentially private linear regression},
    booktitle=ALT,
    year ={2019} 
}

@inproceedings{duchi2013local,
  title={Local privacy and statistical minimax rates},
  author={Duchi, John C and Jordan, Michael I and Wainwright, Martin J},
  booktitle=FOCS,
  nopages={429--438},
  year={2013},
  noorganization={IEEE}
}

@inproceedings{dwork2014analyze,
  title={Analyze gauss: optimal bounds for privacy-preserving principal component analysis},
  author={Dwork, Cynthia and Talwar, Kunal and Thakurta, Abhradeep and Zhang, Li},
  booktitle=STOC,
  pages={11--20},
  year={2014}
}

@article{kamath2024broader,
  title={The Broader Landscape of Robustness in Algorithmic Statistics},
  author={Kamath, Gautam},
  journal={arXiv preprint arXiv:2412.02670},
  year={2024}
}

@inproceedings{kapralov2013differentially,
  title={On differentially private low rank approximation},
  author={Kapralov, Michael and Talwar, Kunal},
  booktitle=SODA,
  nopages={1395--1414},
  year={2013},
  noorganization={SIAM}
}

@inproceedings{mangoubi2022re,
  title={Re-analyze Gauss: Bounds for private matrix approximation via Dyson Brownian motion},
  author={Mangoubi, Oren and Vishnoi, Nisheeth},
  booktitle=NeurIPS,
  novolume={35},
  nopages={38585--38599},
  year={2022}
}

@inproceedings{mangoubi2023private,
  title={Private covariance approximation and eigenvalue-gap bounds for complex gaussian perturbations},
  author={Mangoubi, Oren and Vishnoi, Nisheeth K},
  booktitle=COLT,
  nopages={1522--1587},
  year={2023},
  noorganization={PMLR}
}

@inproceedings{smith2011privacy,
  title={Privacy-preserving statistical estimation with optimal convergence rates},
  author={Smith, Adam},
  booktitle=STOC,
  nopages={813--822},
  year={2011}
}

@inproceedings{upadhyay2018price,
  title={The price of privacy for low-rank factorization},
  author={Upadhyay, Jalaj},
  booktitle=NeurIPS,
  movolume={31},
  year={2018}
}

