@string{JOE = "Journal of Econometrics"}
@string{TPA = "Theory of Probability \& Its Applications"}
@string{TVP = "Teoriya Veroyatnostei i ee Primeneniya"}
@string{AAP = "Advances in Applied Probability"}
@string{TNSE = "IEEE Transactions on Network Science and Engineering (TNSE)"}
@string{TOIS = "ACM Transactions on Information Systems (TOIS)"}
@string{DMKD = "Data Mining and Knowledge Discovery (DMKD)"}
@string{SICOMP = "SIAM Journal on Computing (SICOMP)"}
@string{JACM = "Journal of the ACM (JACM)"}
@string{TCC = "Theoretical Computer Science (TCC)"}
@string{JMLR = "Journal of Machine Learning Research (JMLR)"}
@string{JAIR = "Journal of Artificial Intelligence Research (JAIR)"}

@string{CVPR = "Conference on Computer Vision and Pattern Recognition (CVPR)"}
@string{FOCS = "Symposium on Foundations of Computer Science (FOCS)"}
@string{ECCV = "European Conference on Computer Vision (ECCV)"}
@string{ICCV = "International Conference on Computer Vision (ICCV)"}
@string{WACV = "Winter Conference on Applications of Computer Vision (WACV)"}
@string{NIPS = "Conference on Neural Information Processing Systems (NeurIPS)"}
@string{NeurIPS = "Conference on Neural Information Processing Systems (NeurIPS)"}
@string{ICML = "International Conference on Machine Learing (ICML)"}
@string{COLT = "Workshop on Computational Learning Theory (COLT)"}
@string{UAI = "Uncertainty in Artificial Intelligence (UAI)"}
@string{ECML = "European Conference on Marchine Learning (ECML)"}
@string{ECMLPKDD = "European Conference on Machine Learning and Data Mining (ECML PKDD)"}
@string{AISTATS = "Conference on Uncertainty in Artificial Intelligence (AISTATS)"}
@string{ALT = "Algorithmic Learning Theory (ALT)"}
@string{AAAI = "Conference on Artificial Intelligence (AAAI)"}
@string{IJCAI = "International Joint Conference on Artificial Intelligence (IJCAI)"}
@string{SODA = "Symposium on Discrete Algorithms (SODA)"}
@string{ICLR = "International Conference on Learning Representations (ICLR)"}
@string{EMNLP = "Conference on Empirical Methods on Natural Language Processing (EMNLP)"}
@string{SIGIR = "International Conference on Research and Development in Information Retrieval (SIGIR)"}
@string{SIGMOD = "International Conference on Management of Data (SIGMOD)"}
@string{WSDM = "International Conference on Web Search and Data Mining (WSDM)"}
@string{ITCS = "Innovations in Theoretical Computer Science Conference (ITCS)"}
@string{RECSYS = "Conference on Recommender Systems (RecSys)"}
@string{FACCT = "Conference on Fairness, Accountability and Transparency (FAccT)"}
@string{FAT = "Conference on Fairness, Accountability and Transparency (FAccT)"}
@string{FATML = "Fairness, Accountability, and Transparency in Machine Learning (FAT/ML)"}
@string{SSDMC = "Scientific and Statistical Database Management Conference (SSDBM)"}
@string{WWW = "International World Wide Web Conference (WWW)"}
@string{COMAD = "International Conference on Management of Data (COMAD)"}
@string{CHI = "Conference on Human Factors in Computing Systems (CHI)"}
@string{CIKM = "Conference on Information and Knowledge Management (CIKM)"}
@string{AIES = "Conference on AI, Ethics, and Society (AIES)"}
@string{STOC = "Symposium on Theory of Computing (STOC)"}

@string{CP = "International Conference on Principles and Practice of Constraint Programming (CP)"}

@string{ACL = "Annual Meeting of the Association for Computational Linguistics (ACL)"}
@string{KDD = "Conference on Knowledge Discovery and Data Mining (KDD)"}
@string{PKDD = "European Conference on Principles and Practice of Knowledge Discovery in Databases (PKDD)"}
@string{VLDB = "International Conference on Very Large Data Bases (VLDB)"}
@string{IJCV = "International Journal of Computer Vision (IJCV)"}
@string{ML = "Machine Learning (ML)"}

@string{WILEY = "Wiley"},
@string{WILEYSONS = "John Wiley \& Sons"}
@string{MIT = "The MIT Press"},
@string{CAMBRIDGE = "Cambridge University Press"},
@string{SPRINGER = "Springer"},
@string{KLUWER = "Kluwer Academic Press"}
@string{ELSEVIER = "Elsevier"}
@string{OXFORD = "Oxford University Press"},

@inproceedings{smith2011privacy,
  title={Privacy-preserving statistical estimation with optimal convergence rates},
  author={Smith, Adam},
  booktitle=STOC,
  nopages={813--822},
  year={2011}
}

@inproceedings{abadi2016deep,
  title={Deep learning with differential privacy},
  author={Abadi, Martin and Chu, Andy and Goodfellow, Ian and McMahan, H Brendan and Mironov, Ilya and Talwar, Kunal and Zhang, Li},
  booktitle={ACM Conference on Computer and Communications Security (CCS)},
  nopages={308--318},
  year={2016}
}

@article{kamath2024broader,
  title={The Broader Landscape of Robustness in Algorithmic Statistics},
  author={Kamath, Gautam},
  journal={arXiv preprint arXiv:2412.02670},
  year={2024}
}

@inproceedings{kapralov2013differentially,
  title={On differentially private low rank approximation},
  author={Kapralov, Michael and Talwar, Kunal},
  booktitle=SODA,
  nopages={1395--1414},
  year={2013},
  noorganization={SIAM}
}

@inproceedings{duchi2013local,
  title={Local privacy and statistical minimax rates},
  author={Duchi, John C and Jordan, Michael I and Wainwright, Martin J},
  booktitle=FOCS,
  nopages={429--438},
  year={2013},
  noorganization={IEEE}
}

@article{achlioptas2007fast,
  title={Fast computation of low-rank matrix approximations},
  author={Achlioptas, Dimitris and McSherry, Frank},
  journal=JACM,
  volume={54},
  number={2},
  pages={9--es},
  year={2007},
  nopublisher={ACM New York, NY, USA}
}

@inproceedings{dwork2014analyze,
  title={Analyze gauss: optimal bounds for privacy-preserving principal component analysis},
  author={Dwork, Cynthia and Talwar, Kunal and Thakurta, Abhradeep and Zhang, Li},
  booktitle=STOC,
  pages={11--20},
  year={2014}
}

@inproceedings{upadhyay2018price,
  title={The price of privacy for low-rank factorization},
  author={Upadhyay, Jalaj},
  booktitle=NeurIPS,
  movolume={31},
  year={2018}
}

@inproceedings{mangoubi2022re,
  title={Re-analyze Gauss: Bounds for private matrix approximation via Dyson Brownian motion},
  author={Mangoubi, Oren and Vishnoi, Nisheeth},
  booktitle=NeurIPS,
  novolume={35},
  nopages={38585--38599},
  year={2022}
}

@inproceedings{mangoubi2023private,
  title={Private covariance approximation and eigenvalue-gap bounds for complex gaussian perturbations},
  author={Mangoubi, Oren and Vishnoi, Nisheeth K},
  booktitle=COLT,
  nopages={1522--1587},
  year={2023},
  noorganization={PMLR}
}

@inproceedings{blum2005practical,
  title={Practical privacy: the SuLQ framework},
  author={Blum, Avrim and Dwork, Cynthia and McSherry, Frank and Nissim, Kobbi},
  booktitle={International Conference on Management of Data and Symposium on Principles Database and Systems (PODS)},
  nopages={128--138},
  year={2005}
}

@inproceedings{Denisov,
  title={Improved {D}ifferential {P}rivacy for {SGD} via Optimal Private Linear Operators on Adaptive Streams},
  author={Denisov, S. and McMahan, H. B. and  Rush, J. and Smith, A. and  Thakurta, G. A.},
  booktitle=NeurIPS,
  year={2022}
}

@inproceedings{henzinger2025improved,
  title={Improved Differentially Private Continual Observation Using Group Algebra},
  author={Henzinger, Monika and Upadhyay, Jalaj},
  booktitle=SODA,
  nopages={2951--2970},
  year={2025},
  noorganization={SIAM}
}

@inproceedings{dvijotham2024efficient,
  title={Efficient and near-optimal noise generation for streaming differential privacy},
  author={Dvijotham, Krishnamurthy Dj and McMahan, H Brendan and Pillutla, Krishna and Steinke, Thomas and Thakurta, Abhradeep},
  booktitle={2024 IEEE 65th Annual Symposium on Foundations of Computer Science (FOCS)},
  pages={2306--2317},
  year={2024},
  organization={IEEE}
}

@article{dwork2014algorithmic,
  title={The algorithmic foundations of differential privacy},
  author={Dwork, Cynthia and Roth, Aaron},
  journal={Foundations and Trends in Theoretical Computer Science},
  volume={9},
  number={3--4},
  pages={211--407},
  year={2014},
  publisher={Now Publishers, Inc.}
}

@inproceedings{dwork2010differential,
  title={Differential privacy under continual observation},
  author={Dwork, Cynthia and Naor, Moni and Pitassi, Toniann and Rothblum, Guy N},
  booktitle=STOC,
  nopages={715--724},
  year={2010}
}

@inproceedings{henzinger2023almost,
  title={Almost tight error bounds on differentially private continual counting},
  author={Henzinger, Monika and Upadhyay, Jalaj and Upadhyay, Sarvagya},
  booktitle=SODA,
  nopages={5003--5039},
  year={2023},
  noorganization={SIAM}
}

@inproceedings{fichtenberger2023constant,
  title={Constant matters: Fine-grained error bound on differentially private continual observation},
  author={Fichtenberger, Hendrik and Henzinger, Monika and Upadhyay, Jalaj},
  booktitle=ICML,
  nopages={10072--10092},
  year={2023},
  noorganization={PMLR}
}
@inproceedings{henzinger2024,
    author ={Henzinger, M. and Upadhyay, J. and Upadhyay, S.},
    title ={A Unifying Framework for Differentially Private Sums Under Continual Observation},
    booktitle=SODA,
    year ={2024} 
}

@inproceedings{kalinin2024,
    author ={Kalinin, N. and Lampert, C. H.},
    title ={Banded Square Root Matrix Factorization for Differentially Private Model Training},
    year ={2024},
    booktitle=NeurIPS,
}

@inproceedings{CNPBINDPL,
    author ={Choquette-Choo, C. A. and Dvijotham, K. and Pillutla, K. and Ganesh, A. and Steinke, T. and  Thakurta, A.},
    title ={Correlated Noise Provably Beats Independent Noise for Differentially Private Learning},
    booktitle=ICLR,
    year ={2024} 
}

@inproceedings{MultiEpoch,
    author ={Choquette-Choo, C. A. and McMahan, H. B. and Rush, K. and Thakurta, A.},
    title ={Multi-epoch Matrix Factorization Mechanisms for Private Machine Learning},
    booktitle =ICML,
    year ={2023} 
}

@inproceedings{BandedMatrix,
    author ={Choquette-Choo, C. A. and Ganesh, A. and McKenna, R. and McMahan, H. B. and Rush, J. K. and Thakurta, A. G. and Zheng, X.},
    title ={{(Amplified)} Banded Matrix Factorization: A Unified Approach to Private Training},
    booktitle=NeurIPS,
    year ={2023}
}

@inproceedings{Kairouz,
    author ={Kairouz, P. and McMahan, B. and Song, S. and  Thakkar, O. and Thakurta, A. and Xu, Z.},
    title ={Practical and Private (Deep) Learning Without Sampling or Shuffling},
    booktitle=ICML,
    year ={2021} 
}


@InProceedings{kairouz15,
  title = 	 {The Composition Theorem for Differential Privacy},
  author = 	 {Kairouz, Peter and Oh, Sewoong and Viswanath, Pramod},
  booktitle = ICML,
  year = 	 {2015},
}


@inproceedings{kingma2014adam,
    author ={Diederik, P. Kingma and Ba, J.},
    title ={Adam: A method for stochastic optimization},
    booktitle=ICLR,
    year ={2015} 
}

@inproceedings{efficient_streaming,
    author ={McMahan, H. B. and Pillutla, K. and Steinke, T. and Thakurta, A.},
    title ={Efficient and near-optimal noise generation for streaming differential privacy},
    booktitle=FOCS,
    year ={2024} 
}

@inproceedings{dp_adam_is_not_adam,
    author ={Tang, Q. and Shpilevskiy, F. and Lécuyer, M.},
    title ={DP-AdamBC: Your DP-Adam Is Actually DP-SGD (Unless You Apply Bias Correction)},
    booktitle=AAAI,
    year ={2024} 
}

@inproceedings{dp_covariance,
    author ={Amin, K. and  Dick, T. and Kulesza, A. and Munoz, A. and Vassilvitskii, S.},
    title ={Differentially private covariance estimation},
    booktitle=NeurIPS,
    year ={2019} 
}

@inproceedings{dp_covariance_wishart_dist,
    author ={Sheffet, O.},
    title ={Old techniques in differentially private linear regression},
    booktitle=ALT,
    year ={2019} 
}

@inproceedings{dp_covariance_lower_bound,
    author ={Kamath, G. and Mouzakis, A. and  Singhal, V.},
    title ={New lower bounds for private estimation and a generalized fingerprinting lemma},
    booktitle=NeurIPS,
    year ={2020} 
}

@article{li2015matrix,
    author ={Li, C. and Miklau, G. and Hay, M. and McGregor, A. and  Rastogi, V.},
    title ={The Matrix Mechanism: Optimizing Linear Counting Queries Under {D}ifferential {P}rivacy},
    journal =VLDB,
    year ={2015} 
}




@article{anil2021large,
  title={Large-scale differentially private BERT},
  author={Anil, Rohan and Ghazi, Badih and Gupta, Vineet and Kumar, Ravi and Manurangsi, Pasin},
  journal=ACL,
  year={2022}
}



@article{esteve2009,
    author = {Anna Esteve and Eva Boj and Josep Fortiana},
    title = {Interaction Terms in Distance-Based Regression},
    journal = {Communications in Statistics - Theory and Methods},
    volume = {38},
    number = {19},
    nopages = {3498--3509},
    year = {2009},
    nopublisher = {Taylor \& Francis},
    nodoi = {10.1080/03610920802592860},
}


@inproceedings{balle2018improving,
  title={Improving the gaussian mechanism for differential privacy: Analytical calibration and optimal denoising},
  author={Balle, Borja and Wang, Yu-Xiang},
  booktitle=ICML,
  nopages={394--403},
  year={2018},
  noorganization={PMLR}
}

@inproceedings{li2022large,
  title={Large Language Models Can Be Strong Differentially Private Learners},
  author={Li, Xuechen and Tramer, Florian and Liang, Percy and Hashimoto, Tatsunori},
  booktitle=ICLR,
year = 2022,
}


@InProceedings{pmlr-v37-ioffe15,
  title = 	 {Batch Normalization: Accelerating Deep Network Training by Reducing Internal Covariate Shift},
  author = 	 {Ioffe, Sergey and Szegedy, Christian},
  booktitle =ICML,
  year = 	 {2015},  
}

