@incollection{Bengio+chapter2007,
author = {Bengio, Yoshua and LeCun, Yann},
booktitle = {Large Scale Kernel Machines},
publisher = {MIT Press},
title = {Scaling Learning Algorithms Towards {AI}},
year = {2007}
}

@article{Hinton06,
author = {Hinton, Geoffrey E. and Osindero, Simon and Teh, Yee Whye},
journal = {Neural Computation},
pages = {1527--1554},
title = {A Fast Learning Algorithm for Deep Belief Nets},
volume = {18},
year = {2006}
}

@book{goodfellow2016deep,
title={Deep learning},
author={Goodfellow, Ian and Bengio, Yoshua and Courville, Aaron and Bengio, Yoshua},
volume={1},
year={2016},
publisher={MIT Press}
}

%%%%%%%%%%%%%%%%%%%%%%%%%%%%%%%%%%%%%%%%%%%%%%%

@misc{christopher2024constrained,
      title={Constrained Synthesis with Projected Diffusion Models}, 
      author={Jacob K Christopher and Stephen Baek and Ferdinando Fioretto},
      year={2024},
      eprint={2402.03559},
      archivePrefix={arXiv},
      primaryClass={id='cs.LG' full_name='Machine Learning' is_active=True alt_name=None in_archive='cs' is_general=False description='Papers on all aspects of machine learning research (supervised, unsupervised, reinforcement learning, bandit problems, and so on) including also robustness, explanation, fairness, and methodology. cs.LG is also an appropriate primary category for applications of machine learning methods.'}
}

@misc{engel2017latent,
      title={Latent Constraints: Learning to Generate Conditionally from Unconditional Generative Models}, 
      author={Jesse Engel and Matthew Hoffman and Adam Roberts},
      year={2017},
      eprint={1711.05772},
      archivePrefix={arXiv}
}
\begin{table}[!h]
\begin{minipage}[!h]{\linewidth}
\centering
    \resizebox{\textwidth}{!}{
    \begin{tabular}{|l|l r | c c|}
         \cline{1-5}
         & & model size & ppl & viol (\%) \\ 
         \cline{1-5}
         \multirow{4}{*}{\rotatebox{90}{\footnotesize \textbf{Counting}}}
         & GPT-2                     &  124M & 23.4 ± 1.3               & {\underline{5.0}} \\
         & Llama 3.2                 &  1B   & 30.7 ± 2.9               & 9.1 \\
         & MDLM  (Vanilla)           &  169M & {\bf 16.9 ± 1.0}         & 54.5 \\
         & MDLM + Constraints (Ours) &  169M & {\underline{17.9 ± 1.1}} & {\bf 0.0} \\
         \cline{1-5}
         \multirow{5}{*}{\rotatebox{90}{\footnotesize \textbf{Lexical}}}
         & NeuroLogic \cite{lu2021neurologic} &  -    & - & - \\
         & GPT-2                              &  124M & - & - \\
         & Llama 3.2                          &  1B   & - & - \\
         & MDLM  (Vanilla)                    &  169M & - & - \\
         & MDLM + Constraints (Ours)          &  169M & - & - \\
         \cline{1-5}
         \multirow{5}{*}{\rotatebox{90}{\footnotesize \textbf{Black List}}}
         & CBF-LLM \cite{miyaoka2024cbf} &  -    & - & - \\
         & GPT-2                         &  124M & - & - \\
         & Llama 3.2                     &  1B   & - & - \\
         & MDLM  (Vanilla)               &  169M & - & - \\
         & MDLM + Constraints (Ours)     &  169M & - & - \\
         \cline{1-5}
    \end{tabular}
    }
    \caption{Results for functional constraints. The best results for each metric are {\bf bold} and the second best are \underline{underlined}.}
    \label{tab:func-constraints}
    \end{minipage}
\end{table}

@article{epstein2023diffusion,
  title={Diffusion self-guidance for controllable image generation},
  author={Epstein, Dave and Jabri, Allan and Poole, Ben and Efros, Alexei and Holynski, Aleksander},
  journal={Advances in Neural Information Processing Systems},
  volume={36},
  pages={16222--16239},
  year={2023}
}


@inproceedings{brosse2017sampling,
  title={Sampling from a log-concave distribution with compact support with proximal Langevin Monte Carlo},
  author={Brosse, Nicolas and Durmus, Alain and Moulines, {\'E}ric and Pereyra, Marcelo},
  booktitle={Conference on learning theory},
  pages={319--342},
  year={2017},
  organization={PMLR}
}

@inproceedings{welling2011bayesian,
  title={Bayesian learning via stochastic gradient Langevin dynamics},
  author={Welling, Max and Teh, Yee W},
  booktitle={Proceedings of the 28th international conference on machine learning (ICML-11)},
  pages={681--688},
  year={2011},
  organization={Citeseer}
}

@article{xu2018global,
  title={Global convergence of Langevin dynamics based algorithms for nonconvex optimization},
  author={Xu, Pan and Chen, Jinghui and Zou, Difan and Gu, Quanquan},
  journal={Advances in Neural Information Processing Systems},
  volume={31},
  year={2018}
}




% DDPM

@inproceedings{sohl2015deep,
  title={Deep unsupervised learning using nonequilibrium thermodynamics},
  author={Sohl-Dickstein, Jascha and Weiss, Eric and Maheswaranathan, Niru and Ganguli, Surya},
  booktitle={International conference on machine learning},
  pages={2256--2265},
  year={2015},
  organization={PMLR}
}

@article{ho2020denoising,
  title={Denoising diffusion probabilistic models},
  author={Ho, Jonathan and Jain, Ajay and Abbeel, Pieter},
  journal={Advances in neural information processing systems},
  volume={33},
  pages={6840--6851},
  year={2020}
}


% Score-Based Models

@article{song2019generative,
  title={Generative modeling by estimating gradients of the data distribution},
  author={Song, Yang and Ermon, Stefano},
  journal={Advances in neural information processing systems},
  volume={32},
  year={2019}
}


@article{song2020score,
  title={Score-based generative modeling through stochastic differential equations},
  author={Song, Yang and Sohl-Dickstein, Jascha and Kingma, Diederik P and Kumar, Abhishek and Ermon, Stefano and Poole, Ben},
  journal={arXiv preprint arXiv:2011.13456},
  year={2020}
}



@article{cao2022survey,
  title={A survey on generative diffusion model},
  author={Cao, Hanqun and Tan, Cheng and Gao, Zhangyang and Xu, Yilun and Chen, Guangyong and Heng, Pheng-Ann and Li, Stan Z},
  journal={arXiv preprint arXiv:2209.02646},
  year={2022}
}


% Motion Planning

@inproceedings{carvalho2023motion,
  title={Motion planning diffusion: Learning and planning of robot motions with diffusion models},
  author={Carvalho, Joao and Le, An T and Baierl, Mark and Koert, Dorothea and Peters, Jan},
  booktitle={2023 IEEE/RSJ International Conference on Intelligent Robots and Systems (IROS)},
  pages={1916--1923},
  year={2023},
  organization={IEEE}
}


@article{power2023constrained,
  title={Constrained stein variational trajectory optimization},
  author={Power, Thomas and Berenson, Dmitry},
  journal={arXiv preprint arXiv:2308.12110},
  year={2023}
}

@inproceedings{power2023sampling,
  title={Sampling Constrained Trajectories Using Composable Diffusion Models},
  author={Power, Thomas and Soltani-Zarrin, Rana and Iba, Soshi and Berenson, Dmitry},
  booktitle={IROS 2023 Workshop on Differentiable Probabilistic Robotics: Emerging Perspectives on Robot Learning},
  year={2023}
}


% Morphometry

@article{chun2020deep,
  title={Deep learning for synthetic microstructure generation in a materials-by-design framework for heterogeneous energetic materials},
  author={Chun, Sehyun and Roy, Sidhartha and Nguyen, Yen Thi and Choi, Joseph B and Udaykumar, HS and Baek, Stephen S},
  journal={Scientific reports},
  volume={10},
  number={1},
  pages={13307},
  year={2020},
  publisher={Nature Publishing Group UK London}
}


% Physics Augmentation

@article{wang2023diffusebot,
  title={DiffuseBot: Breeding Soft Robots With Physics-Augmented Generative Diffusion Models},
  author={Wang, Tsun-Hsuan and Zheng, Juntian and Ma, Pingchuan and Du, Yilun and Kim, Byungchul and Spielberg, Andrew and Tenenbaum, Joshua and Gan, Chuang and Rus, Daniela},
  journal={arXiv preprint arXiv:2311.17053},
  year={2023}
}

@article{giannone2023aligning,
  title={Aligning Optimization Trajectories with Diffusion Models for Constrained Design Generation},
  author={Giannone, Giorgio and Srivastava, Akash and Winther, Ole and Ahmed, Faez},
  journal={arXiv preprint arXiv:2305.18470},
  year={2023}
}

@inproceedings{maze2023diffusion,
  title={Diffusion models beat gans on topology optimization},
  author={Maz{\'e}, Fran{\c{c}}ois and Ahmed, Faez},
  booktitle={Proceedings of the AAAI Conference on Artificial Intelligence (AAAI), Washington, DC},
  year={2023}
}

@article{voleti2022mcvd,
  title={MCVD-masked conditional video diffusion for prediction, generation, and interpolation},
  author={Voleti, Vikram and Jolicoeur-Martineau, Alexia and Pal, Chris},
  journal={Advances in Neural Information Processing Systems},
  volume={35},
  pages={23371--23385},
  year={2022}
}


% Constrained Image Generation

@inproceedings{frerix2020homogeneous,
  title={Homogeneous linear inequality constraints for neural network activations},
  author={Frerix, Thomas and Nie{\ss}ner, Matthias and Cremers, Daniel},
  booktitle={Proceedings of the IEEE/CVF Conference on Computer Vision and Pattern Recognition Workshops},
  pages={748--749},
  year={2020}
}




% PtO

@article{elmachtoub2022smart,
  title={Smart “predict, then optimize”},
  author={Elmachtoub, Adam N and Grigas, Paul},
  journal={Management Science},
  volume={68},
  number={1},
  pages={9--26},
  year={2022},
  publisher={INFORMS}
}

% Classifier free guidance
@article{ho2022classifier,
  title={Classifier-free diffusion guidance},
  author={Ho, Jonathan and Salimans, Tim},
  journal={arXiv preprint arXiv:2207.12598},
  year={2022}
}



% IPOPT
@article{wachter2006implementation,
  title={On the implementation of an interior-point filter line-search algorithm for large-scale nonlinear programming},
  author={W{\"a}chter, Andreas and Biegler, Lorenz T},
  journal={Mathematical programming},
  volume={106},
  pages={25--57},
  year={2006},
  publisher={Springer}
}


% Introduction

@article{anand2022protein,
  title={Protein structure and sequence generation with equivariant denoising diffusion probabilistic models},
  author={Anand, Namrata and Achim, Tudor},
  journal={arXiv preprint arXiv:2205.15019},
  year={2022}
}

@inproceedings{hoogeboom2022equivariant,
  title={Equivariant diffusion for molecule generation in 3d},
  author={Hoogeboom, Emiel and Satorras, V{\i}ctor Garcia and Vignac, Cl{\'e}ment and Welling, Max},
  booktitle={International conference on machine learning},
  pages={8867--8887},
  year={2022},
  organization={PMLR}
}

@article{jing2022torsional,
  title={Torsional diffusion for molecular conformer generation},
  author={Jing, Bowen and Corso, Gabriele and Chang, Jeffrey and Barzilay, Regina and Jaakkola, Tommi},
  journal={Advances in Neural Information Processing Systems},
  volume={35},
  pages={24240--24253},
  year={2022}
}

@article{cao2024high,
  title={High-Frequency Space Diffusion Model for Accelerated MRI},
  author={Cao, Chentao and Cui, Zhuo-Xu and Wang, Yue and Liu, Shaonan and Chen, Taijin and Zheng, Hairong and Liang, Dong and Zhu, Yanjie},
  journal={IEEE Transactions on Medical Imaging},
  year={2024},
  publisher={IEEE}
}

@article{chung2022score,
  title={Score-based diffusion models for accelerated MRI},
  author={Chung, Hyungjin and Ye, Jong Chul},
  journal={Medical image analysis},
  volume={80},
  pages={102479},
  year={2022},
  publisher={Elsevier}
}

@inproceedings{zhong2023guided,
  title={Guided conditional diffusion for controllable traffic simulation},
  author={Zhong, Ziyuan and Rempe, Davis and Xu, Danfei and Chen, Yuxiao and Veer, Sushant and Che, Tong and Ray, Baishakhi and Pavone, Marco},
  booktitle={2023 IEEE International Conference on Robotics and Automation (ICRA)},
  pages={3560--3566},
  year={2023},
  organization={IEEE}
}


@article{janner2022planning,
  title={Planning with diffusion for flexible behavior synthesis},
  author={Janner, Michael and Du, Yilun and Tenenbaum, Joshua B and Levine, Sergey},
  journal={arXiv preprint arXiv:2205.09991},
  year={2022}
}

@inproceedings{yuan2023physdiff,
  title={Physdiff: Physics-guided human motion diffusion model},
  author={Yuan, Ye and Song, Jiaming and Iqbal, Umar and Vahdat, Arash and Kautz, Jan},
  booktitle={Proceedings of the IEEE/CVF International Conference on Computer Vision},
  pages={16010--16021},
  year={2023}
}

@article{Choi2023AIEM,
  title={Artificial Intelligence Approaches for Energetic Materials by Design: State of the Art, Challenges, and Future Directions},
  author={Joseph B. Choi and Phong C. H. Nguyen and Oishik Sen and H. S. Udaykumar and Stephen Baek},
  journal={Propellants, Explosives, Pyrotechnics},
  year={2023},
  publisher={Wiley Online Library},
  doi={10.1002/prep.202200276},
  url={https://onlinelibrary.wiley.com/doi/full/10.1002/prep.202200276}
}

@inproceedings{goodfellow2014generative,
  title={Generative adversarial nets},
  author={Goodfellow, Ian J and Pouget-Abadie, Jean and Mirza, Mehdi and Xu, Bing and Warde-Farley, David and Ozair, Sherjil and Courville, Aaron and Bengio, Yoshua},
  booktitle={Advances in neural information processing systems},
  pages={2672--2680},
  year={2014}
}


@article{parikh2014proximal,
  title={Proximal Algorithms},
  author={Parikh, Neal and Boyd, Stephen},
  journal={Foundations and Trends in Optimization},
  volume={1},
  number={3},
  pages={127-239},
  year={2014},
  publisher={Now Publishers Incorporated}
}


@inproceedings{guo2022generating,
  title={Generating diverse and natural 3d human motions from text},
  author={Guo, Chuan and Zou, Shihao and Zuo, Xinxin and Wang, Sen and Ji, Wei and Li, Xingyu and Cheng, Li},
  booktitle={Proceedings of the IEEE/CVF Conference on Computer Vision and Pattern Recognition},
  pages={5152--5161},
  year={2022}
}

@article{liu2024mirror,
  title={Mirror diffusion models for constrained and watermarked generation},
  author={Liu, Guan-Horng and Chen, Tianrong and Theodorou, Evangelos and Tao, Molei},
  journal={Advances in Neural Information Processing Systems},
  volume={36},
  year={2024}
}


@article{fishman2023diffusion,
  title={Diffusion models for constrained domains},
  author={Fishman, Nic and Klarner, Leo and De Bortoli, Valentin and Mathieu, Emile and Hutchinson, Michael},
  journal={arXiv preprint arXiv:2304.05364},
  year={2023}
}

@article{fishman2024metropolis,
  title={Metropolis Sampling for Constrained Diffusion Models},
  author={Fishman, Nic and Klarner, Leo and Mathieu, Emile and Hutchinson, Michael and De Bortoli, Valentin},
  journal={Advances in Neural Information Processing Systems},
  volume={36},
  year={2024}
}


% Clipping Operations

@inproceedings{lou2023reflected,
  title={Reflected diffusion models},
  author={Lou, Aaron and Ermon, Stefano},
  booktitle={International Conference on Machine Learning},
  pages={22675--22701},
  year={2023},
  organization={PMLR}
}

@article{saharia2022photorealistic,
  title={Photorealistic text-to-image diffusion models with deep language understanding},
  author={Saharia, Chitwan and Chan, William and Saxena, Saurabh and Li, Lala and Whang, Jay and Denton, Emily L and Ghasemipour, Kamyar and Gontijo Lopes, Raphael and Karagol Ayan, Burcu and Salimans, Tim and others},
  journal={Advances in neural information processing systems},
  volume={35},
  pages={36479--36494},
  year={2022}
}


@misc{zhang2022motiondiffuse,
      title={MotionDiffuse: Text-Driven Human Motion Generation with Diffusion Model}, 
      author={Mingyuan Zhang and Zhongang Cai and Liang Pan and Fangzhou Hong and Xinying Guo and Lei Yang and Ziwei Liu},
      year={2022},
      eprint={2208.15001},
      archivePrefix={arXiv},
      primaryClass={cs.CV}
}


@inproceedings{raginsky2017non,
  title={Non-convex learning via stochastic gradient langevin dynamics: a nonasymptotic analysis},
  author={Raginsky, Maxim and Rakhlin, Alexander and Telgarsky, Matus},
  booktitle={Conference on Learning Theory},
  pages={1674--1703},
  year={2017},
  organization={PMLR}
}


@article{roberts1996exponential,
  title={Exponential convergence of Langevin distributions and their discrete approximations},
  author={Roberts, Gareth O. and Tweedie, Richard L.},
  journal={Bernoulli},
  volume={2},
  number={4},
  pages={341--363},
  year={1996},
  publisher={Bernoulli Society for Mathematical Statistics and Probability}
}

@article{donti2021dc3,
  title={DC3: A learning method for optimization with hard constraints},
  author={Donti, Priya L and Rolnick, David and Kolter, J Zico},
  journal={arXiv preprint arXiv:2104.12225},
  year={2021}
}


@misc{rombach2022highresolutionimagesynthesislatent,
      title={High-Resolution Image Synthesis with Latent Diffusion Models}, 
      author={Robin Rombach and Andreas Blattmann and Dominik Lorenz and Patrick Esser and Björn Ommer},
      year={2022},
      eprint={2112.10752},
      archivePrefix={arXiv},
      primaryClass={cs.CV},
      url={https://arxiv.org/abs/2112.10752}, 
}

@inproceedings{rombach2022high,
  title={High-Resolution Image Synthesis with Latent Diffusion Models},
  author={Rombach, Robin and Blattmann, Andreas and Lorenz, Dominik and Esser, Patrick and Ommer, Bj{\"o}rn},
  booktitle={Proceedings of the IEEE/CVF Conference on Computer Vision and Pattern Recognition},
  pages={10684--10695},
  year={2022}
}

@article{podell2023sdxl,
  title={SDXL: Improving Latent Diffusion Models for High-Resolution Image Synthesis},
  author={Podell, Dustin and English, Zion and Lacey, Kyle and Blattmann, Andreas and Dockhorn, Tim and M{\"u}ller, Jonas and Penna, Joe and Rombach, Robin},
  journal={arXiv preprint arXiv:2307.01952},
  year={2023}
}



@article{chung2022diffusion,
  title={Diffusion posterior sampling for general noisy inverse problems},
  author={Chung, Hyungjin and Kim, Jeongsol and Mccann, Michael T and Klasky, Marc L and Ye, Jong Chul},
  journal={arXiv preprint arXiv:2209.14687},
  year={2022}
}

@article{dhariwal2021diffusion,
  title={Diffusion models beat gans on image synthesis},
  author={Dhariwal, Prafulla and Nichol, Alexander},
  journal={Advances in neural information processing systems},
  volume={34},
  pages={8780--8794},
  year={2021}
}

@article{carvalho2024motion,
  title={Motion Planning Diffusion: Learning and Adapting Robot Motion Planning with Diffusion Models},
  author={Carvalho, Joao and Le, A and Kicki, Piotr and Koert, Dorothea and Peters, Jan},
  journal={arXiv preprint arXiv:2412.19948},
  year={2024}
}

@article{bastek2023inverse,
  title={Inverse design of nonlinear mechanical metamaterials via video denoising diffusion models},
  author={Bastek, Jan-Hendrik and Kochmann, Dennis M},
  journal={Nature Machine Intelligence},
  volume={5},
  number={12},
  pages={1466--1475},
  year={2023},
  publisher={Nature Publishing Group UK London}
}

@article{ye2024tfg,
  title={Tfg: Unified training-free guidance for diffusion models},
  author={Ye, Haotian and Lin, Haowei and Han, Jiaqi and Xu, Minkai and Liu, Sheng and Liang, Yitao and Ma, Jianzhu and Zou, James and Ermon, Stefano},
  journal={arXiv preprint arXiv:2409.15761},
  year={2024}
}


@article{he2023manifold,
  title={Manifold preserving guided diffusion},
  author={He, Yutong and Murata, Naoki and Lai, Chieh-Hsin and Takida, Yuhta and Uesaka, Toshimitsu and Kim, Dongjun and Liao, Wei-Hsiang and Mitsufuji, Yuki and Kolter, J Zico and Salakhutdinov, Ruslan and others},
  journal={arXiv preprint arXiv:2311.16424},
  year={2023}
}

@inproceedings{yu2023freedom,
  title={Freedom: Training-free energy-guided conditional diffusion model},
  author={Yu, Jiwen and Wang, Yinhuai and Zhao, Chen and Ghanem, Bernard and Zhang, Jian},
  booktitle={Proceedings of the IEEE/CVF International Conference on Computer Vision},
  pages={23174--23184},
  year={2023}
}

@inproceedings{mo2024freecontrol,
  title={Freecontrol: Training-free spatial control of any text-to-image diffusion model with any condition},
  author={Mo, Sicheng and Mu, Fangzhou and Lin, Kuan Heng and Liu, Yanli and Guan, Bochen and Li, Yin and Zhou, Bolei},
  booktitle={Proceedings of the IEEE/CVF Conference on Computer Vision and Pattern Recognition},
  pages={7465--7475},
  year={2024}
}

@inproceedings{bansal2023universal,
  title={Universal guidance for diffusion models},
  author={Bansal, Arpit and Chu, Hong-Min and Schwarzschild, Avi and Sengupta, Soumyadip and Goldblum, Micah and Geiping, Jonas and Goldstein, Tom},
  booktitle={Proceedings of the IEEE/CVF Conference on Computer Vision and Pattern Recognition},
  pages={843--852},
  year={2023}
}

@article{huang2024constrained,
  title={Constrained Diffusion with Trust Sampling},
  author={Huang, William and Jiang, Yifeng and Van Wouwe, Tom and Liu, C Karen},
  journal={arXiv preprint arXiv:2411.10932},
  year={2024}
}

@inproceedings{guo2024smooth,
  title={Smooth diffusion: Crafting smooth latent spaces in diffusion models},
  author={Guo, Jiayi and Xu, Xingqian and Pu, Yifan and Ni, Zanlin and Wang, Chaofei and Vasu, Manushree and Song, Shiji and Huang, Gao and Shi, Humphrey},
  booktitle={Proceedings of the IEEE/CVF Conference on Computer Vision and Pattern Recognition},
  pages={7548--7558},
  year={2024}
}

@article{berthet2020learning,
  title={Learning with differentiable pertubed optimizers},
  author={Berthet, Quentin and Blondel, Mathieu and Teboul, Olivier and Cuturi, Marco and Vert, Jean-Philippe and Bach, Francis},
  journal={Advances in neural information processing systems},
  volume={33},
  pages={9508--9519},
  year={2020}
}

@article{mandi2024decision,
  title={Decision-focused learning: Foundations, state of the art, benchmark and future opportunities},
  author={Mandi, Jayanta and Kotary, James and Berden, Senne and Mulamba, Maxime and Bucarey, Victor and Guns, Tias and Fioretto, Ferdinando},
  journal={Journal of Artificial Intelligence Research},
  volume={80},
  pages={1623--1701},
  year={2024}
}


@incollection{borgesson1996abaqus,
  title={Abaqus},
  author={B{\"o}rgesson, L},
  booktitle={Developments in geotechnical engineering},
  volume={79},
  pages={565--570},
  year={1996},
  publisher={Elsevier}
}