@misc{christopher2024constrained,
      title={Constrained Synthesis with Projected Diffusion Models}, 
      author={Jacob K Christopher and Stephen Baek and Ferdinando Fioretto},
      year={2024},
      eprint={2402.03559},
      archivePrefix={arXiv},
      primaryClass={id='cs.LG' full_name='Machine Learning' is_active=True alt_name=None in_archive='cs' is_general=False description='Papers on all aspects of machine learning research (supervised, unsupervised, reinforcement learning, bandit problems, and so on) including also robustness, explanation, fairness, and methodology. cs.LG is also an appropriate primary category for applications of machine learning methods.'}
}

