@phdthesis{1liang2023,
  title={Research on fire recognition method of inspection robot based on video image},
  author={Liang, Jinxing},
  school={Hebei University of Technology},
  year={2023}
}

@article{2jin2023,
  title={Video Fire Detection Methods Based on Deep Learning: Datasets, Methods, and Future Directions},
  author={Jin, Chengtuo and Wang, Tao and Alhusaini, Naji and Zhao, Shenghui and Liu, Huilin and Xu, Kun and Zhang, Jin},
  journal={Fire},
  volume={6},
  number={8},
  pages={315},
  year={2023},
  publisher={MDPI}
}

@article{3tao2024,
  title={A triple interference removal network based on temporal and spatial attention interaction for forest smoke recognition in videos},
  author={Tao, Huanjie},
  journal={Computers and Electronics in Agriculture},
  volume={218},
  pages={108756},
  year={2024},
  publisher={Elsevier}
}

@article{4he2021,
  title={Efficient attention based deep fusion CNN for smoke detection in fog environment},
  author={He, Lijun and Gong, Xiaoli and Zhang, Sirou and Wang, Liejun and Li, Fan},
  journal={Neurocomputing},
  volume={434},
  pages={224--238},
  year={2021},
  publisher={Elsevier}
}

@article{5QHXB2024,
author = { Li, Deng and Zhou, Jin and Liu, Quanyi},
title = {Fire and smoke detection algorithm based on improved YOLOv8},
pages = {1-9},
year={2024},
publisher = {Tsinghua Science and Techonology},
}

@article{6arlovic2024,
  title={F2M: Ensemble-based uncertainty estimation model for fire detection in indoor environments},
  author={Arlovi{\'c}, Matej and Patel, Mitesh and Balen, Josip and Hr{\v{z}}i{\'c}, Franko},
  journal={Engineering applications of artificial intelligence},
  volume={133},
  pages={108428},
  year={2024},
  publisher={Elsevier}
}

@article{7yelleni2024,
  title={Monte Carlo DropBlock for modeling uncertainty in object detection},
  author={Yelleni, Sai Harsha and Kumari, Deepshikha and Srijith, PK and others},
  journal={Pattern Recognition},
  volume={146},
  pages={110003},
  year={2024},
  publisher={Elsevier}
}

@article{8tao2023,
  title={Learning discriminative feature representation with pixel-level supervision for forest smoke recognition},
  author={Tao, Huanjie and Duan, Qianyue and Lu, Minghao and Hu, Zhenwu},
  journal={Pattern Recognition},
  volume={143},
  pages={109761},
  year={2023},
  publisher={Elsevier}
}

@article{9park2022,
  title={Advanced wildfire detection using generative adversarial network-based augmented datasets and weakly supervised object localization},
  author={Park, Minsoo and Bak, Jinyeong and Park, Seunghee and others},
  journal={International Journal of Applied Earth Observation and Geoinformation},
  volume={114},
  pages={103052},
  year={2022},
  publisher={Elsevier}
}

@article{10li2023,
  title={Anchor-Free Smoke and Flame Recognition Algorithm with Multi-Loss},
  author={Li, Gang and Chen, Peng and Xu, Chuanyun and Sun, Chengjie and Ma, Yingli},
  journal={Fire},
  volume={6},
  number={6},
  pages={225},
  year={2023},
  publisher={MDPI}
}

@article{11yuan2022,
  title={Cubic-cross convolutional attention and count prior embedding for smoke segmentation},
  author={Yuan, Feiniu and Dong, Zeshu and Zhang, Lin and Xia, Xue and Shi, Jinting},
  journal={Pattern Recognition},
  volume={131},
  pages={108902},
  year={2022},
  publisher={Elsevier}
}

@article{12laing2024,
  title={Multi-Scale fire detection algorithm with adaptive attention},
  author={Liang, Yu and Chen, Tong and Zhang, Wei },
  journal={Transactions of Beijing Institute of Techonology},
  volume={44},
  number={01},
  pages={91-101},
  year={2024},
  publisher={Elsevier}
}

@article{13siddique2024,
  title={Sustainable collaboration: Federated learning for environmentally conscious forest fire classification in green internet of things (IoT)},
  author={Siddique, Ali Akbar and Alasbali, Nada and Driss, Maha and Boulila, Wadii and Alshehri, Mohammed S and Ahmad, Jawad},
  journal={Internet of Things},
  volume={25},
  pages={101013},
  year={2024},
  publisher={Elsevier}
}

@article{14li2023,
  title={Fast forest fire detection and segmentation application for uav-assisted mobile edge computing system},
  author={Li, Changdi and Li, Guangye and Song, Yichen and He, Qunshan and Tian, Zijian and Xu, Hu and Liu, Xinggao},
  journal={IEEE Internet of Things Journal},
  year={2023},
  publisher={IEEE}
}

@article{15tian2024,
  title={Fire-and-smoke detection based on convolutional attention and feature fusion},
  author={Tian, Jiaqi and Qin, Guoxuan and Zhang, Wei},
  pages={1-12},
  year={2024},
  publisher={Journal of Beijing University of Aeronautics and Astronautics}
}

@article{16zhang2023,
  title={Smoke and flame detection method with YOLOv5-ResNet cascade network},
  author={Zhang, Quan and Zhang, Wei and Yang, Xianfeng},
  volume={23},
  number={02},
  pages={397-405},
  year={2023},
  publisher={Journal of Safety and Environment}
}

@inproceedings{17guo2017,
  title={On calibration of modern neural networks},
  author={Guo, Chuan and Pleiss, Geoff and Sun, Yu and Weinberger, Kilian Q},
  booktitle={International conference on machine learning},
  pages={1321--1330},
  year={2017},
  organization={PMLR}
}

@inproceedings{18ji2023,
  title={Uncertainty-guided learning for improving image manipulation detection},
  author={Ji, Kaixiang and Chen, Feng and Guo, Xin and Xu, Yadong and Wang, Jian and Chen, Jingdong},
  booktitle={Proceedings of the IEEE/CVF International Conference on Computer Vision},
  pages={22456--22465},
  year={2023}
}

@inproceedings{19tian2023,
  title={Modeling the distributional uncertainty for salient object detection models},
  author={Tian, Xinyu and Zhang, Jing and Xiang, Mochu and Dai, Yuchao},
  booktitle={Proceedings of the IEEE/CVF Conference on Computer Vision and Pattern Recognition},
  pages={19660--19670},
  year={2023}
}

@inproceedings{20naeini2015,
  title={Obtaining well calibrated probabilities using bayesian binning},
  author={Naeini, Mahdi Pakdaman and Cooper, Gregory and Hauskrecht, Milos},
  booktitle={Proceedings of the AAAI conference on artificial intelligence},
  volume={29},
  number={1},
  year={2015}
}

@inproceedings{21bengio2009,
  title={Curriculum learning},
  author={Bengio, Yoshua and Louradour, J{\'e}r{\^o}me and Collobert, Ronan and Weston, Jason},
  booktitle={Proceedings of the 26th annual international conference on machine learning},
  pages={41--48},
  year={2009}
}

@article{22yar2022,
  title={Optimized dual fire attention network and medium-scale fire classification benchmark},
  author={Yar, Hikmat and Hussain, Tanveer and Agarwal, Mohit and Khan, Zulfiqar Ahmad and Gupta, Suneet Kumar and Baik, Sung Wook},
  journal={IEEE Transactions on Image Processing},
  volume={31},
  pages={6331--6343},
  year={2022},
  publisher={IEEE}
}

@article{23almeida2022,
  title={Edgefiresmoke: A novel lightweight cnn model for real-time video fire--smoke detection},
  author={Almeida, Jefferson Silva and Huang, Chenxi and Nogueira, Fabricio Gonzalez and Bhatia, Surbhi and de Albuquerque, Victor Hugo C},
  journal={IEEE Transactions on Industrial Informatics},
  volume={18},
  number={11},
  pages={7889--7898},
  year={2022},
  publisher={IEEE}
}