@inproceedings{ECCV2014LearningDong,
    title={Learning a deep convolutional network for image super-resolution},
    author={Dong, Chao and Loy, Chen Change and He, Kaiming and Tang, Xiaoou},
    booktitle={ECCV},
    year={2014}
}

@InProceedings{Lim_2017_CVPR_Workshops,
  author = {Lim, Bee and Son, Sanghyun and Kim, Heewon and Nah, Seungjun and Lee, Kyoung Mu},
  title = {Enhanced Deep Residual Networks for Single Image Super-Resolution},
  booktitle = {CVPRW},
  year = {2017}
}

@inproceedings{chen2022cross,
    title={Cross Aggregation Transformer for Image Restoration},
    author={Chen, Zheng and Zhang, Yulun and Gu, Jinjin and Zhang, Yongbing and Kong, Linghe and Yuan, Xin},
    booktitle={NeurIPS},
    year={2022}
}

@inproceedings{chen2023dual,
  title={Dual aggregation transformer for image super-resolution},
  author={Chen, Zheng and Zhang, Yulun and Gu, Jinjin and Kong, Linghe and Yang, Xiaokang and Yu, Fisher},
  booktitle={CVPR},
  year={2023}
}

@inproceedings{chen2024binarized,
    title={Binarized Diffusion Model for Image Super-Resolution},
    author={Chen, Zheng and Qin, Haotong and Guo, Yong and Su, Xiongfei and Yuan, Xin and Kong, Linghe and Zhang, Yulun},
    booktitle={NeurIPS},
    year={2024}
}

@inproceedings{liang2021swinir,
  title={Swinir: Image restoration using swin transformer},
  author={Liang, Jingyun and Cao, Jiezhang and Sun, Guolei and Zhang, Kai and Van Gool, Luc and Timofte, Radu},
  booktitle={ICCVW},
  year={2021}
}

@inproceedings{lin2024diffbir,
  title={DiffBIR: Toward Blind Image Restoration with Generative Diffusion Prior},
  author={Lin, Xinqi and He, Jingwen and Chen, Ziyan and Lyu, Zhaoyang and Dai, Bo and Yu, Fanghua and Qiao, Yu and Ouyang, Wanli and Dong, Chao},
  booktitle={ECCV},
  year={2024},
}

@inproceedings{liu2020reactnet,
  title={Reactnet: Towards precise binary neural network with generalized activation functions},
  author={Liu, Zechun and Shen, Zhiqiang and Savvides, Marios and Cheng, Kwang-Ting},
  booktitle={ECCV},
  year={2020}
}

@article{luo2022lattice,
  title={Lattice Network for Lightweight Image Restoration},
  author={Luo, Xiaotong and Qu, Yanyun and Xie, Yuan and Zhang, Yulun and Li, Cuihua and Fu, Yun},
  journal={TPAMI},
  year={2022},
  publisher={IEEE}
}

@inproceedings{qin2020forward,
  title={Forward and backward information retention for accurate binary neural networks},
  author={Qin, Haotong and Gong, Ruihao and Liu, Xianglong and Shen, Mingzhu and Wei, Ziran and Yu, Fengwei and Song, Jingkuan},
  booktitle={CVPR},
  year={2020}
}

@article{qin2022distribution,
  title={Distribution-Sensitive Information Retention for Accurate Binary Neural Network},
  author={Qin, Haotong and Zhang, Xiangguo and Gong, Ruihao and Ding, Yifu and Xu, Yi and Liu, Xianglong},
  journal={IJCV},
  year={2022}
}

@inproceedings{rastegari2016xnor,
  title={Xnor-net: Imagenet classification using binary convolutional neural networks},
  author={Rastegari, Mohammad and Ordonez, Vicente and Redmon, Joseph and Farhadi, Ali},
  booktitle={ECCV},
  year={2016}
}

@article{saharia2022image,
  title={Image super-resolution via iterative refinement},
  author={Saharia, Chitwan and Ho, Jonathan and Chan, William and Salimans, Tim and Fleet, David J and Norouzi, Mohammad},
  journal={IEEE TPAMI},
  year={2022},
}

@inproceedings{wang2021real,
  title={Real-esrgan: Training real-world blind super-resolution with pure synthetic data},
  author={Wang, Xintao and Xie, Liangbin and Dong, Chao and Shan, Ying},
  booktitle={CVPR},
  year={2021}
}

@inproceedings{wang2023binary,
  title={Binary latent diffusion},
  author={Wang, Ze and Wang, Jiang and Liu, Zicheng and Qiu, Qiang},
  booktitle={CVPR},
  year={2023}
}

@inproceedings{wang2024sinsr,
  title={SinSR: diffusion-based image super-resolution in a single step},
  author={Wang, Yufei and Yang, Wenhan and Chen, Xinyuan and Wang, Yaohui and Guo, Lanqing and Chau, Lap-Pui and Liu, Ziwei and Qiao, Yu and Kot, Alex C and Wen, Bihan},
  booktitle={CVPR},
  year={2024}
}

@article{wu2024one,
  title={One-Step Effective Diffusion Network for Real-World Image Super-Resolution},
  author={Wu, Rongyuan and Sun, Lingchen and Ma, Zhiyuan and Zhang, Lei},
  journal={arXiv},
  year={2024}
}

@inproceedings{zhang2018image,
  title={Image super-resolution using very deep residual channel attention networks},
  author={Zhang, Yulun and Li, Kunpeng and Li, Kai and Wang, Lichen and Zhong, Bineng and Fu, Yun},
  booktitle={ECCV},
  year={2018}
}

@inproceedings{zheng2024bidm,
  title={BiDM: Pushing the Limit of Quantization for Diffusion Models},
  author={Zheng, Xingyu and Liu, Xianglong and Bian, Yichen and Ma, Xudong and Zhang, Yulun and Wang, Jiakai and Guo, Jinyang and Qin, Haotong},
  booktitle={NeurIPS},
  year={2024},
}

