@article{zibetti2007robust,
  title={A robust and computationally efficient simultaneous super-resolution scheme for image sequences},
  author={Zibetti, Marcelo Victor W{\"u}st and Mayer, Joceli},
  journal={TCSVT},
  year={2007}
}

@article{dodgson1997quadratic,
  title={Quadratic interpolation for image resampling},
  author={Dodgson, Neil A},
  journal={TIP},
  year={1997}
}

@article{lu2013image,
  title={Image super-resolution via double sparsity regularized manifold learning},
  author={Lu, Xiaoqiang and Yuan, Yuan and Yan, Pingkun},
  journal={TCSVT},
  year={2013}
}

@article{keys1981cubic,
  title={Cubic convolution interpolation for digital image processing},
  author={Keys, Robert},
  journal={{IEEE} Trans. Acoust., Speech, Signal Process.},
  year={1981}
}

@article{li2001new,
  title={New edge-directed interpolation},
  author={Li, Xin and Orchard, Michael T},
  journal={TIP},
  year={2001}
}

@article{zhang2006edge,
  title={An edge-guided image interpolation algorithm via directional filtering and data fusion},
  author={Zhang, Lei and Wu, Xiaolin},
  journal={TIP},
  year={2006}
}

@inproceedings{sun2010context,
  title={Context-constrained hallucination for image super-resolution},
  author={Sun, Jian and Zhu, Jiejie and Tappen, Marshall F},
  booktitle={CVPR},
  year={2010}
}

@article{xu2013single,
  title={Single image super-resolution with detail enhancement based on local fractal analysis of gradient},
  author={Xu, Hongteng and Zhai, Guangtao and Yang, Xiaokang},
  journal={TCSVT},
  year={2013}
}

@article{wang2013edge,
  title={Edge-Directed Single-Image Super-Resolution Via Adaptive Gradient Magnitude Self-Interpolation.},
  author={Wang, Lingfeng and Xiang, Shiming and Meng, Gaofeng and Wu, Huai-Yu and Pan, Chunhong},
  journal={TCSVT},
  year={2013}
}

@article{zhang2012single,
  title={Single image super-resolution with non-local means and steering kernel regression},
  author={Zhang, Kaibing and Gao, Xinbo and Tao, Dacheng and Li, Xuelong},
  journal={TIP},
  year={2012}
}

@inproceedings{yang2014single,
  title={Single-image super-resolution: A benchmark},
  author={Yang, Chih-Yuan and Ma, Chao and Yang, Ming-Hsuan},
  booktitle={ECCV},
  year={2014}
}

@inproceedings{cui2014deep,
  title={Deep network cascade for image super-resolution},
  author={Cui, Zhen and Chang, Hong and Shan, Shiguang and Zhong, Bineng and Chen, Xilin},
  booktitle={ECCV},
  year={2014},

}

@inproceedings{huang2015single,
  title={Single Image Super-resolution from Transformed Self-Exemplars},
  author={Huang, Jia-Bin and Singh, Abhishek and Ahuja, Narendra},
  booktitle={CVPR},
  year={2015}
}

@inproceedings{chang2004super,
  title={Super-resolution through neighbor embedding},
  author={Chang, Hong and Yeung, Dit-Yan and Xiong, Yimin},
  booktitle={CVPR},
  year={2004},

}

@article{yang2010image,
  title={Image super-resolution via sparse representation},
  author={Yang, Jianchao and Wright, John and Huang, Thomas S and Ma, Yi},
  journal={TIP},
  year={2010}
}

@inproceedings{zeyde2012single,
  title={On single image scale-up using sparse-representations},
  author={Zeyde, Roman and Elad, Michael and Protter, Matan},
  booktitle={Proc. 7th Int. Conf. Curves Surf.},
  year={2010},

}

@inproceedings{bevilacqua2012low,
  title={Low-complexity single-image super-resolution based on nonnegative neighbor embedding},
  author={Bevilacqua, Marco and Roumy, Aline and Guillemot, Christine and Alberi-Morel, Marie Line},
  booktitle={BMVC},
  year={2012}
}

@inproceedings{timofte2013anchored,
  title={Anchored neighborhood regression for fast example-based super-resolution},
  author={Timofte, Radu and De, Vincent and Gool, Luc Van},
  booktitle={ICCV},
  year={2013},

}

@inproceedings{he2013beta,
  title={Beta process joint dictionary learning for coupled feature spaces with application to single image super-resolution},
  author={He, Li and Qi, Hairong and Zaretzki, Russell},
  booktitle={CVPR},
  year={2013},

}

@inproceedings{timofte2014a+,
  title={A+: Adjusted Anchored Neighborhood Regression for Fast Super-Resolution},
  author={Timofte, Radu and De Smet, Vincent and Van Gool, Luc},
  booktitle={ACCV},
  year={2014},
}

@article{peleg2014statistical,
  title={A statistical prediction model based on sparse representations for single image super-resolution.},
  author={Peleg, Tomer and Elad, Michael},
  journal={TIP},
  year={2014}
}

@inproceedings{dong2014learning,
  title={Learning a deep convolutional network for image super-resolution},
  author={Dong, Chao and Loy, Chen Change and He, Kaiming and Tang, Xiaoou},
  booktitle={ECCV},
  year={2014}
}

@inproceedings{dai2015jointly,
  title={Jointly optimized regressors for image super-resolution},
  author={Dai, D and Timofte, R and Van Gool, L},
  booktitle={Eurographics},
  year={2015}
}

@InProceedings{schulter2015fast,
  author = {Schulter, Samuel and Leistner, Christian and Bischof, Horst},
  title = {Fast and Accurate Image Upscaling With Super-Resolution Forests},
  booktitle = {CVPR},
  year = {2015}
}

@article{roweis2000nonlinear,
  title={Nonlinear dimensionality reduction by locally linear embedding},
  author={Roweis, Sam T and Saul, Lawrence K},
  journal={Science},
  year={2000}
}

@article{tropp2007signal,
  title={Signal recovery from random measurements via orthogonal matching pursuit},
  author={Tropp, Joel A and Gilbert, Anna C},
  journal={TIT},
  year={2007}
}

@inproceedings{yang2013fast,
  title={Fast direct super-resolution by simple functions},
  author={Yang, Chih-Yuan and Yang, Ming-Hsuan},
  booktitle={ICCV},
  year={2013},

}

@article{breiman2001random,
  title={Random forests},
  author={Breiman, Leo},
  journal={Machine Learning},
  year={2001}
}

@inproceedings{glasner2009super,
  title={Super-resolution from a single image},
  author={Glasner, Daniel and Bagon, Shai and Irani, Michal},
  booktitle={ICCV},
  year={2009}
}

@inproceedings{zhang2011sparse,
  title={Sparse representation or collaborative representation: Which helps face recognition?},
  author={Zhang, Lei and Yang, Meng and Feng, Xiangchu},
  booktitle={ICCV},
  year={2011},

}

@article{irani1993motion,
  title={Motion analysis for image enhancement: Resolution, occlusion, and transparency},
  author={Irani, Michal and Peleg, Shmuel},
  journal={J. Vis. Commun. Image Represent.},
  year={1993}
}

@inproceedings{yang2008image,
  title={Image super-resolution as sparse representation of raw image patches},
  author={Yang, Jianchao and Wright, John and Huang, Thomas and Ma, Yi},
  booktitle={CVPR},
  year={2008}
}

@article{dong2011image,
  title={Image deblurring and super-resolution by adaptive sparse domain selection and adaptive regularization},
  author={Dong, Weisheng and Zhang, Lei and Shi, Guangming and Wu, Xiaolin},
  journal={TIP},
  year={2011}
}

@article{dong2013sparse,
  title={Sparse representation based image interpolation with nonlocal autoregressive modeling},
  author={Dong, Weisheng and Zhang, Lei and Lukac, Rastislav and Shi, Guangming},
  journal={TIP},
  year={2013}
}

@article{dong2013nonlocally,
  title={Nonlocally centralized sparse representation for image restoration.},
  author={Dong, Weisheng and Zhang, Lei and Shi, Guangming and Li, Xin},
  journal={TIP},
  year={2013}
}

@inproceedings{schulter2013alternating,
  title={Alternating regression forests for object detection and pose estimation},
  author={Schulter, Samuel and Leistner, Christian and Wohlhart, Paul and Roth, Peter M and Bischof, Horst},
  booktitle={ICCV},
  year={2013}
}

@article{wang2004image,
  title={Image quality assessment: from error visibility to structural similarity},
  author={Wang, Zhou and Bovik, Alan C and Sheikh, Hamid R and Simoncelli, Eero P},
  journal={TIP},
  year={2004}
}

@article{sheikh2005information,
  title={An information fidelity criterion for image quality assessment using natural scene statistics},
  author={Sheikh, Hamid Rahim and Bovik, Alan Conrad and De Veciana, Gustavo},
  journal={TIP},
  year={2005}
}

@inproceedings{wang2003multiscale,
  title={Multiscale structural similarity for image quality assessment},
  author={Wang, Zhou and Simoncelli, Eero P and Bovik, Alan C},
  booktitle={Signals, Systems and Computers, 2004. Conference Record of the Thirty-Seventh Asilomar Conference on},
  year={2004}
}

@article{sheikh2006image,
  title={Image information and visual quality},
  author={Sheikh, Hamid R and Bovik, Alan C},
  journal={TIP},
  year={2006}
}

@article{zhang2011fsim,
  title={FSIM: a feature similarity index for image quality assessment},
  author={Zhang, Lin and Zhang, Lei and Mou, Xuanqin and Zhang, David},
  journal={TIP},
  year={2011}
}

@article{freeman2000learning,
  title={Learning low-level vision},
  author={Freeman, William T and Pasztor, Egon C and Carmichael, Owen T},
  journal={IJCV},
  year={2000}
}

@article{tang2011single,
  title={Single-image super-resolution via local learning},
  author={Tang, Yi and Yan, Pingkun and Yuan, Yuan and Li, Xuelong},
  journal={Int. J. Mach. Learn. Cybern.},
  volume={2},
  number={1},
  pages={15--23},
  month={Mar.},
  year={2011},
  publisher={Springer}
}

@inproceedings{zhang2015image,
  title={Image super-resolution based on dictionary learning and anchored neighborhood regression with mutual incoherence},
  author={Zhang, Yulun and Gu, Kaiyu and Zhang, Yongbing and Zhang, Jian and Dai, Qiongdai},
  booktitle={Proc. {IEEE} Int. Conf. Image Process.},
  pages={591-595},
  month={Sep.},
  year={2015}
}

@inproceedings{bo2013multipath,
  title={Multipath sparse coding using hierarchical matching pursuit},
  author={Bo, Liefeng and Ren, Xiaofeng and Fox, Dieter},
  booktitle={CVPR},
  year={2013}
}

@inproceedings{zhang2015single,
  title={Single image super-resolution via iterative collaborative representation},
  author={Zhang, Yulun and Zhang, Yongbing and Zhang, Jian and Wang, Haoqian and Dai, Qiongdai},
  booktitle={Proc. Pacific-Rim Conf. Multimedia},
  pages={63--73},
  month={Sep.},
  year={2015}
}

@article{zhang2015learning,
  title={Learning multiple linear mappings for efficient single image super-resolution},
  author={Zhang, Kaibing and Tao, Dacheng and Gao, Xinbo and Li, Xuelong and Xiong, Zenggang},
  journal={TIP},
  month={Mar.},
  year={2015},
  publisher={IEEE}
}

@inproceedings{darbon2008fast,
  title={Fast nonlocal filtering applied to electron cryomicroscopy},
  author={Darbon, J{\'e}r{\^o}me and Cunha, Alexandre and Chan, Tony F and Osher, Stanley and Jensen, Grant J},
  booktitle={Proc. 5th IEEE Symp. Biomed. Imag.},
  pages={1331--1334},
  month={May},
  year={2008},
  
}

@article{chakrabarti2007super,
  title={Super-resolution of face images using kernel PCA-based prior},
  author={Chakrabarti, Ayan and Rajagopalan, AN and Chellappa, Rama},
  journal={TMM},
  volume={9},
  number={4},
  month={Jun.},
  pages={888--892},
  year={2007}
}

@article{xiong2013example,
  title={Example-based super-resolution with soft information and decision},
  author={Xiong, Zhiwei and Xu, Dong and Sun, Xiaoyan and Wu, Feng},
  journal={TMM},
  volume={15},
  number={6},
  pages={1458--1465},
  month={Oct.},
  year={2013},
  publisher={IEEE}
}

@article{yang2013self,
  title={A self-learning approach to single image super-resolution},
  author={Yang, Min-Chun and Wang, Yu-Chiang Frank},
  journal={TMM},
  volume={15},
  number={3},
  pages={498--508},
  month={Apr.},
  year={2013},
  publisher={IEEE}
}

@article{salem2013non,
  title={Non-Parametric super-resolution using a Bi-sensor camera},
  author={Salem, Faisal and Yagle, Andrew E},
  journal={TMM},
  volume={15},
  number={1},
  pages={27--40},
  month={Jan.},
  year={2013},
  publisher={IEEE}
}

@article{zhu2014fast,
  title={Fast single image super-resolution via self-example learning and sparse representation},
  author={Zhu, Zhiliang and Guo, Fangda and Yu, Hai and Chen, Chen},
  journal={TMM},
  volume={16},
  number={8},
  pages={2178--2190},
  month={Oct.},
  year={2014},
  publisher={IEEE}
}

@article{kang2015learning,
  title={Learning-based joint super-resolution and deblocking for a highly compressed image},
  author={Kang, Li-Wei and Hsu, Chih-Chung and Zhuang, Boqi and Lin, Chia-Wen and Yeh, Chia-Hung},
  journal={TMM},
  volume={17},
  number={7},
  pages={921--934},
  month={Jul.},
  year={2015},
  publisher={IEEE}
}

@article{zhang2016ccr,
  title={CCR: clustering and collaborative representation for fast single image super-resolution},
  author={Zhang, Yongbing and Zhang, Yulun and Zhang, Jian and Dai, Qiongdai},
  journal={TMM},
  volume={18},
  number={3},
  pages={405--417},
  month={Mar.},
  year={2016},
  publisher={IEEE}
}

@article{yang2016consistent,
  title={Consistent Coding Scheme for Single-Image Super-Resolution Via Independent Dictionaries},
  author={Yang, Wenming and Tian, Yapeng and Zhou, Fei and Liao, Qingmin and Chen, Hai and Zheng, Chenglin},
  journal={TMM},
  volume={18},
  number={3},
  pages={313--325},
  month={Mar.},
  year={2016},
  publisher={IEEE}
}

@article{zhao2015multi,
  title={Multi-level modified finite radon transform network for image upsampling},
  author={Zhao, Yang and Wang, Ronggang and Wang, Wenmin and Gao, Wen},
  journal={TCSVT},
  volume={PP},
  number={99},
  pages={1--1},
  year={2015},
  publisher={IEEE}
}

	
@article{kwon2015efficient,
 title={Efficient learning of image super-resolution and compression artifact removal with semi-local Gaussian processes},
 author={Kwon, Younghee and Kim, Kwang In and Tompkin, James and Kim, Jin Hyung and Theobalt, Christian},
 journal={TPAMI},
 volume={37},
 number={9},
 pages={1792--1805},
 month={Sep.},
 year={2015},
 publisher={IEEE}
}

@article{roth2009fields,
  title={Fields of experts},
  author={Roth, Stefan and Black, Michael J.},
  journal={IJCV},
  volume={82},
  number={2},
  pages={205--229},
  year={2009},
  publisher={Springer}
}

@article{foi2007pointwise,
  title={Pointwise shape-adaptive DCT for high-quality denoising and deblocking of grayscale and color images},
  author={Foi, Alessandro and Katkovnik, Vladimir and Egiazarian, Karen},
  journal={TIP},
  month={May},
  year={2007},
  publisher={IEEE}
}


@article{zhao2015high,
  title={High resolution local structure-constrained image upsampling},
  author={Zhao, Yang and Wang, Ronggang and Wang, Wenmin and Gao, Wen},
  journal={TIP},
  year={2015}
}

@inproceedings{zhang2015adaptive,
  title={Adaptive local nonparametric regression for fast single image super-Resolution},
  author={Zhang, Yulun and Zhang, Yongbing and Zhang, Jian and Wang, Haoqian and Wang, Xingzheng and Dai, Qiongdai},
  booktitle={Proc. {IEEE} Int. Conf. Visual Commun. Image Process.},
  pages={1--4},
  month={Dec.},
  year={2015}
}

@inproceedings{rothe2015efficient,
  title={Efficient regression priors for reducing image compression artifacts},
  author={Rothe, Rasmus and Timofte, Radu and Van, Luc},
  booktitle={Proc. Int. Conf. Image Process.},
  pages={1543--1547},
  month={Sep.},
  year={2015},
}
 
@inproceedings{fernandez2013super,
  title={Super-resolution via transform-invariant group-sparse regularization},
  author={Fernandez-Granda, Carlos and Candes, Emmanuel},
  booktitle={{IEEE} Int. Conf. Comput. Vis.},
  pages={3336--3343},
  month={Dec.},
  year={2013}
}

@article{olshausen1997sparse,
  title={Sparse coding with an overcomplete basis set: A strategy employed by V1?},
  author={Olshausen, Bruno A and Field, David J},
  journal={Vision research},
  volume={37},
  number={23},
  pages={3311--3325},
  month = {Dec.},
  year={1997},
  publisher={Elsevier}
}

@article{list2003adaptive,
  title={Adaptive deblocking filter},
  author={List, Peter and Joch, Anthony and Lainema, Jani and Bjontegaard, Gisle and Karczewicz, Marta},
  journal={TCSVT},
  volume={13},
  number={7},
  pages={614--619},
  month={Jul.},
  year={2003},
}

@article{wang2013adaptive,
  title={Adaptive non-local means filter for image deblocking},
  author={Wang, Ci and Zhou, Jun and Liu, Shu},
  journal={Signal Process.: Image Commun.},
  volume={28},
  number={5},
  pages={522--530},
  month={May},
  year={2013},
  publisher={Elsevier}
}

@article{tschumperle2005vector,
  title={Vector-valued image regularization with PDEs: A common framework for different applications},
  author={Tschumperle, David and Deriche, Rachid},
  journal={TPAMI},
  volume={27},
  number={4},
  pages={506--517},
  month={Apr.},
  year={2005},
  publisher={IEEE}
}

@article{wang2008jpeg2000,
  title={JPEG2000 image postprocessing with novel trilateral deringing filter},
  author={Wang, Tao and Zhai, Guangtao},
  journal={Opt. Eng.},
  volume={47},
  number={2},
  pages={027005--027005},
  year={2008},
  publisher={International Society for Optics and Photonics}
}

@article{liew2004blocking,
  title={Blocking artifacts suppression in block-coded images using overcomplete wavelet representation},
  author={Liew, AW-C and Yan, Hong},
  journal={TCSVT},
  volume={14},
  number={4},
  pages={450--461},
  month={Apr.},
  year={2004},
  publisher={IEEE}
}

@article{yang1995projection,
  title={Projection-based spatially adaptive reconstruction of block-transform compressed images},
  author={Yang, Yongyi and Galatsanos, Nikolas P and Katsaggelos, Aggelos K},
  journal={TIP},
  year={1995},
  publisher={IEEE}
}

@article{sun2007postprocessing,
  title={Postprocessing of low bit-rate block DCT coded images based on a fields of experts prior},
  author={Sun, Deqing and Cham, Wai-Kuen},
  journal={TIP},
  year={2007},
  publisher={IEEE}
}

@inproceedings{jancsary2012loss,
  title={Loss-specific training of non-parametric image restoration models: A new state of the art},
  author={Jancsary, Jeremy and Nowozin, Sebastian and Rother, Carsten},
  booktitle={ECCV},
  pages={112--125},
  month={Oct.},
  year={2012},
  organization={Springer}
}

@inproceedings{dong2015compression,
  title={Compression artifacts reduction by a deep convolutional network},
  author={Dong, Chao and Deng, Yubin and Change Loy, Chen and Tang, Xiaoou},
  booktitle={{IEEE} Int. Conf. Comput. Vis.},
  pages={576--584},
  month={Dec.},
  year={2015}
}

@article{li2005improved,
  title={Improved wavelet decoding via set theoretic estimation},
  author={Li, Xin},
  journal={TCSVTs},
  volume={15},
  number={1},
  pages={108--112},
  month={Jan.},
  year={2005},
  publisher={IEEE}
}

@article{gubin1967method,
  title={The method of projections for finding the common point of convex sets},
  author={Gubin, LG and Polyak, BT and Raik, EV},
  journal={USSR Comput. Math. Math. Phys.},
  volume={7},
  number={6},
  pages={1--24},
  year={1967},
  publisher={Elsevier}
}

@inproceedings{timofte2016seven,
  title={Seven ways to improve example-based single image super resolution},
  author={Timofte, Radu and Rothe, Rasmus and Van Gool, Luc},
  booktitle={CVPR},
  year={2016}
}

@inproceedings{lu2012geometry,
  title={Geometry constrained sparse coding for single image super-resolution},
  author={Lu, Xiaoqiang and Yuan, Haoliang and Yan, Pingkun and Yuan, Yuan and Li, Xuelong},
  booktitle={CVPR},
  year={2012},
}

@article{yang2016single,
  title={Single-Image Super-Resolution by Subdictionary Coding and Kernel Regression},
  author={Yang, Wenming and Yuan, Tingrong and Wang, Wei and Zhou, Fei and Liao, Qingmin},
  journal={{IEEE} Trans. Syst., Man, Cybern., Syst.},
  volume={PP},
  number={99},
  pages={1--11},
  year={2017},
  publisher={IEEE}
}

@article{zhang2017collaborative,
  title={Collaborative Representation Cascade for Single Image Super-Resolution},
  author={Zhang, Yongbing and Zhang, Yulun and Zhang, Jian and Xu, Dong and Fu, Yun and Wang, Yisen and Ji, Xiangyang and Dai, Qiongdai},
  journal={{IEEE} Trans. Syst., Man, Cybern., Syst.},
  volume={PP},
  number={99},
  pages={1--11},
  year={2017},
  publisher={IEEE}
}

@article{shen2016landmark,
  title={Landmark Reranking for Smart Travel Guide Systems by Combining and Analyzing Diverse Media},
  author={Shen, Junge and Shen, Jialie and Mei, Tao and Gao, Xinbo},
  journal={{IEEE} Trans. Syst., Man, Cybern., Syst.},
  volume={46},
  number={11},
  pages={1492--1504},
  month={Nov.},
  year={2016},
  publisher={IEEE}
}

@article{cao2016fast,
  title={A Fast Orientation Estimation Approach of Natural Images},
  author={Cao, Zhiqiang and Liu, Xilong and Gu, Nong and Nahavandi, Saeid and Xu, De and Zhou, Chao and Tan, Min},
  journal={{IEEE} Trans. Syst., Man, Cybern., Syst.},
  volume={46},
  number={11},
  pages={1589--1597},
  month={Nov.},
  year={2016},
  publisher={IEEE}
}

@article{xiao2015optimal,
  title={Optimal Budget Allocation Rule for Simulation Optimization Using Quadratic Regression in Partitioned Domains},
  author={Xiao, Hui and Lee, Loo Hay and Chen, Chun-Hung},
  journal={{IEEE} Trans. Syst., Man, Cybern., Syst.},
  volume={45},
  number={7},
  pages={1047--1062},
  month={Jul.},
  year={2015},
  publisher={IEEE}
}

@article{suo2011high,
  title={High-Resolution Face Fusion for Gender Conversion},
  author={Suo, Jinli and Lin, Liang and Shan, Shiguang and Chen, Xilin and Gao, Wen},
  journal={{IEEE} Trans. Syst., Man, Cybern. A, Syst.,Humans},
  volume={41},
  number={2},
  pages={226--237},
  month={Mar.},
  year={2011},
  publisher={IEEE}
}

@article{li2005fast,
  title={Fast block-based image restoration employing the improved best neighborhood matching approach},
  author={Li, Wen and Zhang, David and Liu, Zhiyong and Qiao, Xiangzhen},
  journal={{IEEE} Trans. Syst., Man, Cybern. A, Syst.,Humans},
  volume={35},
  number={4},
  pages={546--555},
  month={Jul.},
  year={2005},
  publisher={IEEE}
}

@article{guan1996optimal,
  title={An optimal neuron evolution algorithm for constrained quadratic programming in image restoration},
  author={Guan, Ling},
  journal={{IEEE} Trans. Syst., Man, Cybern. A, Syst.,Humans},
  month={Jul.},
  year={1996},
  publisher={IEEE}
}

@article{tang2016example,
  title={Example-based super-resolution via social images},
  author={Tang, Yi and Chen, Hong and Liu, Zhanwen and Song, Biqin and Wang, Qi},
  journal={Neurocomputing},
  month={Jan.},
  year={2016},
  publisher={Elsevier}
}

@article{wang2014high,
  title={High quality image resizing},
  author={Wang, Qi and Yuan, Yuan},
  journal={Neurocomputing},
  month={Jan.},
  year={2014},
  publisher={Elsevier}
}

@inproceedings{kim2016accurate,
  title={Accurate image super-resolution using very deep convolutional networks},
  author={Kim, Jiwon and Kwon Lee, Jung and Mu Lee, Kyoung},
  booktitle={CVPR},
  year={2016}
}

@inproceedings{kim2016deeply,
  title={Deeply-Recursive Convolutional Network for Image Super-Resolution},
  author={Kim, Jiwon and Kwon Lee, Jung and Mu Lee, Kyoung},
  booktitle={CVPR},
  year={2016}
}

@inproceedings{shi2016real,
  title={Real-time single image and video super-resolution using an efficient sub-pixel convolutional neural network},
  author={Shi, Wenzhe and Caballero, Jose and Husz{\'a}r, Ferenc and Totz, Johannes and Aitken, Andrew P and Bishop, Rob and Rueckert, Daniel and Wang, Zehan},
  booktitle={CVPR},
  year={2016}
}

@inproceedings{dong2016accelerating,
  title={Accelerating the super-resolution convolutional neural network},
  author={Dong, Chao and Loy, Chen Change and Tang, Xiaoou},
  booktitle={ECCV},
  year={2016}
}

@inproceedings{lai2017deep,
  title={Deep Laplacian Pyramid Networks for Fast and Accurate Super-Resolution},
  author={Lai, Wei-Sheng and Huang, Jia-Bin and Ahuja, Narendra and Yang, Ming-Hsuan},
  booktitle={CVPR},
  year={2017}
}

@inproceedings{ledig2017photo,
  title={Photo-realistic single image super-resolution using a generative adversarial network},
  author={Ledig, Christian and Theis, Lucas and Husz{\'a}r, Ferenc and Caballero, Jose and Cunningham, Andrew and Acosta, Alejandro and Aitken, Andrew and Tejani, Alykhan and Totz, Johannes and Wang, Zehan and Shi, Wenzhe},
  booktitle={CVPR},
  year={2017}
}

@inproceedings{johnson2016perceptual,
  title={Perceptual losses for real-time style transfer and super-resolution},
  author={Johnson, Justin and Alahi, Alexandre and Fei-Fei, Li},
  booktitle={ECCV},
  year={2016}
}

@inproceedings{goodfellow2014generative,
  title={Generative adversarial nets},
  author={Goodfellow, Ian and Pouget-Abadie, Jean and Mirza, Mehdi and Xu, Bing and Warde-Farley, David and Ozair, Sherjil and Courville, Aaron and Bengio, Yoshua},
  booktitle={NeurIPS},
  year={2014}
}

@article{simonyan2014very,
  title={Very deep convolutional networks for large-scale image recognition},
  author={Simonyan, Karen and Zisserman, Andrew},
  journal={arXiv preprint arXiv:1409.1556},
  year={2014}
}

@article{perez2016antipodally,
  title={Antipodally invariant metrics for fast regression-based super-resolution},
  author={P{\'e}rez-Pellitero, Eduardo and Salvador, Jordi and Ruiz-Hidalgo, Javier and Rosenhahn, Bodo},
  journal={TIP},
  year={2016}
}

@article{karras2018progressive,
  title={Progressive Growing of GANs for Improved Quality, Stability, and Variation},
  author={Karras, Tero and Aila, Timo and Laine, Samuli and Lehtinen, Jaakko},
  journal={submitted to ICLR 2018},
  year={2017}
}

@inproceedings{glorot2011deep,
  title={Deep sparse rectifier neural networks},
  author={Glorot, Xavier and Bordes, Antoine and Bengio, Yoshua},
  booktitle={AISTATS},
  year={2011}
}

@inproceedings{lim2017enhanced,
  title={Enhanced deep residual networks for single image super-resolution},
  author={Lim, Bee and Son, Sanghyun and Kim, Heewon and Nah, Seungjun and Lee, Kyoung Mu},
  booktitle={CVPRW},
  year={2017}
}

@inproceedings{huang2017densely,
  title={Densely connected convolutional networks},
  author={Huang, Gao and Liu, Zhuang and Weinberger, Kilian Q and van der Maaten, Laurens},
  booktitle={CVPR},
  year={2017}
}

@inproceedings{tai2017memnet,
  title={MemNet: A Persistent Memory Network for Image Restoration},
  author={Tai, Ying and Yang, Jian and Liu, Xiaoming and Xu, Chunyan},
  booktitle={ICCV},
  year={2017}
}

@inproceedings{timofte2017ntire,
  title={Ntire 2017 challenge on single image super-resolution: Methods and results},
  author={Timofte, Radu and Agustsson, Eirikur and Van Gool, Luc and Yang, Ming-Hsuan and Zhang, Lei and Lim, Bee and Son, Sanghyun and Kim, Heewon and Nah, Seungjun and Lee, Kyoung Mu and others},
  booktitle={CVPRW},
  year={2017}
}

@inproceedings{szegedy2017inception,
  title={Inception-v4, Inception-ResNet and the Impact of Residual Connections on Learning.},
  author={Szegedy, Christian and Ioffe, Sergey and Vanhoucke, Vincent and Alemi, Alexander A},
  booktitle={AAAI},
  year={2017}
}

@inproceedings{shi2013cardiac,
  title={Cardiac image super-resolution with global correspondence using multi-atlas patchmatch},
  author={Shi, Wenzhe and Caballero, Jose and Ledig, Christian and Zhuang, Xiahai and Bai, Wenjia and Bhatia, Kanwal and de Marvao, Antonio M Simoes Monteiro and Dawes, Tim and O’Regan, Declan and Rueckert, Daniel},
  booktitle={MICCAI},
  year={2013}
}

@article{zou2012very,
  title={Very low resolution face recognition problem},
  author={Zou, Wilman WW and Yuen, Pong C},
  journal={TIP},
  year={2012}
}

@inproceedings{lee2015deeply,
  title={Deeply-supervised nets},
  author={Lee, Chen-Yu and Xie, Saining and Gallagher, Patrick and Zhang, Zhengyou and Tu, Zhuowen},
  booktitle={AISTATS},
  year={2015}
}

@inproceedings{zhang2017learning,
  title={Learning Deep CNN Denoiser Prior for Image Restoration},
  author={Zhang, Kai and Zuo, Wangmeng and Gu, Shuhang and Zhang, Lei},
  booktitle={CVPR},
  year={2017}
}

@inproceedings{tai2017image,
  title={Image Super-Resolution via Deep Recursive Residual Network},
  author={Tai, Ying and Yang, Jian and Liu, Xiaoming},
  booktitle={CVPR},
  year={2017}
}

@inproceedings{he2016deep,
  title={Deep residual learning for image recognition},
  author={He, Kaiming and Zhang, Xiangyu and Ren, Shaoqing and Sun, Jian},
  booktitle={CVPR},
  year={2016}
}

@article{dong2016image,
  title={Image super-resolution using deep convolutional networks},
  author={Dong, Chao and Loy, Chen Change and He, Kaiming and Tang, Xiaoou},
  journal={TPAMI},
  year={2016}
}

@inproceedings{tong2017image,
  title={Image Super-Resolution Using Dense Skip Connections},
  author={Tong, Tong and Li, Gen and Liu, Xiejie and Gao, Qinquan},
  booktitle={ICCV},
  year={2017}
}

@inproceedings{martin2001database,
  title={A database of human segmented natural images and its application to evaluating segmentation algorithms and measuring ecological statistics},
  author={Martin, David and Fowlkes, Charless and Tal, Doron and Malik, Jitendra},
  booktitle={ICCV},
  year={2001}
}

@article{matsui2017sketch,
  title={Sketch-based manga retrieval using manga109 dataset},
  author={Matsui, Yusuke and Ito, Kota and Aramaki, Yuji and Fujimoto, Azuma and Ogawa, Toru and Yamasaki, Toshihiko and Aizawa, Kiyoharu},
  journal={Multimedia Tools and Applications},
  year={2017},
  publisher={Springer}
}

@inproceedings{kingma2014adam,
  title={Adam: A method for stochastic optimization},
  author={Kingma, Diederik and Ba, Jimmy},
  booktitle={ICLR},
  year={2015}
}

@article{MSLapSRN,
    author    = {Lai, Wei-Sheng and Huang, Jia-Bin and Ahuja, Narendra and Yang, Ming-Hsuan}, 
    title     = {Fast and Accurate Image Super-Resolution with Deep Laplacian Pyramid Networks}, 
    journal   = {arXiv:1710.01992},
    year      = {2017}
}

@article{cheng2018sesr,
  title={SESR: Single Image Super Resolution with Recursive Squeeze and Excitation Networks},
  author={Cheng, Xi and Li, Xiang and Tai, Ying and Yang, Jian},
  journal={arXiv preprint arXiv:1801.10319},
  year={2018}
}

@inproceedings{zhang2018residual,
  title={Residual Dense Network for Image Super-Resolution},
  author={Zhang, Yulun and Tian, Yapeng and Kong, Yu and Zhong, Bineng and Fu, Yun},
  booktitle={CVPR},
  year={2018}
}

@inproceedings{sajjadi2017enhancenet,
  title={Enhancenet: Single image super-resolution through automated texture synthesis},
  author={Sajjadi, Mehdi SM and Sch{\"o}lkopf, Bernhard and Hirsch, Michael},
  booktitle={ICCV},
  year={2017}
}

@inproceedings{zhang2018learning,
  title={Learning a Single Convolutional Super-Resolution Network for Multiple Degradations},
  author={Zhang, Kai and Zuo, Wangmeng and Zhang, Lei},
  booktitle={CVPR},
  year={2018}
}

@article{zhang2017image,
  title={Image de-raining using a conditional generative adversarial network},
  author={Zhang, He and Sindagi, Vishwanath and Patel, Vishal M},
  journal={arXiv preprint arXiv:1701.05957},
  year={2017}
}

@inproceedings{zhang2018density,
  title={Density-aware Single Image De-raining using a Multi-stream Dense Network},
  author={Zhang, He and Patel, Vishal M },
  booktitle={CVPR},
  year={2018}
}

@inproceedings{zhang2018densely,
  title={Densely Connected Pyramid Dehazing Network},
  author={Zhang, He and Patel, Vishal M },
  booktitle={CVPR},
  year={2018}
}

@article{russakovsky2015imagenet,
  title={Imagenet large scale visual recognition challenge},
  author={Russakovsky, Olga and Deng, Jia and Su, Hao and Krause, Jonathan and Satheesh, Sanjeev and Ma, Sean and Huang, Zhiheng and Karpathy, Andrej and Khosla, Aditya and Bernstein, Michael and others},
  journal={IJCV},
  year={2015}
}

@inproceedings{paszke2017automatic,
  title={Automatic differentiation in PyTorch},
  author={Paszke, Adam and Gross, Sam and Chintala, Soumith and Chanan, Gregory and Yang, Edward and DeVito, Zachary and Lin, Zeming and Desmaison, Alban and Antiga, Luca and Lerer, Adam},
  booktitle={NeurIPS},
  year={2017}
}

@inproceedings{wang2015deep,
  title={Deep Networks for Image Super-Resolution with Sparse Prior},
  author={Wang, Zhaowen and Liu, Ding and Yang, Jianchao and Han, Wei and Huang, Thomas},
  booktitle={ICCV},
  year={2015}
}

@article{zhang2017residual,
  title={Residual networks of residual networks: Multilevel residual networks},
  author={Zhang, Ke and Sun, Miao and Han, Xu and Yuan, Xingfang and Guo, Liru and Liu, Tao},
  journal={TCSVT},
  year={2017},
  publisher={IEEE}
}

@inproceedings{perez2016psyco,
  title={Psyco: Manifold span reduction for super resolution},
  author={P{\'e}rez-Pellitero, Eduardo and Salvador, Jordi and Ruiz-Hidalgo, Javier and Rosenhahn, Bodo},
  booktitle={CVPR},
  year={2016}
}

@inproceedings{girshick2015fast,
  title={Fast R-CNN},
  author={Girshick, Ross},
  booktitle={ICCV},
  year={2015}
}

@inproceedings{wang2017residual,
  title={Residual attention network for image classification},
  author={Wang, Fei and Jiang, Mengqing and Qian, Chen and Yang, Shuo and Li, Cheng and Zhang, Honggang and Wang, Xiaogang and Tang, Xiaoou},
  booktitle={CVPR},
  year={2017}
}

@inproceedings{mnih2014recurrent,
  title={Recurrent models of visual attention},
  author={Mnih, Volodymyr and Heess, Nicolas and Graves, Alex and Kavukcuoglu, Koray},
  booktitle={NeurIPS},
  year={2014}
}

@inproceedings{cao2015look,
  title={Look and think twice: Capturing top-down visual attention with feedback convolutional neural networks},
  author={Cao, Chunshui and Liu, Xianming and Yang, Yi and Yu, Yinan and Wang, Jiang and Wang, Zilei and Huang, Yongzhen and Wang, Liang and Huang, Chang and Xu, Wei and Ramanan, Deva and Huang, Thomas S.},
  booktitle={ICCV},
  year={2015}
}

@inproceedings{jaderberg2015spatial,
  title={Spatial transformer networks},
  author={Jaderberg, Max and Simonyan, Karen and Zisserman, Andrew and Kavukcuoglu, Koray},
  booktitle={NeurIPS},
  year={2015}
}
@inproceedings{bluche2016joint,
  title={Joint line segmentation and transcription for end-to-end handwritten paragraph recognition},
  author={Bluche, Th{\'e}odore},
  booktitle={NeurIPS},
  year={2016}
}

@article{miech2017learnable,
  title={Learnable pooling with Context Gating for video classification},
  author={Miech, Antoine and Laptev, Ivan and Sivic, Josef},
  journal={arXiv preprint arXiv:1706.06905},
  year={2017}
}

@inproceedings{hu2018squeeze,
  title={Squeeze-and-excitation networks},
  author={Hu, Jie and Shen, Li and Sun, Gang},
  booktitle={CVPR},
  year={2018}
}

@inproceedings{dumoulin2016learned,
  title={A learned representation for artistic style},
  author={Dumoulin, Vincent and Shlens, Jonathon and Kudlur, Manjunath},
  booktitle={ICLR},
  year={2017}
}

@inproceedings{haris2018deep,
  title={Deep Back-Projection Networks For Super-Resolution},
  author={Haris, Muhammad and Shakhnarovich, Greg and Ukita, Norimichi},
  booktitle={CVPR},
  year={2018}
}

@inproceedings{nair2010rectified,
  title={Rectified linear units improve restricted boltzmann machines},
  author={Nair, Vinod and Hinton, Geoffrey E},
  booktitle={ICML},
  year={2010}
}

@article{fookes2012evaluation,
  title={Evaluation of image resolution and super-resolution on face recognition performance},
  author={Fookes, Clinton and Lin, Frank and Chandran, Vinod and Sridharan, Sridha},
  journal={Journal of Visual Communication and Image Representation},
  year={2012}
}

@inproceedings{li2018tell,
  title={Tell Me Where to Look: Guided Attention Inference Network},
  author={Li, Kunpeng and Wu, Ziyan and Peng, Kuan-Chuan and Ernst, Jan and Fu, Yun},
  booktitle={CVPR},
  year={2018}
}

@inproceedings{zhang2018image,
  title={Image super-resolution using very deep residual channel attention networks},
  author={Zhang, Yulun and Li, Kunpeng and Li, Kai and Wang, Lichen and Zhong, Bineng and Fu, Yun},
  booktitle={ECCV},
  year={2018}
}

@inproceedings{liu2018non,
  title={Non-local recurrent network for image restoration},
  author={Liu, Ding and Wen, Bihan and Fan, Yuchen and Loy, Chen Change and Huang, Thomas S},
  booktitle={NeurIPS},
  year={2018}
}

@inproceedings{li2019feedback,
  title={Feedback Network for Image Super-Resolution},
  author={Li, Zhen and Yang, Jinglei and Liu, Zheng and Yang, Xiaomin and Jeon, Gwanggil and Wu, Wei},
  booktitle={CVPR},
  year={2019}
}

@inproceedings{he2019ode,
  title={ODE-Inspired Network Design for Single Image Super-Resolution},
  author={He, Xiangyu and Mo, Zitao and Wang, Peisong and Liu, Yang and Yang, Mingyuan and Cheng, Jian},
  booktitle={CVPR},
  year={2019}
}

@inproceedings{dai2019second,
  title={Second-order Attention Network for Single Image Super-Resolution},
  author={Dai, Tao and Cai, Jianrui and Zhang, Yongbing and Xia, Shu-Tao and Zhang, Lei},
  booktitle={CVPR},
  year={2019}
}

@inproceedings{mei2020image,
  title={Image Super-Resolution with Cross-Scale Non-Local Attention and Exhaustive Self-Exemplars Mining},
  author={Mei, Yiqun and Fan, Yuchen and Zhou, Yuqian and Huang, Lichao and Huang, Thomas S and Shi, Humphrey},
  booktitle={CVPR},
  year={2020}
}

@inproceedings{fan2020neural,
  title={Neural Sparse Representation for Image Restoration},
  author={Fan, Yuchen and Yu, Jiahui and Mei, Yiqun and Zhang, Yulun and Fu, Yun and Liu, Ding and Huang, Thomas S},
  booktitle={NeurIPS},
  year={2020}
}

@inproceedings{zhou2020cross,
  title={Cross-Scale Internal Graph Neural Network for Image Super-Resolution},
  author={Zhou, Shangchen and Zhang, Jiawei and Zuo, Wangmeng and Loy, Chen Change},
  booktitle={NeurIPS},
  year={2020}
}

@inproceedings{liu2020residual,
  title={Residual Feature Aggregation Network for Image Super-Resolution},
  author={Liu, Jie and Zhang, Wenjie and Tang, Yuting and Tang, Jie and Wu, Gangshan},
  booktitle={CVPR},
  year={2020}
}

@inproceedings{guo2020closed,
  title={Closed-loop Matters: Dual Regression Networks for Single Image Super-Resolution},
  author={Guo, Yong and Chen, Jian and Wang, Jingdong and Chen, Qi and Cao, Jiezhang and Deng, Zeshuai and Xu, Yanwu and Tan, Mingkui},
  booktitle={CVPR},
  year={2020}
}

@inproceedings{niu2020single,
  title={Single Image Super-Resolution via a Holistic Attention Network},
  author={Niu, Ben and Wen, Weilei and Ren, Wenqi and Zhang, Xiangde and Yang, Lianping and Wang, Shuzhen and Zhang, Kaihao and Cao, Xiaochun and Shen, Haifeng},
  booktitle={ECCV},
  year={2020}
}

@inproceedings{zhang2019rnan,
    title={Residual Non-local Attention Networks for Image Restoration},
    author={Zhang, Yulun and Li, Kunpeng and Li, Kai and Zhong, Bineng and Fu, Yun},
    booktitle={ICLR},
    year={2019}
}

@article{zhang2020rdnir,
    title={Residual Dense Network for Image Restoration},
    author={Zhang, Yulun and Tian, Yapeng and Kong, Yu and Zhong, Bineng and Fu, Yun},
    journal={TPAMI},
    year={2020}
}

@inproceedings{chen2018iterative,
  title={Iterative visual reasoning beyond convolutions},
  author={Chen, Xinlei and Li, Li-Jia and Fei-Fei, Li and Gupta, Abhinav},
  booktitle={CVPR},
  year={2018}
}

@inproceedings{santoro2017simple,
  title={A simple neural network module for relational reasoning},
  author={Santoro, Adam and Raposo, David and Barrett, David G and Malinowski, Mateusz and Pascanu, Razvan and Battaglia, Peter and Lillicrap, Timothy},
  booktitle={NeurIPS},
  year={2017}
}

@inproceedings{zhou2018temporal,
  title={Temporal relational reasoning in videos},
  author={Zhou, Bolei and Andonian, Alex and Oliva, Aude and Torralba, Antonio},
  booktitle={ECCV},
  year={2018}
}

@inproceedings{li2019vsr,
  title={Visual semantic reasoning for image-text matching},
  author={Li, Kunpeng and Zhang, Yulun and Li, Kai and Li, Yuanyuan and Fu, Yun},
  booktitle={ICCV},
  year={2019}
}

@article{newell1980physical,
  title={Physical symbol systems},
  author={Newell, Allen},
  journal={Cognitive science},
  year={1980}
}

@article{hobbs1993interpretation,
  title={Interpretation as abduction},
  author={Hobbs, Jerry R and Stickel, Mark E and Martin, Paul},
  journal={Artificial intelligence},
  year={1993}
}

@article{harnad1990symbol,
  title={The symbol grounding problem},
  author={Harnad, Stevan},
  journal={Physica D: Nonlinear Phenomena},
  year={1990}
}


@inproceedings{lao2011random,
  title={Random walk inference and learning in a large scale knowledge base},
  author={Lao, Ni and Mitchell, Tom and Cohen, William W},
  booktitle={EMNLP},
  year={2011}
}

@inproceedings{chandra2017dense,
  title={Dense and low-rank Gaussian CRFs using deep embeddings},
  author={Chandra, Siddhartha and Usunier, Nicolas and Kokkinos, Iasonas},
  booktitle={ICCV},
  year={2017}
}


@inproceedings{bertasius2017convolutional,
  title={Convolutional random walk networks for semantic image segmentation},
  author={Bertasius, Gedas and Torresani, Lorenzo and Yu, Stella X and Shi, Jianbo},
  booktitle={CVPR},
  year={2017}
}

@inproceedings{wang2018videos,
  title={Videos as space-time region graphs},
  author={Wang, Xiaolong and Gupta, Abhinav},
  booktitle={ECCV},
  year={2018}
}

@article{yang2018visual,
  title={Visual semantic navigation using scene priors},
  author={Yang, Wei and Wang, Xiaolong and Farhadi, Ali and Gupta, Abhinav and Mottaghi, Roozbeh},
  journal={ICLR},
  year={2019}
}

@inproceedings{yao2018exploring,
  title={Exploring visual relationship for image captioning},
  author={Yao, Ting and Pan, Yingwei and Li, Yehao and Mei, Tao},
  booktitle={ECCV},
  year={2018}
}

@inproceedings{gu2019scene,
  title={Scene graph generation with external knowledge and image reconstruction},
  author={Gu, Jiuxiang and Zhao, Handong and Lin, Zhe and Li, Sheng and Cai, Jianfei and Ling, Mingyang},
  booktitle={CVPR},
  year={2019}
}

@inproceedings{li2018support,
  title={Support neighbor loss for person re-identification},
  author={Li, Kai and Ding, Zhengming and Li, Kunpeng and Zhang, Yulun and Fu, Yun},
  booktitle={ACM Multimedia},
  year={2018}
}

@article{li2019gain,
  title={Guided attention inference network},
   author={Li, Kunpeng and Wu, Ziyan and Peng, Kuan-Chuan and Ernst, Jan and Fu, Yun},
  journal={TPAMI},
  year={2019}
}


@inproceedings{li2017multi,
  title={Multi-stream deep similarity learning networks for visual tracking},
  author={Li, Kunpeng and Kong, Yu and Fu, Yun},
  booktitle={IJCAI},
  year={2017}
}

@inproceedings{li2019attnbn,
  title={Attention bridging network for knowledge transfer},
  author={Li, Kunpeng and Zhang, Yulun and Li, Kai and Li, Yuanyuan and Fu, Yun},
  booktitle={ICCV},
  year={2019}
}

@inproceedings{zhang2019mst,
  title={Multimodal Style Transfer via Graph Cuts},
  author={Zhang, Yulun and Fang, Chen and Wang, Yilin and Wang, Zhaowen and Lin, Zhe and Fu, Yun and Yang, Jimei},
  booktitle={ICCV},
  year={2019}
}



@inproceedings{venugopalan2015sequence,
  title={Sequence to sequence-video to text},
  author={Venugopalan, Subhashini and Rohrbach, Marcus and Darrell, Trevor and Saenko, Kate},
  booktitle={ICCV},
  year={2015}
}



@inproceedings{chen2019graph,
  title={Graph-based global reasoning networks},
  author={Chen, Yunpeng and Rohrbach, Marcus and Yan, Zhicheng and Shuicheng, Yan and Feng, Jiashi and Kalantidis, Yannis},
  booktitle={CVPR},
  year={2019}
}

@inproceedings{li2019visual,
  title={Visual semantic reasoning for image-text matching},
  author={Li, Kunpeng and Zhang, Yulun and Li, Kai and Li, Yuanyuan and Fu, Yun},
  booktitle={ICCV},
  year={2019}
}

@inproceedings{kipf2017semi,
  title={Semi-Supervised Classification with Graph Convolutional Networks},
  author={Kipf, Thomas N. and Welling, Max},
  booktitle={ICLR},
  year={2017}
}

@article{krishna2017visual,
  title={Visual genome: Connecting language and vision using crowdsourced dense image annotations},
  author={Krishna, Ranjay and Zhu, Yuke and Groth, Oliver and Johnson, Justin and Hata, Kenji and Kravitz, Joshua and Chen, Stephanie and Kalantidis, Yannis and Li, Li-Jia and Shamma, David A and others},
  journal={IJCV},
  year={2017},
  publisher={Springer}
}

@inproceedings{wang2018non,
  title={Non-local neural networks},
  author={Wang, Xiaolong and Girshick, Ross and Gupta, Abhinav and He, Kaiming},
  booktitle={CVPR},
  year={2018}
}

@inproceedings{vaswani2017attention,
  title={Attention is all you need},
  author={Vaswani, Ashish and Shazeer, Noam and Parmar, Niki and Uszkoreit, Jakob and Jones, Llion and Gomez, Aidan N and Kaiser, {\L}ukasz and Polosukhin, Illia},
  booktitle={NeurIPS},
  year={2017}
}

@inproceedings{lin2020context,
  title={Context-Gated Convolution},
  author={Lin, Xudong and Ma, Lin and Liu, Wei and Chang, Shih-Fu},
  booktitle={ECCV},
  year={2020}
}

@article{howard2017mobilenets,
  title={Mobilenets: Efficient convolutional neural networks for mobile vision applications},
  author={Howard, Andrew G and Zhu, Menglong and Chen, Bo and Kalenichenko, Dmitry and Wang, Weijun and Weyand, Tobias and Andreetto, Marco and Adam, Hartwig},
  journal={arXiv preprint arXiv:1704.04861},
  year={2017}
}

@inproceedings{chollet2017xception,
  title={Xception: Deep learning with depthwise separable convolutions},
  author={Chollet, Fran{\c{c}}ois},
  booktitle={CVPR},
  year={2017}
}

@article{ha2016hypernetworks,
  title={Hypernetworks},
  author={Ha, David and Dai, Andrew and Le, Quoc V},
  journal={arXiv preprint arXiv:1609.09106},
  year={2016}
}

@inproceedings{zamir2017feedback,
  title={Feedback networks},
  author={Zamir, Amir R and Wu, Te-Lin and Sun, Lin and Shen, William B and Shi, Bertram E and Malik, Jitendra and Savarese, Silvio},
  booktitle={CVPR},
  year={2017}
}
@inproceedings{yang2018convolutional,
  title={Convolutional neural networks with alternately updated clique},
  author={Yang, Yibo and Zhong, Zhisheng and Shen, Tiancheng and Lin, Zhouchen},
  booktitle={CVPR},
  year={2018}
}

@article{gilbert2013top,
  title={Top-down influences on visual processing},
  author={Gilbert, Charles D and Li, Wu},
  journal={Nature Reviews Neuroscience},
  volume={14},
  number={5},
  pages={350},
  year={2013},
  publisher={Nature Publishing Group}
}

@inproceedings{dai2017deformable,
  title={Deformable convolutional networks},
  author={Dai, Jifeng and Qi, Haozhi and Xiong, Yuwen and Li, Yi and Zhang, Guodong and Hu, Han and Wei, Yichen},
  booktitle={ICCV},
  year={2017}
}

@inproceedings{jo2018deep,
  title={Deep video super-resolution network using dynamic upsampling filters without explicit motion compensation},
  author={Jo, Younghyun and Wug Oh, Seoung and Kang, Jaeyeon and Joo Kim, Seon},
  booktitle={CVPR},
  year={2018}
}
@inproceedings{mildenhall2018burst,
  title={Burst denoising with kernel prediction networks},
  author={Mildenhall, Ben and Barron, Jonathan T and Chen, Jiawen and Sharlet, Dillon and Ng, Ren and Carroll, Robert},
  booktitle={CVPR},
  year={2018}
}

@inproceedings{cheng2018dual,
  title={Dual skipping networks},
  author={Cheng, Changmao and Fu, Yanwei and Jiang, Yu-Gang and Liu, Wei and Lu, Wenlian and Feng, Jianfeng and Xue, Xiangyang},
  booktitle={CVPR},
  year={2018}
}

@inproceedings{zhu2019deformable,
  title={Deformable convnets v2: More deformable, better results},
  author={Zhu, Xizhou and Hu, Han and Lin, Stephen and Dai, Jifeng},
  booktitle={CVPR},
  year={2019}
}

@article{wu2019pay,
  title={Pay less attention with lightweight and dynamic convolutions},
  author={Wu, Felix and Fan, Angela and Baevski, Alexei and Dauphin, Yann N and Auli, Michael},
  journal={arXiv preprint arXiv:1901.10430},
  year={2019}
}

@inproceedings{cao2019gcnet,
  title={Gcnet: Non-local networks meet squeeze-excitation networks and beyond},
  author={Cao, Yue and Xu, Jiarui and Lin, Stephen and Wei, Fangyun and Hu, Han},
  booktitle={ICCVW},
  year={2019}
}

@inproceedings{bello2019attention,
  title={Attention augmented convolutional networks},
  author={Bello, Irwan and Zoph, Barret and Vaswani, Ashish and Shlens, Jonathon and Le, Quoc V},
  booktitle={ICCV},
  year={2019}
}

@inproceedings{woo2018cbam,
  title={Cbam: Convolutional block attention module},
  author={Woo, Sanghyun and Park, Jongchan and Lee, Joon-Young and So Kweon, In},
  booktitle={ECCV},
  year={2018}
}

@inproceedings{jia2016dynamic,
  title={Dynamic filter networks},
  author={Jia, Xu and De Brabandere, Bert and Tuytelaars, Tinne and Gool, Luc V},
  booktitle={NeurIPS},
  year={2016}
}

@article{li2004perceptual,
  title={Perceptual learning and top-down influences in primary visual cortex},
  author={Li, Wu and Pi{\"e}ch, Valentin and Gilbert, Charles D},
  journal={Nature neuroscience},
  volume={7},
  number={6},
  pages={651--657},
  year={2004},
  publisher={Nature Publishing Group}
}

@article{gilbert2013top,
  title={Top-down influences on visual processing},
  author={Gilbert, Charles D and Li, Wu},
  journal={Nature Reviews Neuroscience},
  volume={14},
  number={5},
  pages={350},
  year={2013},
  publisher={Nature Publishing Group}
}

@inproceedings{ren2017image,
  title={Image super resolution based on fusing multiple convolution neural networks},
  author={Ren, Haoyu and El-Khamy, Mostafa and Lee, Jungwon},
  booktitle={CVPRW},
  year={2017}
}

@inproceedings{fan2017balanced,
  title={Balanced two-stage residual networks for image super-resolution},
  author={Fan, Yuchen and Shi, Honghui and Yu, Jiahui and Liu, Ding and Han, Wei and Yu, Haichao and Wang, Zhangyang and Wang, Xinchao and Huang, Thomas S},
  booktitle={CVPRW},
  year={2017}
}

@inproceedings{choi2017deep,
  title={A deep convolutional neural network with selection units for super-resolution},
  author={Choi, Jae-Seok and Kim, Munchurl},
  booktitle={CVPRW},
  year={2017}
}

@inproceedings{ahn2018fast,
  title={Fast, accurate, and lightweight super-resolution with cascading residual network},
  author={Ahn, Namhyuk and Kang, Byungkon and Sohn, Kyung-Ah},
  booktitle={ECCV},
  year={2018}
}

@inproceedings{hui2019lightweight,
  title={Lightweight image super-resolution with information multi-distillation network},
  author={Hui, Zheng and Gao, Xinbo and Yang, Yunchu and Wang, Xiumei},
  booktitle={ACM MM},
  year={2019}
}

@inproceedings{luolatticenet,
  title={LatticeNet: Towards Lightweight Image Super-resolution with Lattice Block},
  author={Luo, Xiaotong and Xie, Yuan and Zhang, Yulun and Qu, Yanyun and Li, Cuihua and Fu, Yun},
  booktitle={ECCV},
  year={2020}
}

@inproceedings{lee2020learning,
  title={Learning with privileged information for efficient image super-resolution},
  author={Lee, Wonkyung and Lee, Junghyup and Kim, Dohyung and Ham, Bumsub},
  booktitle={ECCV},
  year={2020}
}

@article{choi2018lightweight,
  title={Lightweight and Efficient Image Super-Resolution with Block State-based Recursive Network},
  author={Choi, Jun-Ho and Kim, Jun-Hyuk and Cheon, Manri and Lee, Jong-Seok},
  journal={arXiv preprint arXiv:1811.12546},
  year={2018}
}

@article{chu2019fast,
  title={Fast, accurate and lightweight super-resolution with neural architecture search},
  author={Chu, Xiangxiang and Zhang, Bo and Ma, Hailong and Xu, Ruijun and Li, Qingyuan},
  journal={arXiv preprint arXiv:1901.07261},
  year={2019}
}

@inproceedings{hinton2014distilling,
  title={Distilling the knowledge in a neural network},
  author={Hinton, Geoffrey and Vinyals, Oriol and Dean, Jeff},
  booktitle={NeurIPS Workshop},
  year={2014}
}

@inproceedings{zoph2017neural,
  title={Neural Architecture Search with Reinforcement Learning},
  author={Zoph, Barret and Le, Quoc},
  booktitle={ICLR},
  year={2017}
}

@article{elsken2019neural,
  title={Neural Architecture Search: A Survey},
  author={Elsken, Thomas and Metzen, Jan Hendrik and Hutter, Frank},
  journal={JMLR},
  year={2019}
}

@inproceedings{he2020fakd,
  title={Fakd: Feature-Affinity Based Knowledge Distillation for Efficient Image Super-Resolution},
  author={He, Zibin and Dai, Tao and Lu, Jian and Jiang, Yong and Xia, Shu-Tao},
  booktitle={ICIP},
  year={2020}
}

@ARTICLE{Ree93,
  author =       {R. Reed},
  title =        {Pruning algorithms -- a survey},
  journal =      {{IEEE} Transactions on Neural Networks},
  year =         {1993}
}

@article{sze2017efficient,
  title={Efficient processing of deep neural networks: A tutorial and survey},
  author={Sze, Vivienne and Chen, Yu-Hsin and Yang, Tien-Ju and Emer, Joel S},
  journal={Proceedings of the IEEE},
  year={2017},
}

# FP
@inproceedings{li2017pruning,
  title={Pruning filters for efficient convnets},
  author={Li, Hao and Kadav, Asim and Durdanovic, Igor and Samet, Hanan and Graf, Hans Peter},
  booktitle={ICLR},
  year={2017}
}

@inproceedings{han2015learning,
  title={Learning both weights and connections for efficient neural network},
  author={Han, Song and Pool, Jeff and Tran, John and Dally, William J},
  booktitle={NeurIPS},
  year={2015}
}

@inproceedings{han2015deep,
  title={Deep compression: Compressing deep neural networks with pruning, trained quantization and huffman coding},
  author={Han, Song and Mao, Huizi and Dally, William J},
  booktitle={ICLR},
  year={2016}
}

@inproceedings{wen2016learning,
  title={Learning structured sparsity in deep neural networks},
  author={Wen, Wei and Wu, Chunpeng and Wang, Yandan and Chen, Yiran and Li, Hai},
  booktitle={NeurIPS},
  year={2016}
}

@inproceedings{wang2021neural,
  title={Neural Pruning via Growing Regularization},
  author={Wang, Huan and Qin, Can and Zhang, Yulun and Fu, Yun},
  booktitle={ICLR},
  year={2021}
}

# TP
@inproceedings{MolTyrKar17,
  author =   {P. Molchanov and S. Tyree and T. Karras},
  title =     {Pruning Convolutional Neural Networks for Resource Efficient Inference},
  booktitle = {ICLR},
  year =      {2017},
}

# Taylor-FO
@inproceedings{molchanov2019importance,
  title={Importance Estimation for Neural Network Pruning},
  author={Molchanov, Pavlo and Mallya, Arun and Tyree, Stephen and Frosio, Iuri and Kautz, Jan},
  booktitle={CVPR},
  year={2019}
}

# OBD
@inproceedings{OBD,
  author =       {Y. LeCun and J. S. Denker and S. A. Solla},
  title =        {Optimal brain damage},
  booktitle =    {NeurIPS},
  year =         {1990},
}

@inproceedings{OBS,
  author =       {B. Hassibi and D. G. Stork},
  title =        {Second order derivatives for network pruning: Optimal brain surgeon},
  booktitle =    {NeurIPS},
  year =         {1993},
}

@inproceedings{wang2019eigendamage,
  title={EigenDamage: Structured Pruning in the Kronecker-Factored Eigenbasis},
  author={Wang, Chaoqi and Grosse, Roger and Fidler, Sanja and Zhang, Guodong},
  booktitle={ICML},
  year={2019}
}

@inproceedings{mittal2018recovering,
  title={Recovering from random pruning: On the plasticity of deep convolutional neural networks},
  author={Mittal, Deepak and Bhardwaj, Shweta and Khapra, Mitesh M and Ravindran, Balaraman},
  booktitle={WACV},
  year={2018},
}

@article{wang2019structured,
  title={Structured pruning for efficient convolutional neural networks via incremental regularization},
  author={Wang, Huan and Hu, Xinyi and Zhang, Qiming and Wang, Yuehai and Yu, Lu and Hu, Haoji},
  journal={IEEE Journal of Selected Topics in Signal Processing},
  volume={14},
  number={4},
  pages={775--788},
  year={2019},
}

@article{chu2019multi,
  title={Multi-objective reinforced evolution in mobile neural architecture search},
  author={Chu, Xiangxiang and Zhang, Bo and Xu, Ruijun and Ma, Hailong},
  journal={arXiv preprint arXiv:1901.01074},
  year={2019}
}

@article{HanLiuMao16,
  author =       {S. Han and X. Liu and H. Mao},
  title =        {{EIE}: efficient inference engine on compressed deep neural network},
  journal =      {{ACM} Sigarch Computer Architecture News},
  volume = {44},
  number = {3},
  pages = {243-254},
  year =         {2016},
}

@article{duffau2003functional,
  title={Functional recovery after surgical resection of low grade gliomas in eloquent brain: hypothesis of brain compensation},
  author={Duffau, H and Capelle, L and Denvil, D and Sichez, N and Gatignol, P and Lopes, M and Mitchell, MC and Sichez, JP and Van Effenterre, R},
  journal={Journal of Neurology, Neurosurgery \& Psychiatry},
  volume={74},
  number={7},
  pages={901--907},
  year={2003},
}

@article{donoho2006compressed,
  title={Compressed sensing},
  author={Donoho, David L},
  journal={TIT},
  year={2006}
}

@inproceedings{liu2017learning,
  title={Learning efficient convolutional networks through network slimming},
  author={Liu, Zhuang and Li, Jianguo and Shen, Zhiqiang and Huang, Gao and Yan, Shoumeng and Zhang, Changshui},
  booktitle={ICCV},
  year={2017}
}

@inproceedings{ye2018rethinking,
  title={Rethinking the smaller-norm-less-informative assumption in channel pruning of convolution layers},
  author={Ye, Jianbo and Lu, Xin and Lin, Zhe and Wang, James Z},
  booktitle={ICLR},
  year={2018}
}

@inproceedings{resnet,
  author = {K. He and X. Zhang and S. Ren and J. Sun},
  title  = {Deep Residual Learning for Image Recognition},
  booktitle = {CVPR},
  year = {2016},
}

@inproceedings{salimans2016weight,
  title={Weight Normalization: A Simple Reparameterization to Accelerate Training of Deep Neural Networks},
  author={Salimans, Tim and Kingma, Diederik P},
  booktitle={NeurIPS},
  year={2016}
}

@inproceedings{ioffe2015batch,
  title={Batch Normalization: Accelerating Deep Network Training by Reducing Internal Covariate Shift},
  author={Ioffe, Sergey and Szegedy, Christian},
  booktitle={ICML},
  year={2015}
}

@inproceedings{junjie2020dynamic,
  title={Dynamic Sparse Training: Find Efficient Sparse Network From Scratch With Trainable Masked Layers},
  author={Liu, Junjie and Xu, Zhe and Shi, Runbin and Cheung, Ray CC and So, Hayden KH},
  booktitle={ICLR},
  year={2020}
}

@inproceedings{kusupati2020soft,
  title={Soft Threshold Weight Reparameterization for Learnable Sparsity},
  author={Kusupati, Aditya and Ramanujan, Vivek and Somani, Raghav and Wortsman, Mitchell and Jain, Prateek and Kakade, Sham and Farhadi, Ali},
  booktitle={ICML},
  year={2020}
}

@inproceedings{kang2020operation,
  title={Operation-Aware Soft Channel Pruning using Differentiable Masks},
  author={Kang, Minsoo and Han, Bohyung},
  booktitle={ICML},
  year={2020},
}

@book{bishop2006pattern,
  title={Pattern recognition and machine learning},
  author={Bishop, Christopher M},
  year={2006},
  publisher={springer}
}

@article{gale2019state,
  title={The state of sparsity in deep neural networks},
  author={Gale, Trevor and Elsen, Erich and Hooker, Sara},
  journal={arXiv preprint arXiv:1902.09574},
  year={2019}
}

@article{sze2017efficient,
  title={Efficient processing of deep neural networks: A tutorial and survey},
  author={Sze, Vivienne and Chen, Yu-Hsin and Yang, Tien-Ju and Emer, Joel S},
  journal={Proceedings of the IEEE},
  volume={105},
  number={12},
  pages={2295--2329},
  year={2017},
}

@article{cheng2018recent,
  title={Recent advances in efficient computation of deep convolutional neural networks},
  author={Cheng, Jian and Wang, Pei-song and Li, Gang and Hu, Qing-hao and Lu, Han-qing},
  journal={Frontiers of Information Technology \& Electronic Engineering},
  volume={19},
  number={1},
  pages={64--77},
  year={2018},
}

@article{cheng2018model,
  title={Model compression and acceleration for deep neural networks: The principles, progress, and challenges},
  author={Cheng, Yu and Wang, Duo and Zhou, Pan and Zhang, Tao},
  journal={IEEE Signal Processing Magazine},
  volume={35},
  number={1},
  pages={126--136},
  year={2018},
}

@inproceedings{blalock2020state,
  title={What is the State of Neural Network Pruning?},
  author={Blalock, Davis and Gonzalez, Jose Javier and Frankle, Jonathan and Guttag, John V},
  booktitle={MLSys},
  year={2020}
}

@inproceedings{he2017channel,
  title={Channel pruning for accelerating very deep neural networks},
  author={He, Yihui and Zhang, Xiangyu and Sun, Jian},
  booktitle={ICCV},
  year={2017}
}

@inproceedings{louizoslearning,
  title={Learning Sparse Neural Networks through $ L\_0 $ Regularization},
  author={Louizos, Christos and Welling, Max and Kingma, Diederik P},
  booktitle={ICLR},
  year={2018},
}

# AFP
@inproceedings{DinDinHanTan18,
  author = {Ding, Xiaohan and Ding, Guiguang and Han, Jungong and Tang, Sheng},
  title = {Auto-balanced filter pruning for efficient convolutional neural networks},
  booktitle = {AAAI},
  year = {2018},
}

# AOFP
@inproceedings{ding2019approximated,
  title={Approximated Oracle Filter Pruning for Destructive CNN Width Optimization},
  author={Ding, Xiaohan and Ding, Guiguang and Guo, Yuchen and Han, Jungong and Yan, Chenggang},
  booktitle={ICML},
  year={2019}
}

@inproceedings{zhang2021aligned,
  title={Aligned Structured Sparsity Learning for Efficient Image Super-Resolution},
  author={Zhang, Yulun and Wang, Huan and Qin, Can and Fu, Yun},
  booktitle={NeurIPS},
  year={2021}
}

@inproceedings{zhang2022learning,
  title={Learning Efficient Image Super-Resolution Networks via Structure-Regularized Pruning},
  author={Zhang, Yulun and Wang, Huan and Qin, Can and Fu, Yun},
  booktitle={ICLR},
  year={2022}
}

@inproceedings{li2020dhp,
  title={Dhp: Differentiable meta pruning via hypernetworks},
  author={Li, Yawei and Gu, Shuhang and Zhang, Kai and Gool, Luc Van and Timofte, Radu},
  booktitle={ECCV},
  year={2020}
}

@article{li2020heterogeneity,
  title={The heterogeneity hypothesis: Finding layer-wise dissimilated network architecture},
  author={Li, Yawei and Li, Wen and Danelljan, Martin and Zhang, Kai and Gu, Shuhang and Van Gool, Luc and Timofte, Radu},
  journal={arXiv preprint arXiv:2006.16242},
  volume={64},
  year={2020}
}

@inproceedings{ha2017hypernetworks,
  title={Hypernetworks},
  author={Ha, David and Dai, Andrew and Le, Quoc V},
  booktitle={ICLR},
  year={2017}
}

@inproceedings{brock2018smash,
  title={Smash: one-shot model architecture search through hypernetworks},
  author={Brock, Andrew and Lim, Theodore and Ritchie, James M and Weston, Nick},
  booktitle={ICLR},
  year={2018}
}

@inproceedings{liu2019metapruning,
  title={Metapruning: Meta learning for automatic neural network channel pruning},
  author={Liu, Zechun and Mu, Haoyuan and Zhang, Xiangyu and Guo, Zichao and Yang, Xin and Cheng, Kwang-Ting and Sun, Jian},
  booktitle={ICCV},
  year={2019}
}

@inproceedings{hu2019meta,
  title={Meta-SR: A magnification-arbitrary network for super-resolution},
  author={Hu, Xuecai and Mu, Haoyuan and Zhang, Xiangyu and Wang, Zilei and Tan, Tieniu and Sun, Jian},
  booktitle={CVPR},
  year={2019}
}

@inproceedings{kong2022residual,
  title={Residual Local Feature Network for Efficient Super-Resolution},
  author={Kong, Fangyuan and Li, Mingxi and Liu, Songwei and Liu, Ding and He, Jingwen and Bai, Yang and Chen, Fangmin and Fu, Lean},
  booktitle={CVPRW},
  year={2022}
}

@inproceedings{li2022ntire,
  title={Ntire 2022 challenge on efficient super-resolution: Methods and results},
  author={Li, Yawei and Zhang, Kai and Timofte, Radu and Van Gool, Luc and Kong, Fangyuan and Li, Mingxi and Liu, Songwei and Du, Zongcai and Liu, Ding and Zhou, Chenhui and others},
  booktitle={CVPRW},
  year={2022}
}

@inproceedings{liu2021swin,
  title={Swin transformer: Hierarchical vision transformer using shifted windows},
  author={Liu, Ze and Lin, Yutong and Cao, Yue and Hu, Han and Wei, Yixuan and Zhang, Zheng and Lin, Stephen and Guo, Baining},
  booktitle={ICCV},
  year={2021}
}

@inproceedings{liang2021swinir,
  title={Swinir: Image restoration using swin transformer},
  author={Liang, Jingyun and Cao, Jiezhang and Sun, Guolei and Zhang, Kai and Van Gool, Luc and Timofte, Radu},
  booktitle={ICCVW},
  year={2021}
}

@inproceedings{zhang2022efficient,
  title={Efficient Long-Range Attention Network for Image Super-Resolution},
  author={Zhang, Xindong and Zeng, Hui and Guo, Shi and Zhang, Lei},
  booktitle={ECCV},
  year={2022}
}

@article{luo2022lattice,
  title={Lattice Network for Lightweight Image Restoration},
  author={Luo, Xiaotong and Qu, Yanyun and Xie, Yuan and Zhang, Yulun and Li, Cuihua and Fu, Yun},
  journal={TPAMI},
  year={2022},
  publisher={IEEE}
}

## add on 2023/01/24
@inproceedings{chen2022cross,
    title={Cross Aggregation Transformer for Image Restoration},
    author={Chen, Zheng and Zhang, Yulun and Gu, Jinjin and Zhang, Yongbing and Kong, Linghe and Yuan, Xin},
    booktitle={NeurIPS},
    year={2022}
}

## add on 2023/03/05
@article{courbariaux2016binarized,
  title={Binarized neural networks: Training deep neural networks with weights and activations constrained to+ 1 or-1},
  author={Courbariaux, Matthieu and Hubara, Itay and Soudry, Daniel and El-Yaniv, Ran and Bengio, Yoshua},
  journal={arXiv preprint arXiv:1602.02830},
  year={2016}
}

@article{zhou2016dorefa,
  title={Dorefa-net: Training low bitwidth convolutional neural networks with low bitwidth gradients},
  author={Zhou, Shuchang and Wu, Yuxin and Ni, Zekun and Zhou, Xinyu and Wen, He and Zou, Yuheng},
  journal={arXiv preprint arXiv:1606.06160},
  year={2016}
}

@inproceedings{liu2018bi,
  title={Bi-real net: Enhancing the performance of 1-bit cnns with improved representational capability and advanced training algorithm},
  author={Liu, Zechun and Wu, Baoyuan and Luo, Wenhan and Yang, Xin and Liu, Wei and Cheng, Kwang-Ting},
  booktitle={ECCV},
  year={2018}
}

@inproceedings{liu2020reactnet,
  title={Reactnet: Towards precise binary neural network with generalized activation functions},
  author={Liu, Zechun and Shen, Zhiqiang and Savvides, Marios and Cheng, Kwang-Ting},
  booktitle={ECCV},
  year={2020}
}

@inproceedings{xin2020binarized,
  title={Binarized neural network for single image super resolution},
  author={Xin, Jingwei and Wang, Nannan and Jiang, Xinrui and Li, Jie and Huang, Heng and Gao, Xinbo},
  booktitle={ECCV},
  year={2020}
}

@inproceedings{xia2023basic,
  title={Basic Binary Convolution Unit for Binarized Image Restoration Network},
  author={Xia, Bin and Zhang, Yulun and Wang, Yitong and Tian, Yapeng and Yang, Wenming and Timofte, Radu and Van Gool, Luc},
  booktitle={ICLR},
  year={2022}
}

@inproceedings{qin2020forward,
  title={Forward and backward information retention for accurate binary neural networks},
  author={Qin, Haotong and Gong, Ruihao and Liu, Xianglong and Shen, Mingzhu and Wei, Ziran and Yu, Fengwei and Song, Jingkuan},
  booktitle={CVPR},
  year={2020}
}

@inproceedings{jiang2021training,
  title={Training binary neural network without batch normalization for image super-resolution},
  author={Jiang, Xinrui and Wang, Nannan and Xin, Jingwei and Li, Keyu and Yang, Xi and Gao, Xinbo},
  booktitle={AAAI},
  year={2021}
}

@inproceedings{li2020pams,
  title={Pams: Quantized super-resolution via parameterized max scale},
  author={Li, Huixia and Yan, Chenqian and Lin, Shaohui and Zheng, Xiawu and Zhang, Baochang and Yang, Fan and Ji, Rongrong},
  booktitle={ECCV},
  year={2020}
}

@inproceedings{solodskikh2022towards,
  title={Towards Accurate Network Quantization with Equivalent Smooth Regularizer},
  author={Solodskikh, Kirill and Chikin, Vladimir and Aydarkhanov, Ruslan and Song, Dehua and Zhelavskaya, Irina and Wei, Jiansheng},
  booktitle={ECCV},
  year={2022}
}

@inproceedings{qin2022bibert,
  title={Bibert: Accurate fully binarized bert},
  author={Qin, Haotong and Ding, Yifu and Zhang, Mingyuan and Yan, Qinghua and Liu, Aishan and Dang, Qingqing and Liu, Ziwei and Liu, Xianglong},
  booktitle={ICLR},
  year={2022}
}

@inproceedings{liu2022bit,
  title={Bit: Robustly binarized multi-distilled transformer},
  author={Liu, Zechun and Oguz, Barlas and Pappu, Aasish and Xiao, Lin and Yih, Scott and Li, Meng and Krishnamoorthi, Raghuraman and Mehdad, Yashar},
  booktitle={NeurIPS},
  year={2022}
}

@inproceedings{rastegari2016xnor,
  title={Xnor-net: Imagenet classification using binary convolutional neural networks},
  author={Rastegari, Mohammad and Ordonez, Vicente and Redmon, Joseph and Farhadi, Ali},
  booktitle={ECCV},
  year={2016}
}

@inproceedings{xu2021learning,
  title={Learning frequency domain approximation for binary neural networks},
  author={Xu, Yixing and Han, Kai and Xu, Chang and Tang, Yehui and Xu, Chunjing and Wang, Yunhe},
  booktitle={NeurIPS},
  year={2021}
}

@inproceedings{martinez2020training,
  title={Training binary neural networks with real-to-binary convolutions},
  author={Martinez, Brais and Yang, Jing and Bulat, Adrian and Tzimiropoulos, Georgios},
  booktitle={ICLR},
  year={2020}
}

@article{li2022local,
  title={Local Means Binary Networks for Image Super-Resolution},
  author={Li, Keyu and Wang, Nannan and Xin, Jingwei and Jiang, Xinrui and Li, Jie and Gao, Xinbo and Han, Kai and Wang, Yunhe},
  journal={TNNLS},
  year={2022}
}

@inproceedings{ma2019efficient,
  title={Efficient super resolution using binarized neural network},
  author={Ma, Yinglan and Xiong, Hongyu and Hu, Zhe and Ma, Lizhuang},
  booktitle={CVPRW},
  year={2019}
}

@inproceedings{wang2020bidet,
author = {Wang, Ziwei and Wu, Ziyi and Lu, Jiwen and Zhou, Jie},
title = {BiDet: An Efficient Binarized Object Detector},
booktitle = {CVPR},
year = {2020}
}

@inproceedings{ding2019regularizing,
  title={Regularizing activation distribution for training binarized deep networks},
  author={Ding, Ruizhou and Chin, Ting-Wu and Liu, Zeye and Marculescu, Diana},
  booktitle={CVPR},
  year={2019}
}

@inproceedings{hong2022cadyq,
  title={CADyQ: Content-Aware Dynamic Quantization for Image Super-Resolution},
  author={Hong, Cheeun and Baik, Sungyong and Kim, Heewon and Nah, Seungjun and Lee, Kyoung Mu},
  booktitle={ECCV},
  year={2022}
}

@inproceedings{zhang2023accurate,
  title={Accurate Image Restoration with Attention Retractable Transformer},
  author={Zhang, Jiale and Zhang, Yulun and Gu, Jinjin and Zhang, Yongbing and Kong, Linghe and Yuan, Xin},
  booktitle={ICLR},
  year={2023}
}


@article{electronics8060661,
	author = {Simons, Taylor and Lee, Dah-Jye},
	journal = {Electronics},
	title = {A Review of Binarized Neural Networks},
	volume = {8},
	year = {2019}
}

@article{wang2022toward,
  title={Toward Accurate Binarized Neural Networks With Sparsity for Mobile Application},
  author={Wang, Peisong and He, Xiangyu and Cheng, Jian},
  journal={TNNLS},
  year={2022}
}

@article{zhang2021modulated,
  title={Modulated convolutional networks},
  author={Zhang, Baochang and Wang, Runqi and Wang, Xiaodi and Han, Jungong and Ji, Rongrong},
  journal={TNNLS},
  year={2021}
}



@article{qin2022distribution,
  title={Distribution-Sensitive Information Retention for Accurate Binary Neural Network},
  author={Qin, Haotong and Zhang, Xiangguo and Gong, Ruihao and Ding, Yifu and Xu, Yi and Liu, Xianglong},
  journal={IJCV},
  year={2022}
}

@inproceedings{choukroun2019omse,
  title={Low-bit quantization of neural networks for efficient inference},
  author={Choukroun, Yoni and Kravchik, Eli and Yang, Fan and Kisilev, Pavel},
  booktitle={ICCVW},
  year={2019}
}
@inproceedings{jhunjhunwala2021adaquant,
  title={Adaptive quantization of model updates for communication-efficient federated learning},
  author={Jhunjhunwala, Divyansh and Gadhikar, Advait and Joshi, Gauri and Eldar, Yonina C},
  booktitle={ICASSP},
  year={2021}
}
@inproceedings{hubara2021accurate,
  title={Accurate post training quantization with small calibration sets},
  author={Hubara, Itay and Nahshan, Yury and Hanani, Yair and Banner, Ron and Soudry, Daniel},
  booktitle={ICML},
  year={2021}
}
@inproceedings{li2021brecq,
  title={BRECQ: Pushing the Limit of Post-Training Quantization by Block Reconstruction},
  author={Li, Yuhang and Gong, Ruihao and Tan, Xu and Yang, Yang and Hu, Peng and Zhang, Qi and Yu, Fengwei and Wang, Wei and Gu, Shi},
  booktitle={ICLR},
  year={2021}
}
@inproceedings{ding2022towards,
  title={Towards Accurate Post-Training Quantization for Vision Transformer},
  author={Ding, Yifu and Qin, Haotong and Yan, Qinghua and Chai, Zhenhua and Liu, Junjie and Wei, Xiaolin and Liu, Xianglong},
  booktitle={ACM MM},
  year={2022}
}

@misc{arm64,
  title={Arm A64 Instruction Set Architecture},
  author={Arm},
  year={2020},
  howpublished={\url{https://www.amd.com/system/files/TechDocs/24594.pdf}}
}

@misc{x86,
  title={AMD64 Architecture Programmer’s Manual},
  author={AMD},
  year={2022},
  howpublished={\url{https://developer.arm.com/documentation/ddi0596/2020-12/SIMD-FP-Instructions/CNT--Population-Count-per-byte-}}
}
















@article{liu2021super,
  title={Super-resolution model quantized in multi-precision},
  author={Liu, Jingyu and Wang, Qiong and Zhang, Dunbo and Shen, Li},
  journal={Electronics},
  volume={10},
  number={17},
  pages={2176},
  year={2021},
  publisher={MDPI}
}

@inproceedings{ignatov2022efficient,
  title={Efficient and accurate quantized image super-resolution on mobile NPUs, mobile AI \& AIM 2022 challenge: report},
  author={Ignatov, Andrey and Timofte, Radu and Denna, Maurizio and Younes, Abdel and Gankhuyag, Ganzorig and Huh, Jingang and Kim, Myeong Kyun and Yoon, Kihwan and Moon, Hyeon-Cheol and Lee, Seungho and others},
  booktitle={ECCVW},
  year={2022}
}

@inproceedings{wang2021fully,
  title={Fully quantized image super-resolution networks},
  author={Wang, Hu and Chen, Peng and Zhuang, Bohan and Shen, Chunhua},
  booktitle={ACM MM},
  year={2021}
}

@inproceedings{hong2022daq,
  title={Daq: Channel-wise distribution-aware quantization for deep image super-resolution networks},
  author={Hong, Cheeun and Kim, Heewon and Baik, Sungyong and Oh, Junghun and Lee, Kyoung Mu},
  booktitle={WACV},
  year={2022}
}

@article{choi2018pact,
  title={Pact: Parameterized clipping activation for quantized neural networks},
  author={Choi, Jungwook and Wang, Zhuo and Venkataramani, Swagath and Chuang, Pierce I-Jen and Srinivasan, Vijayalakshmi and Gopalakrishnan, Kailash},
  journal={arXiv preprint arXiv:1805.06085},
  year={2018}
}

@article{wu2020integer,
  title={Integer quantization for deep learning inference: Principles and empirical evaluation},
  author={Wu, Hao and Judd, Patrick and Zhang, Xiaojie and Isaev, Mikhail and Micikevicius, Paulius},
  journal={arXiv preprint arXiv:2004.09602},
  year={2020}
}

@software{pams_github,
  author={Li, Huixia and Yan, Chenqian and Lin, Shaohui and Zheng, Xiawu and Zhang, Baochang and Yang, Fan and Ji, Rongrong},
  month = {05},
  title = {PAMS},
  url = {https://github.com/colorjam/PAMS},
  year = {2023}
}

@software{cadyq_github,
  author={Hong, Cheeun and Baik, Sungyong and Kim, Heewon and Nah, Seungjun and Lee, Kyoung Mu},
  month = {05},
  title = {CADyQ},
  url = {https://github.com/Cheeun/CADyQ},
  year = {2023}
}

@inproceedings{gong2019differentiable,
  title={Differentiable soft quantization: Bridging full-precision and low-bit neural networks},
  author={Gong, Ruihao and Liu, Xianglong and Jiang, Shenghu and Li, Tianxiang and Hu, Peng and Lin, Jiazhen and Yu, Fengwei and Yan, Junjie},
  booktitle={ICCV},
  year={2019}
}

@inproceedings{zhong2022dynamic,
  title={Dynamic dual trainable bounds for ultra-low precision super-resolution networks},
  author={Zhong, Yunshan and Lin, Mingbao and Li, Xunchao and Li, Ke and Shen, Yunhang and Chao, Fei and Wu, Yongjian and Ji, Rongrong},
  booktitle={ECCV},
  year={2022}
}

@article{bengio2013estimating,
  title={Estimating or propagating gradients through stochastic neurons for conditional computation},
  author={Bengio, Yoshua and L{\'e}onard, Nicholas and Courville, Aaron},
  journal={arXiv preprint arXiv:1308.3432},
  year={2013}
}

@article{jacobs1991adaptive,
  title={Adaptive mixtures of local experts},
  author={Jacobs, Robert A and Jordan, Michael I and Nowlan, Steven J and Hinton, Geoffrey E},
  journal={Neural computation},
  year={1991}
}

@article{huang2017multi,
  title={Multi-scale dense networks for resource efficient image classification},
  author={Huang, Gao and Chen, Danlu and Li, Tianhong and Wu, Felix and Van Der Maaten, Laurens and Weinberger, Kilian Q},
  journal={arXiv preprint arXiv:1703.09844},
  year={2017}
}

@inproceedings{DBLP:conf/ijcai/ZhaoXZLZL20,
  author    = {Zixiang Zhao and
               Shuang Xu and
               Chunxia Zhang and
               Junmin Liu and
               Jiangshe Zhang and
               Pengfei Li},
  title     = {DIDFuse: Deep Image Decomposition for Infrared and Visible Image Fusion},
  booktitle = {IJCAI},
  year      = {2020}
}

@InProceedings{Zhao_2023_CVPR,
    author    = {Zhao, Zixiang and Bai, Haowen and Zhang, Jiangshe and Zhang, Yulun and Xu, Shuang and Lin, Zudi and Timofte, Radu and Van Gool, Luc},
    title     = {CDDFuse: Correlation-Driven Dual-Branch Feature Decomposition for Multi-Modality Image Fusion},
    booktitle = {CVPR},
    year      = {2023}
}

@InProceedings{Zhao_2023_ICCV,
    author    = {Zhao, Zixiang and Bai, Haowen and Zhu, Yuanzhi and Zhang, Jiangshe and Xu, Shuang and Zhang, Yulun and Zhang, Kai and Meng, Deyu and Timofte, Radu and Van Gool, Luc},
    title     = {DDFM: Denoising Diffusion Model for Multi-Modality Image Fusion},
    booktitle = {ICCV},
    year      = {2023}
}

@InProceedings{Zhao_2023_ICCV2,
    author    = {Zhao, Zixiang and Zhang, Jiangshe and Gu, Xiang and Tan, Chengli and Xu, Shuang and Zhang, Yulun and Timofte, Radu and Van Gool, Luc},
    title     = {Spherical Space Feature Decomposition for Guided Depth Map Super-Resolution},
    booktitle = {ICCV},
    year      = {2023}
}

Medical SR
@article{TCJ2008SuperGreenspan,
    title={Super-resolution in medical imaging},
    author={Greenspan, Hayit},
    journal={The Computer Journal},
    year={2008}
}

Medical, SR
@inproceedings{ICTSD2015SuperIsaac,
    title={Super resolution techniques for medical image processing},
    author={Isaac, Jithin Saji and Kulkarni, Ramesh},
    booktitle={ICTSD},
    year={2015}
}

Medical, SR
@inproceedings{CVPR2017SimultaneousHuang,
    title={Simultaneous Super-Resolution and Cross-Modality Synthesis of 3D Medical Images Using Weakly-Supervised Joint Convolutional Sparse Coding},
    author={Huang, Yawen and Shao, Ling and Frangi, Alejandro F},
    booktitle={CVPR},
    year={2017}
}

Surveillance SR
@article{ESP2010SuperZhang,
    title={A super-resolution reconstruction algorithm for surveillance images},
    author={Zhang, Liangpei and Zhang, Hongyan and Shen, Huanfeng and Li, Pingxiang},
    journal={Elsevier Signal Processing},
    year={2010}
}

Face recognition, Surveillance SR
@inproceedings{AMDO2016ConvolutionalRasti,
    title={Convolutional neural network super resolution for face recognition in surveillance monitoring},
    author={Rasti, Pejman and Uiboupin, T{\~o}nis and Escalera, Sergio and Anbarjafari, Gholamreza},
    booktitle={AMDO},
    year={2016}
}

@inproceedings{ECCV2014LearningDong,
    title={Learning a deep convolutional network for image super-resolution},
    author={Dong, Chao and Loy, Chen Change and He, Kaiming and Tang, Xiaoou},
    booktitle={ECCV},
    year={2014}
}

@article{TPAMI2016ImageDong,
    title={Image super-resolution using deep convolutional networks},
    author={Dong, Chao and Loy, Chen Change and He, Kaiming and Tang, Xiaoou},
    journal={TPAMI},
    year={2016}
}

@inproceedings{CVPR2017PhotoLedig,
    title={Photo-realistic single image super-resolution using a generative adversarial network},
    author={Ledig, Christian and Theis, Lucas and Husz{\'a}r, Ferenc and Caballero, Jose and Cunningham, Andrew and Acosta, Alejandro and Aitken, Andrew P and Tejani, Alykhan and Totz, Johannes and Wang, Zehan and others},
    booktitle={CVPR},
    year={2017}
}

@inproceedings{zamir2022restormer,
  title={Restormer: Efficient transformer for high-resolution image restoration},
  author={Zamir, Syed Waqas and Arora, Aditya and Khan, Salman and Hayat, Munawar and Khan, Fahad Shahbaz and Yang, Ming-Hsuan},
  booktitle={CVPR},
  year={2022}
}

@inproceedings{wang2022uformer,
  title={Uformer: A general u-shaped transformer for image restoration},
  author={Wang, Zhendong and Cun, Xiaodong and Bao, Jianmin and Zhou, Wengang and Liu, Jianzhuang and Li, Houqiang},
  booktitle={CVPR},
  year={2022}
}

@inproceedings{chen2023dual,
  title={Dual aggregation transformer for image super-resolution},
  author={Chen, Zheng and Zhang, Yulun and Gu, Jinjin and Kong, Linghe and Yang, Xiaokang and Yu, Fisher},
  booktitle={CVPR},
  year={2023}
}

SR, Survey
@article{ISPM2003SuperPark,
    title={Super-resolution image reconstruction: A technical overview},
    author={Park, Sung Cheol and Park, Min Kyu and Kang, Moon Gi},
    journal={IEEE Signal Processing Magazine},
    year={2003}
}

SR survey
@article{MVA2014SuperNasrollahi,
    title={Super-resolution: A comprehensive survey},
    author={Nasrollahi, Kamal and Moeslund, Thomas B},
    journal={Machine Vision and Applications},
    year={2014}
}

Survey, 2011
@article{SIVP2011SurveyTian,
    title={A survey on super-resolution imaging},
    author={Tian, Jing and Ma, Kai-Kuang},
    journal={Signal, Image and Video Processing},
    year={2011}
}

SR, Survey
@article{IVC2006ImageVan,
    title={Image super-resolution survey},
    author={Van Ouwerkerk, JD},
    journal={IVC},
    year={2006}
}

@inproceedings{choukroun2019low,
  title={Low-bit quantization of neural networks for efficient inference},
  author={Choukroun, Yoni and Kravchik, Eli and Yang, Fan and Kisilev, Pavel},
  booktitle={ICCVW},
  year={2019},
}

@inproceedings{tu2023toward,
  title={Toward accurate post-training quantization for image super resolution},
  author={Tu, Zhijun and Hu, Jie and Chen, Hanting and Wang, Yunhe},
  booktitle={CVPR},
  year={2023}
}

@InProceedings{Lim_2017_CVPR_Workshops,
  author = {Lim, Bee and Son, Sanghyun and Kim, Heewon and Nah, Seungjun and Lee, Kyoung Mu},
  title = {Enhanced Deep Residual Networks for Single Image Super-Resolution},
  booktitle = {CVPRW},
  year = {2017}
}

@inproceedings{li2019fully,
  title={Fully quantized network for object detection},
  author={Li, Rundong and Wang, Yan and Liang, Feng and Qin, Hongwei and Yan, Junjie and Fan, Rui},
  booktitle={CVPR},
  year={2019}
}

@article{choi2018bridging,
  title={Bridging the accuracy gap for 2-bit quantized neural networks (qnn)},
  author={Choi, Jungwook and Chuang, Pierce I-Jen and Wang, Zhuo and Venkataramani, Swagath and Srinivasan, Vijayalakshmi and Gopalakrishnan, Kailash},
  journal={arXiv},
  year={2018}
}

@inproceedings{jacob2018quantization,
  title={Quantization and training of neural networks for efficient integer-arithmetic-only inference},
  author={Jacob, Benoit and Kligys, Skirmantas and Chen, Bo and Zhu, Menglong and Tang, Matthew and Howard, Andrew and Adam, Hartwig and Kalenichenko, Dmitry},
  booktitle={CVPR},
  year={2018}
}

@article{dosovitskiy2020image,
  title={An image is worth 16x16 words: Transformers for image recognition at scale},
  author={Dosovitskiy, Alexey and Beyer, Lucas and Kolesnikov, Alexander and Weissenborn, Dirk and Zhai, Xiaohua and Unterthiner, Thomas and Dehghani, Mostafa and Minderer, Matthias and Heigold, Georg and Gelly, Sylvain and others},
  journal={arXiv},
  year={2020}
}

@article{hinton2015distilling,
  title={Distilling the knowledge in a neural network},
  author={Hinton, Geoffrey and Vinyals, Oriol and Dean, Jeff},
  journal={arXiv},
  year={2015}
}

@article{adriana2015fitnets,
  title={Fitnets: Hints for thin deep nets},
  author={Adriana, Romero and Nicolas, Ballas and Ebrahimi, K Samira and Antoine, Chassang and Carlo, Gatta and Yoshua, Bengio},
  journal={ICLR},
  year={2015}
}

@article{loshchilov2016sgdr,
  title={Sgdr: Stochastic gradient descent with warm restarts},
  author={Loshchilov, Ilya and Hutter, Frank},
  journal={arXiv},
  year={2016}
}

@article{paszke2019pytorch,
  title={Pytorch: An imperative style, high-performance deep learning library},
  author={Paszke, Adam and Gross, Sam and Massa, Francisco and Lerer, Adam and Bradbury, James and Chanan, Gregory and Killeen, Trevor and Lin, Zeming and Gimelshein, Natalia and Antiga, Luca and others},
  journal={NeurIPS},
  year={2019}
}

@article{DBLP:journals/corr/HendrycksG16,
  author       = {Dan Hendrycks and Kevin Gimpel},
  title        = {Bridging Nonlinearities and Stochastic Regularizers with Gaussian Error Linear Units},
  journal      = {CoRR},
  year         = {2016},
}

@InProceedings{Bandara_2022_CVPR,
    author    = {Bandara, Wele Gedara Chaminda and Patel, Vishal M.},
    title     = {HyperTransformer: A Textural and Spectral Feature Fusion Transformer for Pansharpening},
    booktitle = {CVPR},
    year      = {2022}
}


@incollection{ZHANG20219,
    title = {Chapter 2 - Level-set functions and parametric functions},
    booktitle = {The Feature-Driven Method for Structural Optimization},
    publisher = {Elsevier},
    author = {Weihong Zhang and Ying Zhou},
}

@article{li2023coltr,
  title={Coltr: Semi-supervised learning to rank with co-training and over-parameterization for web search},
  author={Li, Yuchen and Xiong, Haoyi and Wang, Qingzhong and Kong, Linghe and Liu, Hao and Li, Haifang and Bian, Jiang and Wang, Shuaiqiang and Chen, Guihai and Dou, Dejing and others},
  journal={IEEE TKDE},
  year={2023},
  publisher={IEEE}
}

@inproceedings{li2023s2phere,
  title={S2phere: Semi-supervised pre-training for web search over heterogeneous learning to rank data},
  author={Li, Yuchen and Xiong, Haoyi and Kong, Linghe and Wang, Qingzhong and Wang, Shuaiqiang and Chen, Guihai and Yin, Dawei},
  booktitle={ACM SIGKDD},
  year={2023}
}

@article{li2023mhrr,
  title={MHRR: MOOCs Recommender Service With Meta Hierarchical Reinforced Ranking},
  author={Li, Yuchen and Xiong, Haoyi and Kong, Linghe and Zhang, Rui and Xu, Fanqin and Chen, Guihai and Li, Minglu},
  journal={IEEE TSC},
  year={2023},
  publisher={IEEE}
}

@inproceedings{sun2024coser,
  title={Coser: Bridging image and language for cognitive super-resolution},
  author={Sun, Haoze and Li, Wenbo and Liu, Jianzhuang and Chen, Haoyu and Pei, Renjing and Zou, Xueyi and Yan, Youliang and Yang, Yujiu},
  booktitle={CVPR},
  year={2024}
}

@inproceedings{wu2024seesr,
  title={Seesr: Towards semantics-aware real-world image super-resolution},
  author={Wu, Rongyuan and Yang, Tao and Sun, Lingchen and Zhang, Zhengqiang and Li, Shuai and Zhang, Lei},
  booktitle={CVPR},
  year={2024}
}

@inproceedings{yu2024scaling,
  title={Scaling up to excellence: Practicing model scaling for photo-realistic image restoration in the wild},
  author={Yu, Fanghua and Gu, Jinjin and Li, Zheyuan and Hu, Jinfan and Kong, Xiangtao and Wang, Xintao and He, Jingwen and Qiao, Yu and Dong, Chao},
  booktitle={CVPR},
  year={2024}
}

@article{wu2024one,
  title={One-Step Effective Diffusion Network for Real-World Image Super-Resolution},
  author={Wu, Rongyuan and Sun, Lingchen and Ma, Zhiyuan and Zhang, Lei},
  journal={arXiv},
  year={2024}
}

@inproceedings{cai2019toward,
  title={Toward real-world single image super-resolution: A new benchmark and a new model},
  author={Cai, Jianrui and Zeng, Hui and Yong, Hongwei and Cao, Zisheng and Zhang, Lei},
  booktitle={CVPR},
  year={2019}
}

@inproceedings{wang2021real,
  title={Real-esrgan: Training real-world blind super-resolution with pure synthetic data},
  author={Wang, Xintao and Xie, Liangbin and Dong, Chao and Shan, Ying},
  booktitle={CVPR},
  year={2021}
}

@inproceedings{zhang2021designing,
  title={Designing a practical degradation model for deep blind image super-resolution},
  author={Zhang, Kai and Liang, Jingyun and Van Gool, Luc and Timofte, Radu},
  booktitle={CVPR},
  year={2021}
}

@inproceedings{gu2019blind,
  title={Blind super-resolution with iterative kernel correction},
  author={Gu, Jinjin and Lu, Hannan and Zuo, Wangmeng and Dong, Chao},
  booktitle={CVPR},
  year={2019}
}

@inproceedings{yang2025pixel,
  title={Pixel-aware stable diffusion for realistic image super-resolution and personalized stylization},
  author={Yang, Tao and Wu, Rongyuan and Ren, Peiran and Xie, Xuansong and Zhang, Lei},
  booktitle={ECCV},
  year={2025},
}

@inproceedings{rombach2022high,
  title={High-resolution image synthesis with latent diffusion models},
  author={Rombach, Robin and Blattmann, Andreas and Lorenz, Dominik and Esser, Patrick and Ommer, Bj{\"o}rn},
  booktitle={CVPR},
  year={2022}
}

@article{yue2024arbitrary,
  title={Arbitrary-steps Image Super-resolution via Diffusion Inversion},
  author={Yue, Zongsheng and Liao, Kang and Loy, Chen Change},
  journal={arXiv},
  year={2024}
}

@inproceedings{zheng2024bidm,
  title={BiDM: Pushing the Limit of Quantization for Diffusion Models},
  author={Zheng, Xingyu and Liu, Xianglong and Bian, Yichen and Ma, Xudong and Zhang, Yulun and Wang, Jiakai and Guo, Jinyang and Qin, Haotong},
  booktitle={NeurIPS},
  year={2024},
}

@inproceedings{wu2023estimator,
  title={Estimator meets equilibrium perspective: A rectified straight through estimator for binary neural networks training},
  author={Wu, Xiao-Ming and Zheng, Dian and Liu, Zuhao and Zheng, Wei-Shi},
  booktitle={ICCV},
  year={2023}
}

@inproceedings{wang2024sinsr,
  title={SinSR: diffusion-based image super-resolution in a single step},
  author={Wang, Yufei and Yang, Wenhan and Chen, Xinyuan and Wang, Yaohui and Guo, Lanqing and Chau, Lap-Pui and Liu, Ziwei and Qiao, Yu and Kot, Alex C and Wen, Bihan},
  booktitle={CVPR},
  year={2024}
}

@article{saharia2022image,
  title={Image super-resolution via iterative refinement},
  author={Saharia, Chitwan and Ho, Jonathan and Chan, William and Salimans, Tim and Fleet, David J and Norouzi, Mohammad},
  journal={IEEE TPAMI},
  year={2022},
}

@inproceedings{lin2024diffbir,
  title={DiffBIR: Toward Blind Image Restoration with Generative Diffusion Prior},
  author={Lin, Xinqi and He, Jingwen and Chen, Ziyan and Lyu, Zhaoyang and Dai, Bo and Yu, Fanghua and Qiao, Yu and Ouyang, Wanli and Dong, Chao},
  booktitle={ECCV},
  year={2024},
}

@inproceedings{wang2023binary,
  title={Binary latent diffusion},
  author={Wang, Ze and Wang, Jiang and Liu, Zicheng and Qiu, Qiang},
  booktitle={CVPR},
  year={2023}
}

@inproceedings{chen2024binarized,
    title={Binarized Diffusion Model for Image Super-Resolution},
    author={Chen, Zheng and Qin, Haotong and Guo, Yong and Su, Xiongfei and Yuan, Xin and Kong, Linghe and Zhang, Yulun},
    booktitle={NeurIPS},
    year={2024}
}

@inproceedings{wei2020component,
  title={Component divide-and-conquer for real-world image super-resolution},
  author={Wei, Pengxu and Xie, Ziwei and Lu, Hannan and Zhan, Zongyuan and Ye, Qixiang and Zuo, Wangmeng and Lin, Liang},
  booktitle={ECCV},
  year={2020},
}

@inproceedings{agustsson2017ntire,
  title={Ntire 2017 challenge on single image super-resolution: Dataset and study},
  author={Agustsson, Eirikur and Timofte, Radu},
  booktitle={CVPRW},
  year={2017}
}

% LPIPS
@inproceedings{zhang2018unreasonable,
  title={The unreasonable effectiveness of deep features as a perceptual metric},
  author={Zhang, Richard and Isola, Phillip and Efros, Alexei A and Shechtman, Eli and Wang, Oliver},
  booktitle={CVPR},
  year={2018}
}

% DISTS
@article{ding2020image,
  title={Image quality assessment: Unifying structure and texture similarity},
  author={Ding, Keyan and Ma, Kede and Wang, Shiqi and Simoncelli, Eero P},
  journal={TPAMI},
  year={2020},
}

% FID
@article{heusel2017gans,
  title={Gans trained by a two time-scale update rule converge to a local nash equilibrium},
  author={Heusel, Martin and Ramsauer, Hubert and Unterthiner, Thomas and Nessler, Bernhard and Hochreiter, Sepp},
  journal={NIPS},
  year={2017}
}

% NIQE
@article{zhang2015feature,
  title={A feature-enriched completely blind image quality evaluator},
  author={Zhang, Lin and Zhang, Lei and Bovik, Alan C},
  journal={TIP},
  year={2015},
}

% MANIQA
@inproceedings{yang2022maniqa,
  title={Maniqa: Multi-dimension attention network for no-reference image quality assessment},
  author={Yang, Sidi and Wu, Tianhe and Shi, Shuwei and Lao, Shanshan and Gong, Yuan and Cao, Mingdeng and Wang, Jiahao and Yang, Yujiu},
  booktitle={CVPR},
  year={2022}
}

% MUSIQ
@inproceedings{ke2021musiq,
  title={Musiq: Multi-scale image quality transformer},
  author={Ke, Junjie and Wang, Qifei and Wang, Yilin and Milanfar, Peyman and Yang, Feng},
  booktitle={ICCV},
  year={2021}
}

% CLIPIQA
@inproceedings{wang2022exploring,
    author = {Wang, Jianyi and Chan, Kelvin CK and Loy, Chen Change},
    title = {Exploring CLIP for Assessing the Look and Feel of Images},
    booktitle = {AAAI},
    year = {2023}
}

@inproceedings{qin2023bibench,
  title={Bibench: Benchmarking and analyzing network binarization},
  author={Qin, Haotong and Zhang, Mingyuan and Ding, Yifu and Li, Aoyu and Cai, Zhongang and Liu, Ziwei and Yu, Fisher and Liu, Xianglong},
  booktitle={ICML},
  year={2023},
}

@inproceedings{le2023binaryvit,
  title={BinaryViT: pushing binary vision transformers towards convolutional models},
  author={Le, Phuoc-Hoan Charles and Li, Xinlin},
  booktitle={CVPR},
  year={2023}
}

@inproceedings{yan2017efficient,
  title={An efficient sparse-dense matrix multiplication on a multicore system},
  author={Yan, Di and Wu, Tao and Liu, Ying and Gao, Yang},
  booktitle={ICCT},
  year={2017},
}

@article{yue2024resshift,
  title={Resshift: Efficient diffusion model for image super-resolution by residual shifting},
  author={Yue, Zongsheng and Wang, Jianyi and Loy, Chen Change},
  journal={NeurIPS},
  year={2024}
}

@misc{pyiqa,
  title={{IQA-PyTorch}: PyTorch Toolbox for Image Quality Assessment},
  author={Chaofeng Chen and Jiadi Mo},
  year={2022},
  howpublished = "[Online]. Available: \url{https://github.com/chaofengc/IQA-PyTorch}"
}

@article{xu2022bimlp,
  title={BiMLP: Compact binary architectures for vision multi-layer perceptrons},
  author={Xu, Yixing and Chen, Xinghao and Wang, Yunhe},
  journal={NeurIPS},
  year={2022}
}