@inproceedings{iclr24FlowMatch,
  author       = {Ricky T. Q. Chen and
                  Yaron Lipman},
  title        = {Flow Matching on General Geometries},
  booktitle    = {Proceedings of the 12th ICLR},
  publisher    = {OpenReview.net},
  year         = {2024}
}

@inproceedings{WangSun24cikm, 
author = {Wang, Yujie and Zhang, Shuo and Ye, Junda and Peng, Hao and Sun, Li}, 
title = {A Mixed-Curvature Graph Diffusion Model}, 
year = {2024},
publisher = {ACM},
 booktitle = {Proceedings of the 33rd ACM CIKM}, 
pages = {2482â€“2492}
 }
 
@inproceedings{nips21Lee,
  author       = {Kookjin Lee and
                  Nathaniel Trask and
                  Panos Stinis},
  title        = {Machine learning structure preserving brackets for forecasting irreversible
                  processes},
  booktitle    = {Advances in NeurIPS},
  pages        = {5696--5707},
  year         = {2021}
}

@inproceedings{nips23Lee,
  author       = {Anthony Gruber and
                  Kookjin Lee and
                  Nathaniel Trask},
  title        = {Reversible and irreversible bracket-based dynamics for deep graph
                  neural networks},
  booktitle    = {Advances in NeurIPS},
  year         = {2023}
}


@inproceedings{aaai24YCWei,
  author       = {Yuecen Wei and
                  Haonan Yuan and
                  Xingcheng Fu and
                  Qingyun Sun and
                  Hao Peng and
                  Xianxian Li and
                  Chunming Hu},
  title        = {Poincar{\'{e}} Differential Privacy for Hierarchy-Aware Graph
                  Embedding},
  booktitle    = {Proceedings of AAAI},
  pages        = {9160--9168},
  year         = {2024}
}

@inproceedings{nips23ssLRD,
  author       = {Liang Yang and
                  Runjie Shi and
                  Qiuliang Zhang and
                  Bingxin Niu and
                  Zhen Wang and
                  Xiaochun Cao and
                  Chuan Wang},
  title        = {Self-supervised Graph Neural Networks via Low-Rank Decomposition},
  booktitle    = {Advances in NeurIPS},
  year         = {2023}
}

@inproceedings{www24GAUSS,
  author       = {Liang Yang and
                  Weixiao Hu and
                  Jizhong Xu and
                  Runjie Shi and
                  Dongxiao He and
                  Chuan Wang and
                  Xiaochun Cao and
                  Zhen Wang and
                  Bingxin Niu and
                  Yuanfang Guo},
  title        = {{GAUSS:} GrAph-customized Universal Self-Supervised Learning},
  booktitle    = {Proceedings of WWW},
  pages        = {582--593},
  year         = {2024}
}

@inproceedings{fu24icml,
  author       = {Xingcheng Fu and
                  Yisen Gao and
                  Yuecen Wei and
                  Qingyun Sun and
                  Hao Peng and
                  Jianxin Li and
                  Xianxian Li},
  title        = {Hyperbolic Geometric Latent Diffusion Model for Graph Generation},
  booktitle    = {Proceedings of the 41st ICML},
  year         = {2024}
}

@inproceedings{nips24sun,
  author       = {Li Sun and
                  Zhenhao Huang and
                  Qiqi Wan and
                  Hao Peng and
                  Philip S. Yu},
  title        = {Spiking Graph Neural Network on Riemannian Manifolds},
  booktitle    = {Advances in NeurIPS},
  year         = {2024}
}

@inproceedings{icml24sun,
  author       = {Li Sun and
                  Zhenhao Huang and
                  Hao Peng and
                  Yujie Wang and
                  Chunyang Liu and
                  Philip S. Yu},
  title        = {LSEnet: Lorentz Structural Entropy Neural Network for Deep Graph Clustering},
  booktitle    = {Proceedings of the 41st ICML},
  year         = {2024}
}

@inproceedings{www24sunli,
  title     = {RicciNet: Deep Clustering via A Riemannian Generative Model},
  author    = {Li Sun and
                     Jingbin Hu and
                     Suyang Zhou and
                     Zhenhao Huang and
                     Junda Ye and
                     Hao Peng and
                     Zhengtao Yu and
                     Philip S. Yu},
  booktitle    = {Proceedings of the ACM Web Conference (WWW)},
         pages     = {4071--4082}, 
  year      = {2024}
}

@inproceedings{sigir24sunli,
  title     = {R-ODE: Ricci Curvature Tells When You Will be Informed},
  author    = {Li Sun and
                     Jingbin Hu and
                    Mengjie Li and
                     Hao Peng},
  booktitle    = {Proceedings of the ACM SIGIR},
  year      = {2024}
}

@inproceedings{aaai24sunli,
  title     = {Motif-aware Riemannian Graph Neural Network with Generative-Contrastive Learning},
  author    = {Li Sun and 
                  Zhenhao Huang and
                   Zixi Wang and
                   Feiyang Wang and
                   Hao Peng and
                   Philip S. Yu},
  booktitle    = {Proceedings of the 38th AAAI},
  year      = {2024},
       pages     = {9044--9052}
}

@inproceedings{ijcai23sunli,
  author       = {Li Sun and
                  Feiyang Wang and
                  Junda Ye and
                  Hao Peng and
                  Philip S. Yu},
  title        = {{Congregate:} Contrastive Graph Clustering in Curvature Spaces},
  booktitle    = {Proceedings of the 32nd IJCAI},
  pages        = {2296--2305},
  year         = {2023}
}

@inproceedings{icdm23sunli,
  title     = {DeepRicci: Self-supervised Graph Structure-Feature Co-Refinement for Alleviating Over-squashing},
  author    = {Li Sun and 
                    Zhenhao Huang and
                    Hua Wu and
                  Junda Ye  and
                   Hao Peng and
                   Zhengtao Yu and
                   Philip S. Yu},
  booktitle    = {Proceedings of the 23rd ICDM},
     pages     = {558--567},
  year      = {2023}
}

@inproceedings{aaai23sunli,
  title     = {Self-Supervised Continual Graph Learning in Adaptive Riemannian Spaces},
  author    = {Li Sun and 
                  Junda Ye  and
                   Hao Peng and
                   Feiyang Wang and
                   Philip S. Yu},
  booktitle    = {Proceedings of the 37th AAAI},
   pages     = {4633--4642},
  year      = {2023}
}

@inproceedings{aaai22sunli,
  author       = {Li Sun and
                  Zhongbao Zhang and
                  Junda Ye and
                  Hao Peng and
                  Jiawei Zhang and
                  Sen Su and
                  Philip S. Yu},
  title        = {A Self-Supervised Mixed-Curvature Graph Neural Network},
  booktitle    = {Proceedings of AAAI'22},
  pages        = {4146--4155},
  year         = {2022},
}

@inproceedings{cikm22sunli,
  author       = {Li Sun and
                  Junda Ye and
                  Hao Peng and
                  Philip S. Yu},
  title        = {A Self-supervised Riemannian {GNN} with Time Varying Curvature for
                  Temporal Graph Learning},
  booktitle    = {Proceedings of the 31st CIKM},
  pages        = {1827--1836},
  year         = {2022}
  }

@inproceedings{aaai21sunli,
  author    = {Li Sun and
               Zhongbao Zhang and
               Jiawei Zhang and
               Feiyang Wang and
               Hao Peng and
               Sen Su and
               Philip S. Yu},
  title     = {Hyperbolic Variational Graph Neural Network for Modeling Dynamic Graphs},
   booktitle    = {Proceedings of the 35th AAAI},
  pages     = {4375--4383},
  year      = {2021}
}







@inproceedings{nips19pytorch,
  author       = {Adam Paszke and
                  Sam Gross and
                  Francisco Massa and
                  Adam Lerer and
                  James Bradbury and
                  Gregory Chanan and
                  Trevor Killeen and
                  Zeming Lin and
                  Natalia Gimelshein and
                  Luca Antiga and
                  Alban Desmaison and
                  Andreas K{\"{o}}pf and
                  Edward Z. Yang and
                  Zachary DeVito and
                  Martin Raison and
                  Alykhan Tejani and
                  Sasank Chilamkurthy and
                  Benoit Steiner and
                  Lu Fang and
                  Junjie Bai and
                  Soumith Chintala},
  title        = {PyTorch: An Imperative Style, High-Performance Deep Learning Library},
  booktitle    = {Advances in the 32nd NeurIPS},
  pages        = {8024--8035},
  year         = {2019}
}

@article{riemanEular02,
  author       = {Andrzej Bielecki},
  title        = {Estimation of the euler method error on a riemannian manifold.},
  journal      = {Communications in Numerical Methods in Engineering},
  volume       = {18},
  number       = {11},
  pages        = {757--763},
  year         = {2002}
}

@inproceedings{nips20mainfoldode,
  author       = {Aaron Lou and
                  Derek Lim and
                  Isay Katsman and
                  Leo Huang and
                  Qingxuan Jiang and
                  Ser{-}Nam Lim and
                  Christopher De Sa},
  title        = {Neural Manifold Ordinary Differential Equations},
  booktitle    = {Advances in the 33rd NeurIPS},
  year         = {2020}
}

@inproceedings{kdd21yang,
  author       = {Menglin Yang and
                  Min Zhou and
                  Marcus Kalander and
                  Zengfeng Huang and
                  Irwin King},
  title        = {Discrete-time Temporal Network Embedding via Implicit Hierarchical
                  Learning in Hyperbolic Space},
  booktitle    = {Proceedings of the 27th SIGKDD},
  pages        = {1975--1985},
  year         = {2021}
}

@inproceedings{icml23revisitRicci,
  author       = {Khang Nguyen and
                  Nong Minh Hieu and
                  Vinh Duc Nguyen and
                  Nhat Ho and
                  Stanley J. Osher and
                  Tan Minh Nguyen},
  title        = {Revisiting Over-smoothing and Over-squashing Using Ollivier-Ricci
                  Curvature},
  booktitle    = {Proceedings of the ICML},
  volume       = {202},
  pages        = {25956--25979},
  publisher    = {{PMLR}},
  year         = {2023}
}


@inproceedings{iclr22curvature,
  author       = {Jake Topping and
                  Francesco Di Giovanni and
                  Benjamin Paul Chamberlain and
                  Xiaowen Dong and
                  Michael M. Bronstein},
  title        = {Understanding over-squashing and bottlenecks on graphs via curvature},
  booktitle    = {Proceedings of the 10th ICLR},
  publisher    = {OpenReview.net},
  year         = {2022}
}

@inproceedings{BdeirSL24,
  author       = {Ahmad Bdeir and
                  Kristian Schwethelm and
                  Niels Landwehr},
  title        = {Fully Hyperbolic Convolutional Neural Networks for Computer Vision},
  booktitle    = {Proceedings of the 12th ICLR},
  publisher    = {OpenReview.net},
  year         = {2024}
}

@inproceedings{nips19rstgnn,
  author       = {Andrei Liviu Nicolicioiu and
                  Iulia Duta and
                  Marius Leordeanu},
  title        = {Recurrent Space-time Graph Neural Networks},
  booktitle    = {Advances in 32nd NeurIPS},
  pages        = {12818--12830},
  year         = {2019}
}

@inproceedings{aaai22Fan,
  title={A GNN-RNN approach for harnessing geospatial and temporal information: application to crop yield prediction},
  author={Fan, Joshua and Bai, Junwen and Li, Zhiyun and Ortiz-Bobea, Ariel and Gomes, Carla P},
  booktitle={Proceedings of the AAAI},
  volume={36},
  number={11},
  pages={11873--11881},
  year={2022}
}

@article{lstm1997,
  author       = {Sepp Hochreiter and
                  J{\"{u}}rgen Schmidhuber},
  title        = {Long Short-Term Memory},
  journal      = {Neural Comput.},
  volume       = {9},
  number       = {8},
  pages        = {1735--1780},
  year         = {1997}
}


@inproceedings{nips23hyperbolicScale,
  author       = {Nurendra Choudhary and
                  Nikhil Rao and
                  Chandan K. Reddy},
  title        = {Hyperbolic Graph Neural Networks at Scale: {A} Meta Learning Approach},
  booktitle    = {Advances in 36th NeurIPS},
  year         = {2023}
}


@inproceedings{nips19hgnn,
  author       = {Qi Liu and
                  Maximilian Nickel and
                  Douwe Kiela},
  title        = {Hyperbolic Graph Neural Networks},
  booktitle    = {Advances in 32nd NeurIPS},
  pages        = {8228--8239},
  year         = {2019}
}

@inproceedings{icml23sphereFourier,
  author       = {Boris Bonev and
                  Thorsten Kurth and
                  Christian Hundt and
                  Jaideep Pathak and
                  Maximilian Baust and
                  Karthik Kashinath and
                  Anima Anandkumar},
  title        = {Spherical Fourier Neural Operators: Learning Stable Dynamics on the
                  Sphere},
  booktitle    = {Proceedings of  the 40th ICML},
  volume       = {202},
  pages        = {2806--2823},
  publisher    = {{PMLR}},
  year         = {2023}
}

@inproceedings{icml23GyroSpace,
  author       = {Xuan Son Nguyen and
                  Shuo Yang},
  title        = {Building Neural Networks on Matrix Manifolds: {A} Gyrovector Space
                  Approach},
  booktitle    = {Proceedings of  the  40th ICML},
  volume       = {202},
  pages        = {26031--26062},
  publisher    = {{PMLR}},
  year         = {2023}
}

@inproceedings{nips23GrassFlow,
  author       = {Ryoma Yataka and
                  Kazuki Hirashima and
                  Masashi Shiraishi},
  title        = {Grassmann Manifold Flows for Stable Shape Generation},
  booktitle    = {Advances in 36th NeurIPS},
  year         = {2023}
}

@article{khan09introRicc,
  author       = {Gabriel Khan},
  title        = {An Illustrated Introduction to the Ricci Flow},
  pages        = {1--42},
  year         = {2022}
}


@article{math09RiccOT,
  author       = {John Lott
                      and Cedric Villani},
  title        = {Ricci Curvature for Metric-Measure Spaces via Optimal
Transport},
  journal      = {Annals of Mathematics},
  volume       = {169},
  number       = {3},
  pages        = {903--991},
  year         = {2009}
}

@article{Forman03,
  author       = {Robin Forman},
  title        = {Bochner's Method for Cell Complexes and Combinatorial Ricci Curvature},
  journal      = {Discret. Comput. Geom.},
  volume       = {29},
  number       = {3},
  pages        = {323--374},
  year         = {2003}
}

@inproceedings{iclr14adam,
  author       = {Diederik P. Kingma and
                  Jimmy Ba},
  title        = {Adam: {A} Method for Stochastic Optimization},
  booktitle    = {Proceedings of the 3rd  ICLR},
  year         = {2015},
    publisher    = {OpenReview.net}
}

@article{Bai20,
  title={Ollivier Ricci-flow on weighted graphs},
  author={Shuliang Bai and Yong Lin and Linyuan Lu and Zhiyu Wang and Shing-Tung Yau},
      journal={American Journal of Mathematics},
          year={2021}, 
          volume={To be determined}, 
    pages={1--20}, 
}


@article{Ollivier2007, 
    title={Ricci curvature of Markov chains on metric spaces}, 
    author={Yann Ollivier}, 
    journal={Journal of Functional Analysis}, 
    year={2007}, 
    volume={256}, 
    pages={810--864}, 
}

@inproceedings{paszke17autoDiff,
  title={Automatic differentiation in pytorch},
  author={Paszke, Adam and Gross, Sam and Chintala, Soumith and Chanan, Gregory and Yang, Edward and DeVito, Zachary and Lin, Zeming and Desmaison, Alban and Antiga, Luca and Lerer, Adam},
  year={2017},
    booktitle    = {Proceedings of the 31st NeurIPS},
}

@inproceedings{nips18gat,
  author       = {Petar Velickovic and
                  Guillem Cucurull and
                  Arantxa Casanova and
                  Adriana Romero and
                  Pietro Li{\`{o}} and
                  Yoshua Bengio},
  title        = {Graph Attention Networks},
  booktitle    = {Proceedings of the 6th ICLR},
  publisher    = {OpenReview.net},
  year         = {2018}
}

@Inbook{Ungar2009,
author="Ungar, Abraham Albert",
title="Gyrovector Spaces",
bookTitle="A Gyrovector Space Approach to Hyperbolic Geometry",
year="2009",
publisher="Springer International Publishing",
pages="55--110"
}

@book{tu2011introduction,
  title = {An {{Introduction}} to {{Manifolds}}},
  author = {Tu, Loring W.},
  year = {2011},
  publisher = {Springer New York},
  doi = {10.1007/978-1-4419-7400-6}
}

@inproceedings{sarkar2012low,
  author       = {Rik Sarkar},
  title        = {Low Distortion Delaunay Embedding of Trees in Hyperbolic Plane},
  booktitle    = {Proceedings of the 19th International Symposium on Graph Drawing},
  series       = {Lecture Notes in Computer Science},
  volume       = {7034},
  pages        = {355--366},
  publisher    = {Springer},
  year         = {2011}
}

@book{Petersen16,
  title     = "Riemannian Geometry, 3rd edition",
  author    = "Peter Petersen",
  year      = 2016,
  publisher = "Springer-Verlag"
}

@inproceedings{zhang2021lorentziana,
  author       = {Yiding Zhang and
                  Xiao Wang and
                  Chuan Shi and
                  Nian Liu and
                  Guojie Song},
  title        = {Lorentzian Graph Convolutional Networks},
  booktitle    = {Proceedings of ACM The Web Conference (WWW)},
  pages        = {1249--1261},
  publisher    = {{ACM} / {IW3C2}},
  year         = {2021}
}

@inproceedings{Yu2022RandomLF,
  title={Random Laplacian Features for Learning with Hyperbolic Space},
  author={Tao Yu and 
              Chris De Sa},
  booktitle    = {Proceedings of the 11th  ICLR},
  year={2023},
    publisher    = {OpenReview.net}
}



@inproceedings{aaai24ChenWLLsigned,
  author       = {Lanlan Chen and
                  Kai Wu and
                  Jian Lou and
                  Jing Liu},
  title        = {Signed Graph Neural Ordinary Differential Equation for Modeling Continuous-Time
                  Dynamics},
  booktitle    = {Proceedings of the 38th AAAI},
  pages        = {8292--8301},
  publisher    = {{AAAI} Press},
  year         = {2024}
}

@inproceedings{nips19MettesPS,
  author       = {Pascal Mettes and
                  Elise van der Pol and
                  Cees Snoek},
  title        = {Hyperspherical Prototype Networks},
  booktitle    = {Advances in the 32nd NeurIPS},
  pages        = {1485--1495},
  year         = {2019}
}

@inproceedings{nips18GaneaBH,
  author       = {Octavian{-}Eugen Ganea and
                  Gary B{\'{e}}cigneul and
                  Thomas Hofmann},
  title        = {Hyperbolic Neural Networks},
  booktitle    = {Advances in 31st NeurIPS},
  pages        = {5350--5360},
  year         = {2018}
}


@inproceedings{nips23tango,
  author       = {Zijie Huang and
                  Wanjia Zhao and
                  Jingdong Gao and
                  Ziniu Hu and
                  Xiao Luo and
                  Yadi Cao and
                  Yuanzhou Chen and
                  Yizhou Sun and
                  Wei Wang},
  title        = {{TANGO:} Time-Reversal Latent GraphODE for Multi-Agent Dynamical Systems},
    booktitle={NeurIPS 2023 Workshop DLDE},
    year={2023},
}

@inproceedings{kdd22zhang,
  author       = {Yanfu Zhang and
                  Shangqian Gao and
                  Jian Pei and
                  Heng Huang},
  title        = {Improving Social Network Embedding via New Second-Order Continuous
                  Graph Neural Networks},
  booktitle    = {Proceedings of the 28th SIGKDD},
  pages        = {2515--2523},
  publisher    = {{ACM}},
  year         = {2022}
}

@inproceedings{acl22chen,
  author       = {Weize Chen and
                  Xu Han and
                  Yankai Lin and
                  Hexu Zhao and
                  Zhiyuan Liu and
                  Peng Li and
                  Maosong Sun and
                  Jie Zhou},
  title        = {Fully Hyperbolic Neural Networks},
  booktitle    = {Proceedings of the 60th ACL},
  pages        = {5672--5686},
  publisher    = {ACL},
  year         = {2022},
}

@inproceedings{nips22QGCN,
  author       = {Bo Xiong and
                  Shichao Zhu and
                  Nico Potyka and
                  Shirui Pan and
                  Chuan Zhou and
                  Steffen Staab},
  title        = {Pseudo-Riemannian Graph Convolutional Networks},
  booktitle    = {Advances in 35th NeurIPS},
  year         = {2022},
}

@inproceedings{icml20kGCN,
  author       = {Gregor Bachmann and
                  Gary B{\'{e}}cigneul and
                  Octavian Ganea},
  title        = {Constant Curvature Graph Convolutional Networks},
  booktitle    = {Proceedings of the 37th ICML},
  pages        = {486--496},
  publisher    = {{PMLR}},
  year         = {2020},
}

@inproceedings{nips19HGCN,
  author       = {Ines Chami and
                  Zhitao Ying and
                  Christopher R{\'{e}} and
                  Jure Leskovec},
  title        = {Hyperbolic Graph Convolutional Neural Networks},
  booktitle    = {Advances in 32th NeurIPS},
  pages        = {4869--4880},
  year         = {2019},
}

@inproceedings{iclr19Gu,
  title={Learning mixed-curvature representations in products of model spaces},
  author={Gu, Albert and Sala, Frederic and Gunel, Beliz and R{\'e}, Christopher},
  booktitle={Proceedings of the ICLR},
  year={2019}
}

@inproceedings{nips17Nickel,
  author       = {Maximilian Nickel and
                  Douwe Kiela},
  title        = {Poincar{\'{e}} Embeddings for Learning Hierarchical Representations},
  booktitle    = {Advances in 30th NeurIPS},
  pages        = {6338--6347},
  year         = {2017},
}

@article{spm17Bronstein,
  author       = {Michael M. Bronstein and
                  Joan Bruna and
                  Yann LeCun and
                  Arthur Szlam and
                  Pierre Vandergheynst},
  title        = {Geometric Deep Learning: Going beyond Euclidean data},
  journal      = {{IEEE} Signal Process. Mag.},
  pages        = {18--42},
  year         = {2017},
}

@inproceedings{iclr19DeepSphere,
  author       = {Micha{\"{e}}l Defferrard and
                  Nathana{\"{e}}l Perraudin and
                  Tomasz Kacprzak and
                  Rapha{\"{e}}l Sgier},
  title        = {DeepSphere: towards an equivariant graph-based spherical {CNN}},
  booktitle = {ICLR Workshop on Representation Learning on Graphs and Manifolds},
  year = {2019},
}

@inproceedings{nips22RNSDE,
  author       = {Sung Woo Park and
                  Hyomin Kim and
                  Kyungjae Lee and
                  Junseok Kwon},
  title        = {Riemannian Neural {SDE:} Learning Stochastic Representations on Manifolds},
  booktitle    = {Advances in 35th NeurIPS},
  year         = {2022},
}

@inproceedings{PMLR20Xhonneux,
  title={Continuous graph neural networks},
  author={Xhonneux, Louis-Pascal and Qu, Meng and Tang, Jian},
  booktitle = 	 {Proceedings of the 37th ICML},
  pages={10432--10441},
  year={2020},
  publisher =    {PMLR},
}

@inproceedings{icdm21PDEDDN,
  author       = {Tianshu Bao and
                  Xiaowei Jia and
                  Jacob Zwart and
                  Jeffrey M. Sadler and
                  Alison P. Appling and
                  Samantha Oliver and
                  Taylor T. Johnson},
  title        = {Partial Differential Equation Driven Dynamic Graph Networks for Predicting
                  Stream Water Temperature},
  booktitle    = {Proceedings of the 16th ICDM},
  pages        = {11--20},
  publisher    = {{IEEE}},
  year         = {2021},
}

@inproceedings{nips22PNNPDE,
  author       = {Masanobu Horie and
                  Naoto Mitsume},
  title        = {Physics-Embedded Neural Networks: Graph Neural {PDE} Solvers with
                  Mixed Boundary Conditions},
  booktitle    = {Advances in the 35th NeurIPS},
  year         = {2022},
}

@inproceedings{wsdm23Luo,
  author       = {Linhao Luo and
                  Gholamreza Haffari and
                  Shirui Pan},
  title        = {Graph Sequential Neural {ODE} Process for Link Prediction on Dynamic and Sparse Graphs},
  booktitle    = {Proceedings of the 16th WSDM},
  pages        = {778--786},
  publisher    = {{ACM}},
  year         = {2023},
}

@inproceedings{kdd23GGODE,
  author       = {Zijie Huang and
                  Yizhou Sun and
                  Wei Wang},
  title        = {Generalizing Graph {ODE} for Learning Complex System Dynamics across
                  Environments},
  booktitle    = {Proceedings of the 29th {SIGKDD}},
  pages        = {798--809},
  publisher    = {{ACM}},
  year         = {2023}
}
%a service of  Schloss Dagstuhl - Leibniz Center for Informatics homebrowsesearchaboutnfdi

@inproceedings{nips20Huang,
  author       = {Zijie Huang and
                  Yizhou Sun and
                  Wei Wang},
  editor       = {Hugo Larochelle and
                  Marc'Aurelio Ranzato and
                  Raia Hadsell and
                  Maria{-}Florina Balcan and
                  Hsuan{-}Tien Lin},
  title        = {Learning Continuous System Dynamics from Irregularly-Sampled Partial
                  Observations},
  booktitle    = {Advances in the 33rd NeurIPS},
  year         = {2020},
}

@article{liu24,
  author       = {Zesheng Liu and
                  Maryam Rahnemoonfar},
  title        = {Learning Spatio-Temporal Patterns of Polar Ice Layers With Physics-Informed
                  Graph Neural Network},
  journal      = {CoRR},
  volume       = {abs/2406.15299},
  year         = {2024},
}

@inproceedings{www24CausalGraphODE,
  author       = {Zijie Huang and
                  Jeehyun Hwang and
                  Junkai Zhang and
                  Jinwoo Baik and
                  Weitong Zhang and
                  Dominik Wodarz and
                  Yizhou Sun and
                  Quanquan Gu and
                  Wei Wang},
  title        = {Causal Graph {ODE:} Continuous Treatment Effect Modeling in Multi-agent
                  Dynamical Systems},
  booktitle    = {Proceedings of the {ACM} The Web Conference},
  pages        = {4607--4617},
  publisher    = {{ACM}},
  year         = {2024},
}

@inproceedings{kdd21CoupledGraphODE,
  author       = {Zijie Huang and
                  Yizhou Sun and
                  Wei Wang},
  title        = {Coupled Graph {ODE} for Learning Interacting System Dynamics},
  booktitle    = {Proceedings of the  27th {SIGKDD} },
  pages        = {705--715},
  publisher    = {{ACM}},
  year         = {2021},
}

@inproceedings{icml23HOPE,
  author       = {Xiao Luo and
                  Jingyang Yuan and
                  Zijie Huang and
                  Huiyu Jiang and
                  Yifang Qin and
                  Wei Ju and
                  Ming Zhang and
                  Yizhou Sun},
  title        = {{HOPE:} High-order Graph {ODE} For Modeling Interacting Dynamics},
  booktitle    = {Proceedings of the ICML},
  pages        = {23124--23139},
  publisher    = {{PMLR}},
  year         = {2023},
}

@inproceedings{www21AutoSTG,
  author       = {Zheyi Pan and
                  Songyu Ke and
                  Xiaodu Yang and
                  Yuxuan Liang and
                  Yong Yu and
                  Junbo Zhang and
                  Yu Zheng},
  title        = {AutoSTG: Neural Architecture Search for Predictions of Spatio-Temporal
                  Graph},
  booktitle    = {Proceedings of the ACM The Web Conference},
  pages        = {1846--1855},
  publisher    = {{ACM} / {IW3C2}},
  year         = {2021},
}

@inproceedings{www21Yuan,
  author       = {Zixuan Yuan and
                  Hao Liu and
                  Junming Liu and
                  Yanchi Liu and
                  Yang Yang and
                  Renjun Hu and
                  Hui Xiong},
  title        = {Incremental Spatio-Temporal Graph Learning for Online Query-POI Matching},
  booktitle    = {Proceedings of the ACM The Web Conference},
  pages        = {1586--1597},
  publisher    = {{ACM} / {IW3C2}},
  year         = {2021},
}


@inproceedings{kdd20Dai,
  title={Hybrid spatio-temporal graph convolutional network: Improving traffic prediction with navigation data},
  author={Dai, Rui and Xu, Shenkun and Gu, Qian and Ji, Chenguang and Liu, Kaikui},
  booktitle={Proceedings of the 26th SIG KDD},
  pages={3074--3082},
    publisher    = {ACM},
  year={2020}
}

@inproceedings{www22Chen,
  title={A spatio-temporal data-driven automatic control method for smart home services},
  author={Chen, Jinrong and Chen, Zheyi and Zheng, Longhai and Chen, Xing},
  booktitle={Proceedings of the Web Conference 2022 Workshops},
  pages={948--955},
  year={2022}
}

@inproceedings{iclr19Sun,
  author       = {Chen Sun and
                  Per Karlsson and
                  Jiajun Wu and
                  Joshua B. Tenenbaum and
                  Kevin Murphy},
  title        = {Stochastic Prediction of Multi-Agent Interactions from Partial Observations},
  booktitle    = {Proceedings of the 7th ICLR},
  year         = {2019},
}

@inproceedings{aaai19GuoLFSW,
  author       = {Shengnan Guo and
                  Youfang Lin and
                  Ning Feng and
                  Chao Song and
                  Huaiyu Wan},
  title        = {Attention Based Spatial-Temporal Graph Convolutional Networks for
                  Traffic Flow Forecasting},
  booktitle    = {Proceedings of the 33rd AAAI},
  pages        = {922--929},
  publisher    = {{AAAI} Press},
  year         = {2019},
}

% lack baseline



@inproceedings{icml18Kipf,
  author       = {Thomas N. Kipf and
                  Ethan Fetaya and
                  Kuan{-}Chieh Wang and
                  Max Welling and
                  Richard S. Zemel},
  title        = {Neural Relational Inference for Interacting Systems},
  booktitle    = {Proceedings of the 35th ICML},
  pages        = {2693--2702},
  publisher    = {{PMLR}},
  year         = {2018},
}

@inproceedings{nips18NODE,
  author       = {Tian Qi Chen and
                  Yulia Rubanova and
                  Jesse Bettencourt and
                  David Duvenaud},
  title        = {Neural Ordinary Differential Equations},
  booktitle    = {Advances in 31st NeurIPS},
  pages        = {6572--6583},
  year         = {2018},
}

@inproceedings{nips19HVGRNN,
  author       = {Ehsan Hajiramezanali and
                  Arman Hasanzadeh and
                  Krishna R. Narayanan and
                  Nick Duffield and
                  Mingyuan Zhou and
                  Xiaoning Qian},
  title        = {Variational Graph Recurrent Neural Networks},
  booktitle    = {Advances in 32nd NeurIPS},
  pages        = {10700--10710},
  year         = {2019},
}

@inproceedings{nips21HBNODE,
  author       = {Hedi Xia and
                  Vai Suliafu and
                  Hangjie Ji and
                  Tan M. Nguyen and
                  Andrea L. Bertozzi and
                  Stanley J. Osher and
                  Bao Wang},
  title        = {Heavy Ball Neural Ordinary Differential Equations},
  booktitle    = {Advances in 34th NeurIPS},
  pages        = {18646--18659},
  year         = {2021},
}

@article{tkdd23DGCRN,
  author       = {Fuxian Li and
                  Jie Feng and
                  Huan Yan and
                  Guangyin Jin and
                  Fan Yang and
                  Funing Sun and
                  Depeng Jin and
                  Yong Li},
  title        = {Dynamic Graph Convolutional Recurrent Network for Traffic Prediction:
                  Benchmark and Solution},
  journal      = {{ACM} Trans. Knowl. Discov. Data},
  pages        = {9:1--9:21},
  year         = {2023},
}

% dataset

@inproceedings{kdd17SGsocial,
  author       = {Yupeng Gu and
                  Yizhou Sun and
                  Jianxi Gao},
  title        = {The Co-Evolution Model for Social Network Evolving and Opinion Migration},
  booktitle    = {Proceedings of the 23rd {SIGKDD}},
  pages        = {175--184},
  publisher    = {{ACM}},
  year         = {2017},
}


@article{icml24KirschsteinFF,
  author       = {Nikolas Kirschstein and
                  Yixuan Sun},
  title        = {The Merit of River Network Topology for Neural Flood Forecasting},
    booktitle={Proceedings of the 41st ICML},
  journal    = {{PMLR}},
  year         = {2024},
}

@inproceedings{aistats22NikitinWeather,
  author       = {Alexander V. Nikitin and
                  S. T. John and
                  Arno Solin and
                  Samuel Kaski},
  title        = {Non-separable Spatio-temporal Graph Kernels via SPDEs},
  booktitle    = {Proceedings of the AISTATS},
  pages        = {10640--10660},
  publisher    = {{PMLR}},
  year         = {2022},
}

@inproceedings{MMTIMRF13CgogineniCReSIS,
  author       = {S. Gogineni and 
                  J. B. Yan and 
                  D. Gomez and 
                  F. Rodriguez-Morales and 
                  J. Paden and 
                  C. Leuschen},
  title        = {Ultra-wideband radars for remote sensing of snow and ice},
  booktitle    = {IEEE MTT-S International Microwave and RF Conference},
  year         = {2013},
}

@InProceedings{NetSci-X20Sandhu,
    author="Sandhu, Romeil
    and Liu, Ji",
    title="Maxwell's Demon: Controlling Entropy via Discrete Ricci Flow over Networks",
    booktitle="Proceedings of NetSci-X",
    year="2020",
    publisher="Springer International Publishing",
    pages="127--138",
}

@inproceedings{AAAI21SAGNN,
  author       = {Fan Zhou and
                  Rongfan Li and
                  Goce Trajcevski and
                  Kunpeng Zhang},
  title        = {Land Deformation Prediction via Slope-Aware Graph Neural Networks},
  booktitle    = {Proceedings of the 35th ICLR},
  pages        = {15033--15040},
  year         = {2021}
}

@inproceedings{ICLR22PESNet,
  author       = {Nicholas Gao and
                  Stephan G{\"{u}}nnemann},
  title        = {Ab-Initio Potential Energy Surfaces by Pairing GNNs with Neural Wave
                  Functions},
  booktitle    = {Proceedings of the 10th ICLR},
  year         = {2022}
}

@article{minello19,
  title={On the von Neumann entropy of graphs},
  author={Minello, Giorgia and Rossi, Luca and Torsello, Andrea},
  journal={Journal of Complex Networks},
  pages={491--514},
  year={2019},
  publisher={Oxford University Press}
}



@inproceedings{icml21KidgerODEINT,
  author       = {Patrick Kidger and
                  Ricky T. Q. Chen and
                  Terry J. Lyons},
  title        = {"Hey, that's not an ODE": Faster {ODE} Adjoints via Seminorms},
  booktitle    = {Proceedings of the 38th ICML},
  pages        = {5443--5452},
  year         = {2021}
}

@inproceedings{ICLR24ClimODE,
  author       = {Yogesh Verma and
                  Markus Heinonen and
                  Vikas Garg},
  title        = {ClimODE: Climate and Weather Forecasting with Physics-informed Neural
                  ODEs},
  booktitle    = {Proceedings of the 12th ICLR},
  publisher    = {OpenReview.net},
  year         = {2024}
}

@article{24OceanTemperaturePrediction,
  author       = {Mingyu Ou and
                  Shijie Xu and
                  Bin Luo and
                  Hengan Zhou and
                  Mingye Zhang and
                  Pan Xu and
                  Hongna Zhu},
  title        = {3-D Ocean Temperature Prediction via Graph Neural Network With Optimized
                  Attention Mechanisms},
  journal      = {{IEEE} Geosci. Remote. Sens. Lett.},
  volume       = {21},
  pages        = {1--5},
  year         = {2024}
}

@inproceedings{ICML22PDE-constrained,
  author       = {Qingqing Zhao and
                  David B. Lindell and
                  Gordon Wetzstein},
  title        = {Learning to Solve PDE-constrained Inverse Problems with Graph Networks},
  booktitle    = {Proceedings of  the ICML},
  volume       = {162},
  pages        = {26895--26910},
  publisher    = {{PMLR}},
  year         = {2022}
}

@inproceedings{AAAI23Epidemiologically-Informed,
  author       = {Alexander Rodr{\'{\i}}guez and
                  Jiaming Cui and
                  Naren Ramakrishnan and
                  Bijaya Adhikari and
                  B. Aditya Prakash},
  title        = {EINNs: Epidemiologically-Informed Neural Networks},
  booktitle    = {Proceedings of the 37th AAAI},
  pages        = {14453--14460},
  year = {2023},
  publisher    = {{AAAI} Press}
}




@article{mackey1989,
  title={The dynamic origin of increasing entropy},
  author={Mackey, Michael C},
  journal={Reviews of Modern Physics},
  volume={61},
  pages={981},
  year={1989},
  publisher={APS}
}

@article{baptista2024,
  title={Charting cellular differentiation trajectories with Ricci flow},
  author={Baptista, Anthony and MacArthur, Ben D and Banerji, Christopher RS},
  journal={Nature Communications},
  volume={15},
  number={1},
  pages={2258},
  year={2024},
  publisher={Nature Publishing Group UK London}
}



@article{perelman2002,
  title={The entropy formula for the Ricci flow and its geometric applications},
  author={Perelman, Grisha},
  journal={arXiv preprint math/0211159},
  year={2002}
}

@article{abolarinwa2019,
  title={On the entropy formulas and solitons for the Ricci-harmonic flow},
  author={Abolarinwa, Abimbola and Oladejo, Nathaniel K and Salawu, Sulyman O},
  journal={Bulletin of the Iranian Mathematical Society},
  volume={45},
  pages={1177--1192},
  year={2019},
  publisher={Springer}
}

@book{o2009,
  title={The Poincar{\'e} conjecture: In search of the shape of the universe},
  author={O'shea, Donal},
  year={2009},
  publisher={Bloomsbury Publishing USA}
}
@article{MinelloRT19,
  author       = {Giorgia Minello and
                  Luca Rossi and
                  Andrea Torsello},
  title        = {On the von Neumann entropy of graphs},
  journal      = {J. Complex Networks},
  volume       = {7},
  number       = {4},
  pages        = {491--514},
  year         = {2019}
}