@inproceedings{PMLR20Xhonneux,
  title={Continuous graph neural networks},
  author={Xhonneux, Louis-Pascal and Qu, Meng and Tang, Jian},
  booktitle = 	 {Proceedings of the 37th ICML},
  pages={10432--10441},
  year={2020},
  publisher =    {PMLR},
}

@inproceedings{WangSun24cikm, 
author = {Wang, Yujie and Zhang, Shuo and Ye, Junda and Peng, Hao and Sun, Li}, 
title = {A Mixed-Curvature Graph Diffusion Model}, 
year = {2024},
publisher = {ACM},
 booktitle = {Proceedings of the 33rd ACM CIKM}, 
pages = {2482â€“2492}
 }

@inproceedings{aaai19GuoLFSW,
  author       = {Shengnan Guo and
                  Youfang Lin and
                  Ning Feng and
                  Chao Song and
                  Huaiyu Wan},
  title        = {Attention Based Spatial-Temporal Graph Convolutional Networks for
                  Traffic Flow Forecasting},
  booktitle    = {Proceedings of the 33rd AAAI},
  pages        = {922--929},
  publisher    = {{AAAI} Press},
  year         = {2019},
}

@inproceedings{aaai21sunli,
  author    = {Li Sun and
               Zhongbao Zhang and
               Jiawei Zhang and
               Feiyang Wang and
               Hao Peng and
               Sen Su and
               Philip S. Yu},
  title     = {Hyperbolic Variational Graph Neural Network for Modeling Dynamic Graphs},
   booktitle    = {Proceedings of the 35th AAAI},
  pages     = {4375--4383},
  year      = {2021}
}

@inproceedings{aaai22Fan,
  title={A GNN-RNN approach for harnessing geospatial and temporal information: application to crop yield prediction},
  author={Fan, Joshua and Bai, Junwen and Li, Zhiyun and Ortiz-Bobea, Ariel and Gomes, Carla P},
  booktitle={Proceedings of the AAAI},
  volume={36},
  number={11},
  pages={11873--11881},
  year={2022}
}

@inproceedings{aaai22sunli,
  author       = {Li Sun and
                  Zhongbao Zhang and
                  Junda Ye and
                  Hao Peng and
                  Jiawei Zhang and
                  Sen Su and
                  Philip S. Yu},
  title        = {A Self-Supervised Mixed-Curvature Graph Neural Network},
  booktitle    = {Proceedings of AAAI'22},
  pages        = {4146--4155},
  year         = {2022},
}

@inproceedings{aaai23sunli,
  title     = {Self-Supervised Continual Graph Learning in Adaptive Riemannian Spaces},
  author    = {Li Sun and 
                  Junda Ye  and
                   Hao Peng and
                   Feiyang Wang and
                   Philip S. Yu},
  booktitle    = {Proceedings of the 37th AAAI},
   pages     = {4633--4642},
  year      = {2023}
}

@inproceedings{aaai24ChenWLLsigned,
  author       = {Lanlan Chen and
                  Kai Wu and
                  Jian Lou and
                  Jing Liu},
  title        = {Signed Graph Neural Ordinary Differential Equation for Modeling Continuous-Time
                  Dynamics},
  booktitle    = {Proceedings of the 38th AAAI},
  pages        = {8292--8301},
  publisher    = {{AAAI} Press},
  year         = {2024}
}

@inproceedings{aaai24YCWei,
  author       = {Yuecen Wei and
                  Haonan Yuan and
                  Xingcheng Fu and
                  Qingyun Sun and
                  Hao Peng and
                  Xianxian Li and
                  Chunming Hu},
  title        = {Poincar{\'{e}} Differential Privacy for Hierarchy-Aware Graph
                  Embedding},
  booktitle    = {Proceedings of AAAI},
  pages        = {9160--9168},
  year         = {2024}
}

@inproceedings{aaai24sunli,
  title     = {Motif-aware Riemannian Graph Neural Network with Generative-Contrastive Learning},
  author    = {Li Sun and 
                  Zhenhao Huang and
                   Zixi Wang and
                   Feiyang Wang and
                   Hao Peng and
                   Philip S. Yu},
  booktitle    = {Proceedings of the 38th AAAI},
  year      = {2024},
       pages     = {9044--9052}
}

@inproceedings{cikm22sunli,
  author       = {Li Sun and
                  Junda Ye and
                  Hao Peng and
                  Philip S. Yu},
  title        = {A Self-supervised Riemannian {GNN} with Time Varying Curvature for
                  Temporal Graph Learning},
  booktitle    = {Proceedings of the 31st CIKM},
  pages        = {1827--1836},
  year         = {2022}
  }

@inproceedings{fu24icml,
  author       = {Xingcheng Fu and
                  Yisen Gao and
                  Yuecen Wei and
                  Qingyun Sun and
                  Hao Peng and
                  Jianxin Li and
                  Xianxian Li},
  title        = {Hyperbolic Geometric Latent Diffusion Model for Graph Generation},
  booktitle    = {Proceedings of the 41st ICML},
  year         = {2024}
}

@inproceedings{icdm23sunli,
  title     = {DeepRicci: Self-supervised Graph Structure-Feature Co-Refinement for Alleviating Over-squashing},
  author    = {Li Sun and 
                    Zhenhao Huang and
                    Hua Wu and
                  Junda Ye  and
                   Hao Peng and
                   Zhengtao Yu and
                   Philip S. Yu},
  booktitle    = {Proceedings of the 23rd ICDM},
     pages     = {558--567},
  year      = {2023}
}

@inproceedings{iclr19Gu,
  title={Learning mixed-curvature representations in products of model spaces},
  author={Gu, Albert and Sala, Frederic and Gunel, Beliz and R{\'e}, Christopher},
  booktitle={Proceedings of the ICLR},
  year={2019}
}

@inproceedings{iclr19Sun,
  author       = {Chen Sun and
                  Per Karlsson and
                  Jiajun Wu and
                  Joshua B. Tenenbaum and
                  Kevin Murphy},
  title        = {Stochastic Prediction of Multi-Agent Interactions from Partial Observations},
  booktitle    = {Proceedings of the 7th ICLR},
  year         = {2019},
}

@inproceedings{iclr24FlowMatch,
  author       = {Ricky T. Q. Chen and
                  Yaron Lipman},
  title        = {Flow Matching on General Geometries},
  booktitle    = {Proceedings of the 12th ICLR},
  publisher    = {OpenReview.net},
  year         = {2024}
}

@inproceedings{icml20kGCN,
  author       = {Gregor Bachmann and
                  Gary B{\'{e}}cigneul and
                  Octavian Ganea},
  title        = {Constant Curvature Graph Convolutional Networks},
  booktitle    = {Proceedings of the 37th ICML},
  pages        = {486--496},
  publisher    = {{PMLR}},
  year         = {2020},
}

@inproceedings{icml23GyroSpace,
  author       = {Xuan Son Nguyen and
                  Shuo Yang},
  title        = {Building Neural Networks on Matrix Manifolds: {A} Gyrovector Space
                  Approach},
  booktitle    = {Proceedings of  the  40th ICML},
  volume       = {202},
  pages        = {26031--26062},
  publisher    = {{PMLR}},
  year         = {2023}
}

@inproceedings{icml23HOPE,
  author       = {Xiao Luo and
                  Jingyang Yuan and
                  Zijie Huang and
                  Huiyu Jiang and
                  Yifang Qin and
                  Wei Ju and
                  Ming Zhang and
                  Yizhou Sun},
  title        = {{HOPE:} High-order Graph {ODE} For Modeling Interacting Dynamics},
  booktitle    = {Proceedings of the ICML},
  pages        = {23124--23139},
  publisher    = {{PMLR}},
  year         = {2023},
}

@inproceedings{icml23revisitRicci,
  author       = {Khang Nguyen and
                  Nong Minh Hieu and
                  Vinh Duc Nguyen and
                  Nhat Ho and
                  Stanley J. Osher and
                  Tan Minh Nguyen},
  title        = {Revisiting Over-smoothing and Over-squashing Using Ollivier-Ricci
                  Curvature},
  booktitle    = {Proceedings of the ICML},
  volume       = {202},
  pages        = {25956--25979},
  publisher    = {{PMLR}},
  year         = {2023}
}

@inproceedings{icml23sphereFourier,
  author       = {Boris Bonev and
                  Thorsten Kurth and
                  Christian Hundt and
                  Jaideep Pathak and
                  Maximilian Baust and
                  Karthik Kashinath and
                  Anima Anandkumar},
  title        = {Spherical Fourier Neural Operators: Learning Stable Dynamics on the
                  Sphere},
  booktitle    = {Proceedings of  the 40th ICML},
  volume       = {202},
  pages        = {2806--2823},
  publisher    = {{PMLR}},
  year         = {2023}
}

@inproceedings{icml24sun,
  author       = {Li Sun and
                  Zhenhao Huang and
                  Hao Peng and
                  Yujie Wang and
                  Chunyang Liu and
                  Philip S. Yu},
  title        = {LSEnet: Lorentz Structural Entropy Neural Network for Deep Graph Clustering},
  booktitle    = {Proceedings of the 41st ICML},
  year         = {2024}
}

@inproceedings{ijcai23sunli,
  author       = {Li Sun and
                  Feiyang Wang and
                  Junda Ye and
                  Hao Peng and
                  Philip S. Yu},
  title        = {{Congregate:} Contrastive Graph Clustering in Curvature Spaces},
  booktitle    = {Proceedings of the 32nd IJCAI},
  pages        = {2296--2305},
  year         = {2023}
}

@inproceedings{kdd20Dai,
  title={Hybrid spatio-temporal graph convolutional network: Improving traffic prediction with navigation data},
  author={Dai, Rui and Xu, Shenkun and Gu, Qian and Ji, Chenguang and Liu, Kaikui},
  booktitle={Proceedings of the 26th SIG KDD},
  pages={3074--3082},
    publisher    = {ACM},
  year={2020}
}

@inproceedings{kdd21CoupledGraphODE,
  author       = {Zijie Huang and
                  Yizhou Sun and
                  Wei Wang},
  title        = {Coupled Graph {ODE} for Learning Interacting System Dynamics},
  booktitle    = {Proceedings of the  27th {SIGKDD} },
  pages        = {705--715},
  publisher    = {{ACM}},
  year         = {2021},
}

@inproceedings{kdd21yang,
  author       = {Menglin Yang and
                  Min Zhou and
                  Marcus Kalander and
                  Zengfeng Huang and
                  Irwin King},
  title        = {Discrete-time Temporal Network Embedding via Implicit Hierarchical
                  Learning in Hyperbolic Space},
  booktitle    = {Proceedings of the 27th SIGKDD},
  pages        = {1975--1985},
  year         = {2021}
}

@inproceedings{kdd22zhang,
  author       = {Yanfu Zhang and
                  Shangqian Gao and
                  Jian Pei and
                  Heng Huang},
  title        = {Improving Social Network Embedding via New Second-Order Continuous
                  Graph Neural Networks},
  booktitle    = {Proceedings of the 28th SIGKDD},
  pages        = {2515--2523},
  publisher    = {{ACM}},
  year         = {2022}
}

@inproceedings{nips19HVGRNN,
  author       = {Ehsan Hajiramezanali and
                  Arman Hasanzadeh and
                  Krishna R. Narayanan and
                  Nick Duffield and
                  Mingyuan Zhou and
                  Xiaoning Qian},
  title        = {Variational Graph Recurrent Neural Networks},
  booktitle    = {Advances in 32nd NeurIPS},
  pages        = {10700--10710},
  year         = {2019},
}

@inproceedings{nips19rstgnn,
  author       = {Andrei Liviu Nicolicioiu and
                  Iulia Duta and
                  Marius Leordeanu},
  title        = {Recurrent Space-time Graph Neural Networks},
  booktitle    = {Advances in 32nd NeurIPS},
  pages        = {12818--12830},
  year         = {2019}
}

@inproceedings{nips20mainfoldode,
  author       = {Aaron Lou and
                  Derek Lim and
                  Isay Katsman and
                  Leo Huang and
                  Qingxuan Jiang and
                  Ser{-}Nam Lim and
                  Christopher De Sa},
  title        = {Neural Manifold Ordinary Differential Equations},
  booktitle    = {Advances in the 33rd NeurIPS},
  year         = {2020}
}

@inproceedings{nips21Lee,
  author       = {Kookjin Lee and
                  Nathaniel Trask and
                  Panos Stinis},
  title        = {Machine learning structure preserving brackets for forecasting irreversible
                  processes},
  booktitle    = {Advances in NeurIPS},
  pages        = {5696--5707},
  year         = {2021}
}

@inproceedings{nips22PNNPDE,
  author       = {Masanobu Horie and
                  Naoto Mitsume},
  title        = {Physics-Embedded Neural Networks: Graph Neural {PDE} Solvers with
                  Mixed Boundary Conditions},
  booktitle    = {Advances in the 35th NeurIPS},
  year         = {2022},
}

@inproceedings{nips22QGCN,
  author       = {Bo Xiong and
                  Shichao Zhu and
                  Nico Potyka and
                  Shirui Pan and
                  Chuan Zhou and
                  Steffen Staab},
  title        = {Pseudo-Riemannian Graph Convolutional Networks},
  booktitle    = {Advances in 35th NeurIPS},
  year         = {2022},
}

@inproceedings{nips23GrassFlow,
  author       = {Ryoma Yataka and
                  Kazuki Hirashima and
                  Masashi Shiraishi},
  title        = {Grassmann Manifold Flows for Stable Shape Generation},
  booktitle    = {Advances in 36th NeurIPS},
  year         = {2023}
}

@inproceedings{nips23Lee,
  author       = {Anthony Gruber and
                  Kookjin Lee and
                  Nathaniel Trask},
  title        = {Reversible and irreversible bracket-based dynamics for deep graph
                  neural networks},
  booktitle    = {Advances in NeurIPS},
  year         = {2023}
}

@inproceedings{nips23ssLRD,
  author       = {Liang Yang and
                  Runjie Shi and
                  Qiuliang Zhang and
                  Bingxin Niu and
                  Zhen Wang and
                  Xiaochun Cao and
                  Chuan Wang},
  title        = {Self-supervised Graph Neural Networks via Low-Rank Decomposition},
  booktitle    = {Advances in NeurIPS},
  year         = {2023}
}

@inproceedings{nips23tango,
  author       = {Zijie Huang and
                  Wanjia Zhao and
                  Jingdong Gao and
                  Ziniu Hu and
                  Xiao Luo and
                  Yadi Cao and
                  Yuanzhou Chen and
                  Yizhou Sun and
                  Wei Wang},
  title        = {{TANGO:} Time-Reversal Latent GraphODE for Multi-Agent Dynamical Systems},
    booktitle={NeurIPS 2023 Workshop DLDE},
    year={2023},
}

@inproceedings{nips24sun,
  author       = {Li Sun and
                  Zhenhao Huang and
                  Qiqi Wan and
                  Hao Peng and
                  Philip S. Yu},
  title        = {Spiking Graph Neural Network on Riemannian Manifolds},
  booktitle    = {Advances in NeurIPS},
  year         = {2024}
}

@inproceedings{sigir24sunli,
  title     = {R-ODE: Ricci Curvature Tells When You Will be Informed},
  author    = {Li Sun and
                     Jingbin Hu and
                    Mengjie Li and
                     Hao Peng},
  booktitle    = {Proceedings of the ACM SIGIR},
  year      = {2024}
}

@inproceedings{wsdm23Luo,
  author       = {Linhao Luo and
                  Gholamreza Haffari and
                  Shirui Pan},
  title        = {Graph Sequential Neural {ODE} Process for Link Prediction on Dynamic and Sparse Graphs},
  booktitle    = {Proceedings of the 16th WSDM},
  pages        = {778--786},
  publisher    = {{ACM}},
  year         = {2023},
}

@inproceedings{www21AutoSTG,
  author       = {Zheyi Pan and
                  Songyu Ke and
                  Xiaodu Yang and
                  Yuxuan Liang and
                  Yong Yu and
                  Junbo Zhang and
                  Yu Zheng},
  title        = {AutoSTG: Neural Architecture Search for Predictions of Spatio-Temporal
                  Graph},
  booktitle    = {Proceedings of the ACM The Web Conference},
  pages        = {1846--1855},
  publisher    = {{ACM} / {IW3C2}},
  year         = {2021},
}

@inproceedings{www21Yuan,
  author       = {Zixuan Yuan and
                  Hao Liu and
                  Junming Liu and
                  Yanchi Liu and
                  Yang Yang and
                  Renjun Hu and
                  Hui Xiong},
  title        = {Incremental Spatio-Temporal Graph Learning for Online Query-POI Matching},
  booktitle    = {Proceedings of the ACM The Web Conference},
  pages        = {1586--1597},
  publisher    = {{ACM} / {IW3C2}},
  year         = {2021},
}

@inproceedings{www22Chen,
  title={A spatio-temporal data-driven automatic control method for smart home services},
  author={Chen, Jinrong and Chen, Zheyi and Zheng, Longhai and Chen, Xing},
  booktitle={Proceedings of the Web Conference 2022 Workshops},
  pages={948--955},
  year={2022}
}

@inproceedings{www24GAUSS,
  author       = {Liang Yang and
                  Weixiao Hu and
                  Jizhong Xu and
                  Runjie Shi and
                  Dongxiao He and
                  Chuan Wang and
                  Xiaochun Cao and
                  Zhen Wang and
                  Bingxin Niu and
                  Yuanfang Guo},
  title        = {{GAUSS:} GrAph-customized Universal Self-Supervised Learning},
  booktitle    = {Proceedings of WWW},
  pages        = {582--593},
  year         = {2024}
}

@inproceedings{www24sunli,
  title     = {RicciNet: Deep Clustering via A Riemannian Generative Model},
  author    = {Li Sun and
                     Jingbin Hu and
                     Suyang Zhou and
                     Zhenhao Huang and
                     Junda Ye and
                     Hao Peng and
                     Zhengtao Yu and
                     Philip S. Yu},
  booktitle    = {Proceedings of the ACM Web Conference (WWW)},
         pages     = {4071--4082}, 
  year      = {2024}
}

