@article{14,
  title={Differentially Private Spatial Decompositions},
  author={Srivastava, Graham Cormode Cecilia Procopiuc Divesh and Shen, Entong and Yu, Ting}
}

@inproceedings{ahp,
  title={Towards accurate histogram publication under differential privacy},
  author={Zhang, Xiaojian and Chen, Rui and Xu, Jianliang and Meng, Xiaofeng and Xie, Yingtao},
  booktitle={Proceedings of the 2014 SIAM international conference on data mining},
  pages={587--595},
  year={2014},
  organization={SIAM}
}

@inproceedings{cormode,
  title={Differentially private spatial decompositions},
  author={Cormode, Graham and Procopiuc, Cecilia and Srivastava, Divesh and Shen, Entong and Yu, Ting},
  booktitle={2012 IEEE 28th International Conference on Data Engineering},
  pages={20--31},
  year={2012},
  organization={IEEE}
}

@article{dawa,
  title={A data-and workload-aware algorithm for range queries under differential privacy},
  author={Li, Chao and Hay, Michael and Miklau, Gerome and Wang, Yue},
  journal={arXiv preprint arXiv:1410.0265},
  year={2014}
}

@article{depth1,
  title={HTF: Homogeneous Tree Framework for Differentially Private Release of Large Geospatial Datasets with Self-tuning Structure Height},
  author={Shaham, Sina and Ghinita, Gabriel and Ahuja, Ritesh and Krumm, John and Shahabi, Cyrus},
  journal={ACM transactions on spatial algorithms and systems},
  volume={9},
  number={4},
  pages={1--30},
  year={2023},
  publisher={ACM New York, NY}
}

@inproceedings{depth2,
  title={Differentially private synthetic data using KD-trees},
  author={Krea{\v{c}}i{\'c}, Eleonora and Nouri, Navid and Potluru, Vamsi K and Balch, Tucker and Veloso, Manuela},
  booktitle={Uncertainty in Artificial Intelligence},
  pages={1143--1153},
  year={2023},
  organization={PMLR}
}

@article{dppro,
  title={DPPro: Differentially private high-dimensional data release via random projection},
  author={Xu, Chugui and Ren, Ju and Zhang, Yaoxue and Qin, Zhan and Ren, Kui},
  journal={IEEE Transactions on Information Forensics and Security},
  volume={12},
  number={12},
  pages={3081--3093},
  year={2017},
  publisher={IEEE}
}

@article{gan,
  title={Relational data synthesis using generative adversarial networks: A design space exploration},
  author={Fan, Ju and Liu, Tongyu and Li, Guoliang and Chen, Junyou and Shen, Yuwei and Du, Xiaoyong},
  journal={arXiv preprint arXiv:2008.12763},
  year={2020}
}

@article{gan1,
  title={Differentially private mixture of generative neural networks},
  author={Acs, Gergely and Melis, Luca and Castelluccia, Claude and De Cristofaro, Emiliano},
  journal={IEEE Transactions on Knowledge and Data Engineering},
  volume={31},
  number={6},
  pages={1109--1121},
  year={2018},
  publisher={IEEE}
}

@inproceedings{gan2,
  title={Dp-merf: Differentially private mean embeddings with randomfeatures for practical privacy-preserving data generation},
  author={Harder, Frederik and Adamczewski, Kamil and Park, Mijung},
  booktitle={International conference on artificial intelligence and statistics},
  pages={1819--1827},
  year={2021},
  organization={PMLR}
}

@inproceedings{gan3,
  title={PATE-GAN: Generating synthetic data with differential privacy guarantees},
  author={Jordon, James and Yoon, Jinsung and Van Der Schaar, Mihaela},
  booktitle={International conference on learning representations},
  year={2019}
}

@article{hdmm,
  title={Optimizing error of high-dimensional statistical queries under differential privacy},
  author={McKenna, Ryan and Miklau, Gerome and Hay, Michael and Machanavajjhala, Ashwin},
  journal={arXiv preprint arXiv:1808.03537},
  year={2018}
}

@article{hdpview,
  title={HDPView: differentially private materialized view for exploring high dimensional relational data},
  author={Kato, Fumiyuki and Takahashi, Tsubasa and Takagi, Shun and Cao, Yang and Liew, Seng Pei and Yoshikawa, Masatoshi},
  journal={arXiv preprint arXiv:2203.06791},
  year={2022}
}

@inproceedings{iden,
  title={Differential privacy},
  author={Dwork, Cynthia},
  booktitle={Automata, Languages and Programming: 33rd International Colloquium, ICALP 2006, Venice, Italy, July 10-14, 2006, Proceedings, Part II 33},
  pages={1--12},
  year={2006},
  organization={Springer}
}

@article{mm,
  title={The matrix mechanism: optimizing linear counting queries under differential privacy},
  author={Li, Chao and Miklau, Gerome and Hay, Michael and McGregor, Andrew and Rastogi, Vibhor},
  journal={The VLDB journal},
  volume={24},
  pages={757--781},
  year={2015},
  publisher={Springer}
}

@inproceedings{p3gm,
  title={P3GM: Private high-dimensional data release via privacy preserving phased generative model},
  author={Takagi, Shun and Takahashi, Tsubasa and Cao, Yang and Yoshikawa, Masatoshi},
  booktitle={2021 IEEE 37th International Conference on Data Engineering (ICDE)},
  pages={169--180},
  year={2021},
  organization={IEEE}
}

@article{privatesql,
  title={Privatesql: a differentially private sql query engine},
  author={Kotsogiannis, Ios and Tao, Yuchao and He, Xi and Fanaeepour, Maryam and Machanavajjhala, Ashwin and Hay, Michael and Miklau, Gerome},
  journal={Proceedings of the VLDB Endowment},
  volume={12},
  number={11},
  pages={1371--1384},
  year={2019},
  publisher={VLDB Endowment}
}

@article{privbayes,
  title={Privbayes: Private data release via bayesian networks},
  author={Zhang, Jun and Cormode, Graham and Procopiuc, Cecilia M and Srivastava, Divesh and Xiao, Xiaokui},
  journal={ACM Transactions on Database Systems (TODS)},
  volume={42},
  number={4},
  pages={1--41},
  year={2017},
  publisher={ACM New York, NY, USA}
}

@inproceedings{priview,
  title={Priview: practical differentially private release of marginal contingency tables},
  author={Qardaji, Wahbeh and Yang, Weining and Li, Ninghui},
  booktitle={Proceedings of the 2014 ACM SIGMOD international conference on Management of data},
  pages={1435--1446},
  year={2014}
}

@article{privsyn,
  title={Privsyn: Differentially private data synthesis},
  author={Zhang, Zhikun and Wang, Tianhao and Honorio, Jean and Li, Ninghui and Backes, Michael and He, Shibo and Chen, Jiming and Zhang, Yang},
  year={2021}
}

@inproceedings{privtree,
  title={Privtree: A differentially private algorithm for hierarchical decompositions},
  author={Zhang, Jun and Xiao, Xiaokui and Xie, Xing},
  booktitle={Proceedings of the 2016 international conference on management of data},
  pages={155--170},
  year={2016}
}

@inproceedings{slimview,
  title={SLIM-View: Sampling and Private Publishing of Multidimensional Databases},
  author={Laouir, Ala Eddine and Imine, Abdessamad},
  booktitle={Proceedings of the Fourteenth ACM Conference on Data and Application Security and Privacy},
  pages={391--402},
  year={2024}
}

@inproceedings{winslett,
  title={Differentially private data cubes: optimizing noise sources and consistency},
  author={Ding, Bolin and Winslett, Marianne and Han, Jiawei and Li, Zhenhui},
  booktitle={Proceedings of the 2011 ACM SIGMOD International Conference on Management of data},
  pages={217--228},
  year={2011}
}

