@book{zeidler2004oxford,
  title={Oxford Users' Guide to Mathematics},
  author={Zeidler, E. and Hackbusch, W. and Schwarz, H.R. and Hunt, B.},
  year={2004},
  publisher={OUP Oxford}
}
@article{dp,
  title={The algorithmic foundations of differential privacy},
  author={Dwork, Cynthia and Roth, Aaron and others},
  journal={Foundations and Trends{\textregistered} in Theoretical Computer Science},
  volume={9},
  number={3--4},
  pages={211--407},
  year={2014},
  publisher={Now Publishers, Inc.}
}


@inproceedings{privtree,
  title={Privtree: A differentially private algorithm for hierarchical decompositions},
  author={Zhang, Jun and Xiao, Xiaokui and Xie, Xing},
  booktitle={Proceedings of the 2016 international conference on management of data},
  pages={155--170},
  year={2016}
}
@inproceedings{inan,
  title={Private record matching using differential privacy},
  author={Inan, Ali and Kantarcioglu, Murat and Ghinita, Gabriel and Bertino, Elisa},
  booktitle={Proceedings of the 13th International Conference on Extending Database Technology},
  pages={123--134},
  year={2010}
}
@inproceedings{cormode,
  title={Differentially private spatial decompositions},
  author={Cormode, Graham and Procopiuc, Cecilia and Srivastava, Divesh and Shen, Entong and Yu, Ting},
  booktitle={2012 IEEE 28th International Conference on Data Engineering},
  pages={20--31},
  year={2012},
  organization={IEEE}
}

@article{hdpview,
  title={HDPView: differentially private materialized view for exploring high dimensional relational data},
  author={Kato, Fumiyuki and Takahashi, Tsubasa and Takagi, Shun and Cao, Yang and Liew, Seng Pei and Yoshikawa, Masatoshi},
  journal={arXiv preprint arXiv:2203.06791},
  year={2022}
}

@inproceedings{iden,
  title={Differential privacy},
  author={Dwork, Cynthia},
  booktitle={Automata, Languages and Programming: 33rd International Colloquium, ICALP 2006, Venice, Italy, July 10-14, 2006, Proceedings, Part II 33},
  pages={1--12},
  year={2006},
  organization={Springer}
}
@article{dawa,
  title={A data-and workload-aware algorithm for range queries under differential privacy},
  author={Li, Chao and Hay, Michael and Miklau, Gerome and Wang, Yue},
  journal={arXiv preprint arXiv:1410.0265},
  year={2014}
}
@article{hdmm,
  title={Optimizing error of high-dimensional statistical queries under differential privacy},
  author={McKenna, Ryan and Miklau, Gerome and Hay, Michael and Machanavajjhala, Ashwin},
  journal={arXiv preprint arXiv:1808.03537},
  year={2018}
}

@article{privbayes,
  title={Privbayes: Private data release via bayesian networks},
  author={Zhang, Jun and Cormode, Graham and Procopiuc, Cecilia M and Srivastava, Divesh and Xiao, Xiaokui},
  journal={ACM Transactions on Database Systems (TODS)},
  volume={42},
  number={4},
  pages={1--41},
  year={2017},
  publisher={ACM New York, NY, USA}
}


@inproceedings{ahp,
  title={Towards accurate histogram publication under differential privacy},
  author={Zhang, Xiaojian and Chen, Rui and Xu, Jianliang and Meng, Xiaofeng and Xie, Yingtao},
  booktitle={Proceedings of the 2014 SIAM international conference on data mining},
  pages={587--595},
  year={2014},
  organization={SIAM}
}

@article{dpcube,
  title={DPCube: Differentially private histogram release through multidimensional partitioning},
  author={Xiao, Yonghui and Xiong, Li and Fan, Liyue and Goryczka, Slawomir},
  journal={arXiv preprint arXiv:1202.5358},
  year={2012}
}

@article{14,
  title={Differentially Private Spatial Decompositions},
  author={Srivastava, Graham Cormode Cecilia Procopiuc Divesh and Shen, Entong and Yu, Ting}
}

@article{mm,
  title={The matrix mechanism: optimizing linear counting queries under differential privacy},
  author={Li, Chao and Miklau, Gerome and Hay, Michael and McGregor, Andrew and Rastogi, Vibhor},
  journal={The VLDB journal},
  volume={24},
  pages={757--781},
  year={2015},
  publisher={Springer}
}

@article{gan,
  title={Relational data synthesis using generative adversarial networks: A design space exploration},
  author={Fan, Ju and Liu, Tongyu and Li, Guoliang and Chen, Junyou and Shen, Yuwei and Du, Xiaoyong},
  journal={arXiv preprint arXiv:2008.12763},
  year={2020}
}
@article{dppro,
  title={DPPro: Differentially private high-dimensional data release via random projection},
  author={Xu, Chugui and Ren, Ju and Zhang, Yaoxue and Qin, Zhan and Ren, Kui},
  journal={IEEE Transactions on Information Forensics and Security},
  volume={12},
  number={12},
  pages={3081--3093},
  year={2017},
  publisher={IEEE}
}
@article{privsyn,
  title={Privsyn: Differentially private data synthesis},
  author={Zhang, Zhikun and Wang, Tianhao and Honorio, Jean and Li, Ninghui and Backes, Michael and He, Shibo and Chen, Jiming and Zhang, Yang},
  year={2021}
}

@inproceedings{priview,
  title={Priview: practical differentially private release of marginal contingency tables},
  author={Qardaji, Wahbeh and Yang, Weining and Li, Ninghui},
  booktitle={Proceedings of the 2014 ACM SIGMOD international conference on Management of data},
  pages={1435--1446},
  year={2014}
}

@article{privatesql,
  title={Privatesql: a differentially private sql query engine},
  author={Kotsogiannis, Ios and Tao, Yuchao and He, Xi and Fanaeepour, Maryam and Machanavajjhala, Ashwin and Hay, Michael and Miklau, Gerome},
  journal={Proceedings of the VLDB Endowment},
  volume={12},
  number={11},
  pages={1371--1384},
  year={2019},
  publisher={VLDB Endowment}
}


@inproceedings{winslett,
  title={Differentially private data cubes: optimizing noise sources and consistency},
  author={Ding, Bolin and Winslett, Marianne and Han, Jiawei and Li, Zhenhui},
  booktitle={Proceedings of the 2011 ACM SIGMOD International Conference on Management of data},
  pages={217--228},
  year={2011}
}

@article{stabilitynips,
  title={Privacy amplification by subsampling: Tight analyses via couplings and divergences},
  author={Balle, Borja and Barthe, Gilles and Gaboardi, Marco},
  journal={Advances in Neural Information Processing Systems},
  volume={31},
  year={2018}
}
@inproceedings{hamid,
  title={Sampling and partitioning for differential privacy},
  author={Ebadi, Hamid and Antignac, Thibaud and Sands, David},
  booktitle={2016 14th Annual Conference on Privacy, Security and Trust (PST)},
  pages={664--673},
  year={2016},
  organization={IEEE}
}

@article{saqe,
  title={Saqe: practical privacy-preserving approximate query processing for data federations},
  author={Bater, Johes and Park, Yongjoo and He, Xi and Wang, Xiao and Rogers, Jennie},
  journal={Proceedings of the VLDB Endowment},
  volume={13},
  number={12},
  pages={2691--2705},
  year={2020},
  publisher={VLDB Endowment}
}
@inproceedings{pinq,
  title={Privacy integrated queries: an extensible platform for privacy-preserving data analysis},
  author={McSherry, Frank D},
  booktitle={Proceedings of the 2009 ACM SIGMOD International Conference on Management of data},
  pages={19--30},
  year={2009}
}

@article{gan1,
  title={Differentially private mixture of generative neural networks},
  author={Acs, Gergely and Melis, Luca and Castelluccia, Claude and De Cristofaro, Emiliano},
  journal={IEEE Transactions on Knowledge and Data Engineering},
  volume={31},
  number={6},
  pages={1109--1121},
  year={2018},
  publisher={IEEE}
}
@inproceedings{gan2,
  title={Dp-merf: Differentially private mean embeddings with randomfeatures for practical privacy-preserving data generation},
  author={Harder, Frederik and Adamczewski, Kamil and Park, Mijung},
  booktitle={International conference on artificial intelligence and statistics},
  pages={1819--1827},
  year={2021},
  organization={PMLR}
}
@inproceedings{gan3,
  title={PATE-GAN: Generating synthetic data with differential privacy guarantees},
  author={Jordon, James and Yoon, Jinsung and Van Der Schaar, Mihaela},
  booktitle={International conference on learning representations},
  year={2019}
}
@inproceedings{p3gm,
  title={P3GM: Private high-dimensional data release via privacy preserving phased generative model},
  author={Takagi, Shun and Takahashi, Tsubasa and Cao, Yang and Yoshikawa, Masatoshi},
  booktitle={2021 IEEE 37th International Conference on Data Engineering (ICDE)},
  pages={169--180},
  year={2021},
  organization={IEEE}
}
@book{programmingDP,
   title={Programming Differential Privacy},
   author={Near, Joseph P. and Abuah, Chik√©},
   volume={1},
   url={https://uvm-plaid.github.io/programming-dp/}, 
   year={2021}
}
@article{google,
  title={Differentially private SQL with bounded user contribution},
  author={Wilson, Royce J and Zhang, Celia Yuxin and Lam, William and Desfontaines, Damien and Simmons-Marengo, Daniel and Gipson, Bryant},
  journal={Proceedings on privacy enhancing technologies},
  volume={2020},
  number={2},
  pages={230--250},
  year={2020}
}

@inproceedings{census,
  title={The US Census Bureau adopts differential privacy},
  author={Abowd, John M},
  booktitle={Proceedings of the 24th ACM SIGKDD International Conference on Knowledge Discovery \& Data Mining},
  pages={2867--2867},
  year={2018}
}
@article{dwork2014,
  title={The algorithmic foundations of differential privacy},
  author={Dwork, Cynthia and Roth, Aaron and others},
  journal={Foundations and Trends{\textregistered} in Theoretical Computer Science},
  volume={9},
  number={3--4},
  pages={211--407},
  year={2014},
  publisher={Now Publishers, Inc.}
}
@article{zerosum,
	author = {Sung, Sam Y and Liu, Yao and Xiong, Hui and Ng, Peter A},
	journal = {Knowledge and Information Systems},
	number = {1},
	pages = {38--61},
	publisher = {Springer},
	title = {Privacy preservation for data cubes},
	volume = {9},
	year = {2006}}

@article{dppre,
  title={The algorithmic foundations of differential privacy},
  author={Dwork, Cynthia and Roth, Aaron and others},
  journal={Foundations and Trends{\textregistered} in Theoretical Computer Science},
  volume={9},
  number={3--4},
  pages={211--407},
  year={2014},
  publisher={Now Publishers, Inc.}
}
@article{apple,
  title={learning-with-privacy-at-scale},
  author={Apple Team},
  url={https://docs-assets.developer.apple.com/ml-research/papers/learning-with-privacy-at-scale.pdf}
}
@misc{postgres,
  title = {{Postgres} cube ‚Äî a multi-dimensional cube data type},
  howpublished = {\url{https://www.postgresql.org/docs/current/cube.html}},
  note = {Accessed: 2023-12-30}
}
@misc{adult ,
author = "Dua, Dheeru and Graff, Casey",
year = "2017",
title = "{UCI} Machine Learning Repository",
url = "http://archive.ics.uci.edu/ml",
institution = "University of California, Irvine, School of Information and Computer Sciences" 
}
@misc{technicalreport,
    key = {Ala Eddine Laouir and Abdessamad Imine, SLIM-View: Sampling and Private Publishing of Multidimensional Databases (Technical report)},
    howpublished = {\url{https://github.com/AlaEddineLaouir/SLIM-View}},
    year={April, 2024},
}
@article{depth1,
  title={HTF: Homogeneous Tree Framework for Differentially Private Release of Large Geospatial Datasets with Self-tuning Structure Height},
  author={Shaham, Sina and Ghinita, Gabriel and Ahuja, Ritesh and Krumm, John and Shahabi, Cyrus},
  journal={ACM transactions on spatial algorithms and systems},
  volume={9},
  number={4},
  pages={1--30},
  year={2023},
  publisher={ACM New York, NY}
}
@inproceedings{depth2,
  title={Differentially private synthetic data using KD-trees},
  author={Krea{\v{c}}i{\'c}, Eleonora and Nouri, Navid and Potluru, Vamsi K and Balch, Tucker and Veloso, Manuela},
  booktitle={Uncertainty in Artificial Intelligence},
  pages={1143--1153},
  year={2023},
  organization={PMLR}
}
@inproceedings{slimview,
  title={SLIM-View: Sampling and Private Publishing of Multidimensional Databases},
  author={Laouir, Ala Eddine and Imine, Abdessamad},
  booktitle={Proceedings of the Fourteenth ACM Conference on Data and Application Security and Privacy},
  pages={391--402},
  year={2024}
}