@inproceedings{langley00,
 author    = {P. Langley},
 title     = {Crafting Papers on Machine Learning},
 year      = {2000},
 pages     = {1207--1216},
 editor    = {Pat Langley},
 booktitle     = {Proceedings of the 17th International Conference
              on Machine Learning (ICML 2000)},
 address   = {Stanford, CA},
 publisher = {Morgan Kaufmann}
}

@TechReport{mitchell80,
  author = 	 "T. M. Mitchell",
  title = 	 "The Need for Biases in Learning Generalizations",
  institution =  "Computer Science Department, Rutgers University",
  year = 	 "1980",
  address =	 "New Brunswick, MA",
}

@phdthesis{kearns89,
  author = {M. J. Kearns},
  title =  {Computational Complexity of Machine Learning},
  school = {Department of Computer Science, Harvard University},
  year =   {1989}
}

@Book{MachineLearningI,
  editor = 	 "R. S. Michalski and J. G. Carbonell and T.
		  M. Mitchell",
  title = 	 "Machine Learning: An Artificial Intelligence
		  Approach, Vol. I",
  publisher = 	 "Tioga",
  year = 	 "1983",
  address =	 "Palo Alto, CA"
}

@Book{DudaHart2nd,
  author =       "R. O. Duda and P. E. Hart and D. G. Stork",
  title =        "Pattern Classification",
  publisher =    "John Wiley and Sons",
  edition =      "2nd",
  year =         "2000"
}

@misc{anonymous,
  title= {Suppressed for Anonymity},
  author= {Author, N. N.},
  year= {2021}
}

@InCollection{Newell81,
  author =       "A. Newell and P. S. Rosenbloom",
  title =        "Mechanisms of Skill Acquisition and the Law of
                  Practice", 
  booktitle =    "Cognitive Skills and Their Acquisition",
  pages =        "1--51",
  publisher =    "Lawrence Erlbaum Associates, Inc.",
  year =         "1981",
  editor =       "J. R. Anderson",
  chapter =      "1",
  address =      "Hillsdale, NJ"
}


@Article{Samuel59,
  author = 	 "A. L. Samuel",
  title = 	 "Some Studies in Machine Learning Using the Game of
		  Checkers",
  journal =	 "IBM Journal of Research and Development",
  year =	 "1959",
  volume =	 "3",
  number =	 "3",
  pages =	 "211--229"
}

@inproceedings{du2019gradient,
  title={Gradient descent finds global minima of deep neural networks},
  author={Du, Simon and Lee, Jason and Li, Haochuan and Wang, Liwei and Zhai, Xiyu},
  booktitle={International conference on machine learning},
  pages={1675--1685},
  year={2019},
  organization={PMLR}
}

@article{tong2021mathematical,
  title={A mathematical framework for quantifying transferability in multi-source transfer learning},
  author={Tong, Xinyi and Xu, Xiangxiang and Huang, Shao-Lun and Zheng, Lizhong},
  journal={Advances in Neural Information Processing Systems},
  volume={34},
  pages={26103--26116},
  year={2021}
}



%related work: Transfer learning Theory

@inproceedings{wu2024h_Hensemble,
  title={H-ensemble: An Information Theoretic Approach to Reliable Few-Shot Multi-Source-Free Transfer},
  author={Wu, Yanru and Wang, Jianning and Wang, Weida and Li, Yang},
  booktitle={Proceedings of the AAAI Conference on Artificial Intelligence},
  volume={38},
  number={14},
  pages={15970--15978},
  year={2024}
}

@article{harremoes2011pairs,
  title={On pairs of $ f $-divergences and their joint range},
  author={Harremo{\"e}s, Peter and Vajda, Igor},
  journal={IEEE Transactions on Information Theory},
  volume={57},
  number={6},
  pages={3230--3235},
  year={2011},
  publisher={IEEE}
}

@article{bu2020tightening,
  title={Tightening mutual information-based bounds on generalization error},
  author={Bu, Yuheng and Zou, Shaofeng and Veeravalli, Venugopal V},
  journal={IEEE Journal on Selected Areas in Information Theory},
  volume={1},
  number={1},
  pages={121--130},
  year={2020},
  publisher={IEEE}
}

@inproceedings{bao2019information,
  title={An information-theoretic approach to transferability in task transfer learning},
  author={Bao, Yajie and Li, Yang and Huang, Shao-Lun and Zhang, Lin and Zheng, Lizhong and Zamir, Amir and Guibas, Leonidas},
  booktitle={2019 IEEE international conference on image processing (ICIP)},
  pages={2309--2313},
  year={2019},
  organization={IEEE}
}


%related work: multi-task transfer learning_alignment_1
@article{li2021multi,
  title={Multi-source contribution learning for domain adaptation},
  author={Li, Keqiuyin and Lu, Jie and Zuo, Hua and Zhang, Guangquan},
  journal={IEEE Transactions on Neural Networks and Learning Systems},
  volume={33},
  number={10},
  pages={5293--5307},
  year={2021},
  publisher={IEEE}
}

@inproceedings{wang2022self,
  title={Self-paced Supervision for Multi-source Domain Adaptation.},
  author={Wang, Zengmao and Zhou, Chaoyang and Du, Bo and He, Fengxiang},
  booktitle={IJCAI},
  pages={3551--3557},
  year={2022}
}

@inproceedings{long2014transfer,
  title={Transfer joint matching for unsupervised domain adaptation},
  author={Long, Mingsheng and Wang, Jianmin and Ding, Guiguang and Sun, Jiaguang and Yu, Philip S},
  booktitle={Proceedings of the IEEE conference on computer vision and pattern recognition},
  pages={1410--1417},
  year={2014}
}

@article{courty2016optimal,
  title={Optimal transport for domain adaptation},
  author={Courty, Nicolas and Flamary, R{\'e}mi and Tuia, Devis and Rakotomamonjy, Alain},
  journal={IEEE transactions on pattern analysis and machine intelligence},
  volume={39},
  number={9},
  pages={1853--1865},
  year={2016},
  publisher={IEEE}
}

@article{ganin2016domain,
  title={Domain-adversarial training of neural networks},
  author={Ganin, Yaroslav and Ustinova, Evgeniya and Ajakan, Hana and Germain, Pascal and Larochelle, Hugo and Laviolette, Fran{\c{c}}ois and March, Mario and Lempitsky, Victor},
  journal={Journal of machine learning research},
  volume={17},
  number={59},
  pages={1--35},
  year={2016}
}
@inproceedings{tzeng2017adversarial,
  title={Adversarial discriminative domain adaptation},
  author={Tzeng, Eric and Hoffman, Judy and Saenko, Kate and Darrell, Trevor},
  booktitle={Proceedings of the IEEE conference on computer vision and pattern recognition},
  pages={7167--7176},
  year={2017}
}


%related work: multi-task transfer learning_alignment_2
%语义分割上发了好几篇文章的一作
@article{zhao2021madan,
  title={MADAN: Multi-source adversarial domain aggregation network for domain adaptation},
  author={Zhao, Sicheng and Li, Bo and Xu, Pengfei and Yue, Xiangyu and Ding, Guiguang and Keutzer, Kurt},
  journal={International Journal of Computer Vision},
  volume={129},
  number={8},
  pages={2399--2424},
  year={2021},
  publisher={Springer}
}
@inproceedings{he2021multi,
  title={Multi-source domain adaptation with collaborative learning for semantic segmentation},
  author={He, Jianzhong and Jia, Xu and Chen, Shuaijun and Liu, Jianzhuang},
  booktitle={Proceedings of the IEEE/CVF Conference on Computer Vision and Pattern Recognition},
  pages={11008--11017},
  year={2021}
}

%related work: multi-task transfer learning_alignment_3
@article{li2022dynamic,
  title={Dynamic classifier alignment for unsupervised multi-source domain adaptation},
  author={Li, Keqiuyin and Lu, Jie and Zuo, Hua and Zhang, Guangquan},
  journal={IEEE Transactions on Knowledge and Data Engineering},
  volume={35},
  number={5},
  pages={4727--4740},
  year={2022},
  publisher={IEEE}
}


%related work: multi-task transfer learning_match_1
@inproceedings{guo2020multi,
  title={Multi-source domain adaptation for text classification via distancenet-bandits},
  author={Guo, Han and Pasunuru, Ramakanth and Bansal, Mohit},
  booktitle={Proceedings of the AAAI conference on artificial intelligence},
  volume={34},
  number={05},
  pages={7830--7838},
  year={2020}
}
%related work: multi-task transfer learning_match_3

@inproceedings{shui2021aggregating_WADN,
  title={Aggregating from multiple target-shifted sources},
  author={Shui, Changjian and Li, Zijian and Li, Jiaqi and Gagn{\'e}, Christian and Ling, Charles X and Wang, Boyu},
  booktitle={International Conference on Machine Learning},
  pages={9638--9648},
  year={2021},
  organization={PMLR}
}


%related work: 2025_1_30 multi-task transfer learning_data
@inproceedings{li2021dynamic,
  title={Dynamic transfer for multi-source domain adaptation},
  author={Li, Yunsheng and Yuan, Lu and Chen, Yinpeng and Wang, Pei and Vasconcelos, Nuno},
  booktitle={Proceedings of the IEEE/CVF Conference on Computer Vision and Pattern Recognition},
  pages={10998--11007},
  year={2021}
}
%related work: 2025_1_30 multi-task transfer learning_fine-tuning
@article{wan2022uav,
  title={UAV swarm based radar signal sorting via multi-source data fusion: A deep transfer learning framework},
  author={Wan, Liangtian and Liu, Rong and Sun, Lu and Nie, Hansong and Wang, Xianpeng},
  journal={Information Fusion},
  volume={78},
  pages={90--101},
  year={2022},
  publisher={Elsevier}
}

@article{zhao2024more,
  title={More is Better: Deep Domain Adaptation with Multiple Sources},
  author={Zhao, Sicheng and Chen, Hui and Huang, Hu and Xu, Pengfei and Ding, Guiguang},
  journal={arXiv preprint arXiv:2405.00749},
  year={2024}
}

@article{zhuang2020comprehensive,
  title={A comprehensive survey on transfer learning},
  author={Zhuang, Fuzhen and Qi, Zhiyuan and Duan, Keyu and Xi, Dongbo and Zhu, Yongchun and Zhu, Hengshu and Xiong, Hui and He, Qing},
  journal={Proceedings of the IEEE},
  volume={109},
  number={1},
  pages={43--76},
  year={2020},
  publisher={Ieee}
}
%↓↓↓↓↓↓↓↓↓↓↓↓↓↓↓↓↓↓↓↓↓↓↓↓↓↓↓↓↓↓baselines↓↓↓↓↓↓↓↓↓↓↓↓↓↓↓↓↓↓↓↓↓↓↓↓↓↓↓%
%date
@inproceedings{han2023discriminability_DATE,
  title={Discriminability and transferability estimation: a bayesian source importance estimation approach for multi-source-free domain adaptation},
  author={Han, Zhongyi and Zhang, Zhiyan and Wang, Fan and He, Rundong and Su, Wan and Xi, Xiaoming and Yin, Yilong},
  booktitle={Proceedings of the AAAI Conference on Artificial Intelligence},
  volume={37},
  number={6},
  pages={7811--7820},
  year={2023}
}
%MCW
@article{lee2019learning_MCW,
  title={Learning new tricks from old dogs: Multi-source transfer learning from pre-trained networks},
  author={Lee, Joshua and Sattigeri, Prasanna and Wornell, Gregory},
  journal={Advances in neural information processing systems},
  volume={32},
  year={2019}
}

%↑↑↑↑↑↑↑↑↑↑↑↑↑↑↑↑↑↑↑↑↑↑↑↑↑↑↑↑baselines↑↑↑↑↑↑↑↑↑↑↑↑↑↑↑↑↑↑↑↑↑↑↑↑↑↑↑↑%


@misc{cover1999elements,
  title={Elements of information theory},
  author={Cover, TM and Thomas, Joy A},
  year={2006},
  publisher={Hoboken, NJ: Wiley-Interscience}
}

%↓↓↓↓↓↓↓↓↓↓↓↓↓↓↓↓↓↓↓↓↓↓↓↓↓↓↓↓↓↓introduction↓↓↓↓↓↓↓↓↓↓↓↓↓↓↓↓↓↓↓↓↓↓↓↓↓↓↓%
@article{zhao2020review,
  title={A review of single-source deep unsupervised visual domain adaptation},
  author={Zhao, Sicheng and Yue, Xiangyu and Zhang, Shanghang and Li, Bo and Zhao, Han and Wu, Bichen and Krishna, Ravi and Gonzalez, Joseph E and Sangiovanni-Vincentelli, Alberto L and Seshia, Sanjit A and others},
  journal={IEEE Transactions on Neural Networks and Learning Systems},
  volume={33},
  number={2},
  pages={473--493},
  year={2020},
  publisher={IEEE}
}

@article{wang2018deep,
  title={Deep visual domain adaptation: A survey},
  author={Wang, Mei and Deng, Weihong},
  journal={Neurocomputing},
  volume={312},
  pages={135--153},
  year={2018},
  publisher={Elsevier}
}
@inproceedings{sung2022vl,
  title={Vl-adapter: Parameter-efficient transfer learning for vision-and-language tasks},
  author={Sung, Yi-Lin and Cho, Jaemin and Bansal, Mohit},
  booktitle={Proceedings of the IEEE/CVF conference on computer vision and pattern recognition},
  pages={5227--5237},
  year={2022}
}

@inproceedings{fu2024exploring,
  title={Exploring adapter-based transfer learning for recommender systems: Empirical studies and practical insights},
  author={Fu, Junchen and Yuan, Fajie and Song, Yu and Yuan, Zheng and Cheng, Mingyue and Cheng, Shenghui and Zhang, Jiaqi and Wang, Jie and Pan, Yunzhu},
  booktitle={Proceedings of the 17th ACM International Conference on Web Search and Data Mining},
  pages={208--217},
  year={2024}
}

@inproceedings{vincent2020transfer,
  title={Transfer learning for anomaly detection through localized and unsupervised instance selection},
  author={Vincent, Vercruyssen and Wannes, Meert and Jesse, Davis},
  booktitle={Proceedings of the AAAI Conference on Artificial Intelligence},
  volume={34},
  number={04},
  pages={6054--6061},
  year={2020}
}

@article{sun2015survey,
  title={A survey of multi-source domain adaptation},
  author={Sun, Shiliang and Shi, Honglei and Wu, Yuanbin},
  journal={Information Fusion},
  volume={24},
  pages={84--92},
  year={2015},
  publisher={Elsevier}
}

@inproceedings{sun2019meta,
  title={Meta-transfer learning for few-shot learning},
  author={Sun, Qianru and Liu, Yaoyao and Chua, Tat-Seng and Schiele, Bernt},
  booktitle={Proceedings of the IEEE/CVF conference on computer vision and pattern recognition},
  pages={403--412},
  year={2019}
}

@inproceedings{zhang2024revisiting_MADA,
  title={Revisiting the domain shift and sample uncertainty in multi-source active domain transfer},
  author={Zhang, Wenqiao and Lv, Zheqi and Zhou, Hao and Liu, Jia-Wei and Li, Juncheng and Li, Mengze and Li, Yunfei and Zhang, Dongping and Zhuang, Yueting and Tang, Siliang},
  booktitle={Proceedings of the IEEE/CVF Conference on Computer Vision and Pattern Recognition},
  pages={16751--16761},
  year={2024}
}
%↑↑↑↑↑↑↑↑↑↑↑↑↑↑↑↑↑↑↑↑↑↑↑↑↑↑↑↑introduction↑↑↑↑↑↑↑↑↑↑↑↑↑↑↑↑↑↑↑↑↑↑↑↑↑↑↑↑%

%↓↓↓↓↓↓↓↓↓↓↓↓↓↓↓↓↓↓↓↓↓↓↓↓↓↓↓↓↓↓cramer↓↓↓↓↓↓↓↓↓↓↓↓↓↓↓↓↓↓↓↓↓↓↓↓↓↓↓%
@article{zhang2022cramer,
  title={Cram{\'e}r--Rao bound-informed training of neural networks for quantitative MRI},
  author={Zhang, Xiaoxia and Duchemin, Quentin and Liu*, Kangning and Gultekin, Cem and Flassbeck, Sebastian and Fernandez-Granda, Carlos and Assl{\"a}nder, Jakob},
  journal={Magnetic resonance in medicine},
  volume={88},
  number={1},
  pages={436--448},
  year={2022},
  publisher={Wiley Online Library}
}

@article{pilarski2015cramer,
  title={On the Cram{\'e}r--Rao bound applicability and the role of Fisher information in computational neuroscience},
  author={Pilarski, Stevan and Pokora, Ondrej},
  journal={Biosystems},
  volume={136},
  pages={11--22},
  year={2015},
  publisher={Elsevier}
}



@inproceedings{peng2019moment_M3SDA,
  title={Moment matching for multi-source domain adaptation},
  author={Peng, Xingchao and Bai, Qinxun and Xia, Xide and Huang, Zijun and Saenko, Kate and Wang, Bo},
  booktitle={Proceedings of the IEEE/CVF international conference on computer vision},
  pages={1406--1415},
  year={2019}
}

@article{iman2023review,
  title={A review of deep transfer learning and recent advancements},
  author={Iman, Mohammadreza and Arabnia, Hamid Reza and Rasheed, Khaled},
  journal={Technologies},
  volume={11},
  number={2},
  pages={40},
  year={2023},
  publisher={MDPI}
}

##############hgb add baseline↓########
@inproceedings{shen2023balancingMSFDA,
  title={On balancing bias and variance in unsupervised multi-source-free domain adaptation},
  author={Shen, Maohao and Bu, Yuheng and Wornell, Gregory W},
  booktitle={International Conference on Machine Learning},
  pages={30976--30991},
  year={2023},
  organization={PMLR}
}

## vits的
@misc{rw2019timm_vits,
  author = {Ross Wightman},
  title = {PyTorch Image Models},
  year = {2019},
  publisher = {GitHub},
  journal = {GitHub repository},
  doi = {10.5281/zenodo.4414861},
  howpublished = {\url{https://github.com/huggingface/pytorch-image-models}}
}

# vitb?
@article{dosovitskiy2020vit_vitb,
  title={An Image is Worth 16x16 Words: Transformers for Image Recognition at Scale},
  author={Dosovitskiy, Alexey and Beyer, Lucas and Kolesnikov, Alexander and Weissenborn, Dirk and Zhai, Xiaohua and Unterthiner, Thomas and  Dehghani, Mostafa and Minderer, Matthias and Heigold, Georg and Gelly, Sylvain and Uszkoreit, Jakob and Houlsby, Neil},
  journal={ICLR},
  year={2021}
}

@inproceedings{deng2009imagenet,
  title={Imagenet: A large-scale hierarchical image database},
  author={Deng, Jia and Dong, Wei and Socher, Richard and Li, Li-Jia and Li, Kai and Fei-Fei, Li},
  booktitle={2009 IEEE conference on computer vision and pattern recognition},
  pages={248--255},
  year={2009},
  organization={Ieee}
}

## resnet
@inproceedings{he2016deep_resnet,
  title={Deep residual learning for image recognition},
  author={He, Kaiming and Zhang, Xiangyu and Ren, Shaoqing and Sun, Jian},
  booktitle={Proceedings of the IEEE conference on computer vision and pattern recognition},
  pages={770--778},
  year={2016}
}

@inproceedings{saito2018maximum_MCD,
  title={Maximum classifier discrepancy for unsupervised domain adaptation},
  author={Saito, Kuniaki and Watanabe, Kohei and Ushiku, Yoshitaka and Harada, Tatsuya},
  booktitle={Proceedings of the IEEE conference on computer vision and pattern recognition},
  pages={3723--3732},
  year={2018}
}
##############hgb add baseline↑########



@inproceedings{nguyen2020leep,
  title={Leep: A new measure to evaluate transferability of learned representations},
  author={Nguyen, Cuong and Hassner, Tal and Seeger, Matthias and Archambeau, Cedric},
  booktitle={International Conference on Machine Learning},
  pages={7294--7305},
  year={2020},
  organization={PMLR}
}

%%%%%%%%%%%%%lora%%%%%%%%%%%
@article{hu2021lora,
  title={Lora: Low-rank adaptation of large language models},
  author={Hu, Edward J and Shen, Yelong and Wallis, Phillip and Allen-Zhu, Zeyuan and Li, Yuanzhi and Wang, Shean and Wang, Lu and Chen, Weizhu},
  journal={arXiv preprint arXiv:2106.09685},
  year={2021}
}