@inproceedings{bao2019information,
  title={An information-theoretic approach to transferability in task transfer learning},
  author={Bao, Yajie and Li, Yang and Huang, Shao-Lun and Zhang, Lin and Zheng, Lizhong and Zamir, Amir and Guibas, Leonidas},
  booktitle={2019 IEEE international conference on image processing (ICIP)},
  pages={2309--2313},
  year={2019},
  organization={IEEE}
}

@article{bu2020tightening,
  title={Tightening mutual information-based bounds on generalization error},
  author={Bu, Yuheng and Zou, Shaofeng and Veeravalli, Venugopal V},
  journal={IEEE Journal on Selected Areas in Information Theory},
  volume={1},
  number={1},
  pages={121--130},
  year={2020},
  publisher={IEEE}
}

@article{courty2016optimal,
  title={Optimal transport for domain adaptation},
  author={Courty, Nicolas and Flamary, R{\'e}mi and Tuia, Devis and Rakotomamonjy, Alain},
  journal={IEEE transactions on pattern analysis and machine intelligence},
  volume={39},
  number={9},
  pages={1853--1865},
  year={2016},
  publisher={IEEE}
}

@article{ganin2016domain,
  title={Domain-adversarial training of neural networks},
  author={Ganin, Yaroslav and Ustinova, Evgeniya and Ajakan, Hana and Germain, Pascal and Larochelle, Hugo and Laviolette, Fran{\c{c}}ois and March, Mario and Lempitsky, Victor},
  journal={Journal of machine learning research},
  volume={17},
  number={59},
  pages={1--35},
  year={2016}
}

@inproceedings{guo2020multi,
  title={Multi-source domain adaptation for text classification via distancenet-bandits},
  author={Guo, Han and Pasunuru, Ramakanth and Bansal, Mohit},
  booktitle={Proceedings of the AAAI conference on artificial intelligence},
  volume={34},
  number={05},
  pages={7830--7838},
  year={2020}
}

@article{harremoes2011pairs,
  title={On pairs of $ f $-divergences and their joint range},
  author={Harremo{\"e}s, Peter and Vajda, Igor},
  journal={IEEE Transactions on Information Theory},
  volume={57},
  number={6},
  pages={3230--3235},
  year={2011},
  publisher={IEEE}
}

@inproceedings{he2021multi,
  title={Multi-source domain adaptation with collaborative learning for semantic segmentation},
  author={He, Jianzhong and Jia, Xu and Chen, Shuaijun and Liu, Jianzhuang},
  booktitle={Proceedings of the IEEE/CVF Conference on Computer Vision and Pattern Recognition},
  pages={11008--11017},
  year={2021}
}

@article{lee2019learning_MCW,
  title={Learning new tricks from old dogs: Multi-source transfer learning from pre-trained networks},
  author={Lee, Joshua and Sattigeri, Prasanna and Wornell, Gregory},
  journal={Advances in neural information processing systems},
  volume={32},
  year={2019}
}

@inproceedings{li2021dynamic,
  title={Dynamic transfer for multi-source domain adaptation},
  author={Li, Yunsheng and Yuan, Lu and Chen, Yinpeng and Wang, Pei and Vasconcelos, Nuno},
  booktitle={Proceedings of the IEEE/CVF Conference on Computer Vision and Pattern Recognition},
  pages={10998--11007},
  year={2021}
}

@article{li2021multi,
  title={Multi-source contribution learning for domain adaptation},
  author={Li, Keqiuyin and Lu, Jie and Zuo, Hua and Zhang, Guangquan},
  journal={IEEE Transactions on Neural Networks and Learning Systems},
  volume={33},
  number={10},
  pages={5293--5307},
  year={2021},
  publisher={IEEE}
}

@article{li2022dynamic,
  title={Dynamic classifier alignment for unsupervised multi-source domain adaptation},
  author={Li, Keqiuyin and Lu, Jie and Zuo, Hua and Zhang, Guangquan},
  journal={IEEE Transactions on Knowledge and Data Engineering},
  volume={35},
  number={5},
  pages={4727--4740},
  year={2022},
  publisher={IEEE}
}

@inproceedings{long2014transfer,
  title={Transfer joint matching for unsupervised domain adaptation},
  author={Long, Mingsheng and Wang, Jianmin and Ding, Guiguang and Sun, Jiaguang and Yu, Philip S},
  booktitle={Proceedings of the IEEE conference on computer vision and pattern recognition},
  pages={1410--1417},
  year={2014}
}

@inproceedings{nguyen2020leep,
  title={Leep: A new measure to evaluate transferability of learned representations},
  author={Nguyen, Cuong and Hassner, Tal and Seeger, Matthias and Archambeau, Cedric},
  booktitle={International Conference on Machine Learning},
  pages={7294--7305},
  year={2020},
  organization={PMLR}
}

@inproceedings{shui2021aggregating_WADN,
  title={Aggregating from multiple target-shifted sources},
  author={Shui, Changjian and Li, Zijian and Li, Jiaqi and Gagn{\'e}, Christian and Ling, Charles X and Wang, Boyu},
  booktitle={International Conference on Machine Learning},
  pages={9638--9648},
  year={2021},
  organization={PMLR}
}

@article{tong2021mathematical,
  title={A mathematical framework for quantifying transferability in multi-source transfer learning},
  author={Tong, Xinyi and Xu, Xiangxiang and Huang, Shao-Lun and Zheng, Lizhong},
  journal={Advances in Neural Information Processing Systems},
  volume={34},
  pages={26103--26116},
  year={2021}
}

@inproceedings{tzeng2017adversarial,
  title={Adversarial discriminative domain adaptation},
  author={Tzeng, Eric and Hoffman, Judy and Saenko, Kate and Darrell, Trevor},
  booktitle={Proceedings of the IEEE conference on computer vision and pattern recognition},
  pages={7167--7176},
  year={2017}
}

@article{wan2022uav,
  title={UAV swarm based radar signal sorting via multi-source data fusion: A deep transfer learning framework},
  author={Wan, Liangtian and Liu, Rong and Sun, Lu and Nie, Hansong and Wang, Xianpeng},
  journal={Information Fusion},
  volume={78},
  pages={90--101},
  year={2022},
  publisher={Elsevier}
}

@inproceedings{wang2022self,
  title={Self-paced Supervision for Multi-source Domain Adaptation.},
  author={Wang, Zengmao and Zhou, Chaoyang and Du, Bo and He, Fengxiang},
  booktitle={IJCAI},
  pages={3551--3557},
  year={2022}
}

@inproceedings{wu2024h_Hensemble,
  title={H-ensemble: An Information Theoretic Approach to Reliable Few-Shot Multi-Source-Free Transfer},
  author={Wu, Yanru and Wang, Jianning and Wang, Weida and Li, Yang},
  booktitle={Proceedings of the AAAI Conference on Artificial Intelligence},
  volume={38},
  number={14},
  pages={15970--15978},
  year={2024}
}

@inproceedings{zhang2024revisiting_MADA,
  title={Revisiting the domain shift and sample uncertainty in multi-source active domain transfer},
  author={Zhang, Wenqiao and Lv, Zheqi and Zhou, Hao and Liu, Jia-Wei and Li, Juncheng and Li, Mengze and Li, Yunfei and Zhang, Dongping and Zhuang, Yueting and Tang, Siliang},
  booktitle={Proceedings of the IEEE/CVF Conference on Computer Vision and Pattern Recognition},
  pages={16751--16761},
  year={2024}
}

@article{zhao2021madan,
  title={MADAN: Multi-source adversarial domain aggregation network for domain adaptation},
  author={Zhao, Sicheng and Li, Bo and Xu, Pengfei and Yue, Xiangyu and Ding, Guiguang and Keutzer, Kurt},
  journal={International Journal of Computer Vision},
  volume={129},
  number={8},
  pages={2399--2424},
  year={2021},
  publisher={Springer}
}

@article{zhao2024more,
  title={More is Better: Deep Domain Adaptation with Multiple Sources},
  author={Zhao, Sicheng and Chen, Hui and Huang, Hu and Xu, Pengfei and Ding, Guiguang},
  journal={arXiv preprint arXiv:2405.00749},
  year={2024}
}

@article{zhuang2020comprehensive,
  title={A comprehensive survey on transfer learning},
  author={Zhuang, Fuzhen and Qi, Zhiyuan and Duan, Keyu and Xi, Dongbo and Zhu, Yongchun and Zhu, Hengshu and Xiong, Hui and He, Qing},
  journal={Proceedings of the IEEE},
  volume={109},
  number={1},
  pages={43--76},
  year={2020},
  publisher={Ieee}
}

