@inproceedings{langley00,
 author    = {P. Langley},
 title     = {Crafting Papers on Machine Learning},
 year      = {2000},
 pages     = {1207--1216},
 editor    = {Pat Langley},
 booktitle     = {Proceedings of the 17th International Conference
              on Machine Learning (ICML 2000)},
 address   = {Stanford, CA},
 publisher = {Morgan Kaufmann}
}

@TechReport{mitchell80,
  author = 	 "T. M. Mitchell",
  title = 	 "The Need for Biases in Learning Generalizations",
  institution =  "Computer Science Department, Rutgers University",
  year = 	 "1980",
  address =	 "New Brunswick, MA",
}

@phdthesis{kearns89,
  author = {M. J. Kearns},
  title =  {Computational Complexity of Machine Learning},
  school = {Department of Computer Science, Harvard University},
  year =   {1989}
}

@Book{MachineLearningI,
  editor = 	 "R. S. Michalski and J. G. Carbonell and T.
		  M. Mitchell",
  title = 	 "Machine Learning: An Artificial Intelligence
		  Approach, Vol. I",
  publisher = 	 "Tioga",
  year = 	 "1983",
  address =	 "Palo Alto, CA"
}

@Book{DudaHart2nd,
  author =       "R. O. Duda and P. E. Hart and D. G. Stork",
  title =        "Pattern Classification",
  publisher =    "John Wiley and Sons",
  edition =      "2nd",
  year =         "2000"
}

@misc{anonymous,
  title= {Suppressed for Anonymity},
  author= {Author, N. N.},
  year= {2021}
}

@InCollection{Newell81,
  author =       "A. Newell and P. S. Rosenbloom",
  title =        "Mechanisms of Skill Acquisition and the Law of
                  Practice", 
  booktitle =    "Cognitive Skills and Their Acquisition",
  pages =        "1--51",
  publisher =    "Lawrence Erlbaum Associates, Inc.",
  year =         "1981",
  editor =       "J. R. Anderson",
  chapter =      "1",
  address =      "Hillsdale, NJ"
}


@Article{Samuel59,
  author = 	 "A. L. Samuel",
  title = 	 "Some Studies in Machine Learning Using the Game of
		  Checkers",
  journal =	 "IBM Journal of Research and Development",
  year =	 "1959",
  volume =	 "3",
  number =	 "3",
  pages =	 "211--229"
}

@article{xue2023promptcast,
  title={Promptcast: A new prompt-based learning paradigm for time series forecasting},
  author={Xue, Hao and Salim, Flora D},
  journal={IEEE Transactions on Knowledge and Data Engineering},
  year={2023},
  publisher={IEEE}
}

@article{zhou2023one,
  title={One Fits All: Universal Time Series Analysis by Pretrained LM and Specially Designed Adaptors},
  author={Zhou, Tian and Niu, Peisong and Wang, Xue and Sun, Liang and Jin, Rong},
  journal={arXiv preprint arXiv:2311.14782},
  year={2023}
}

@article{yu2023temporal,
  title={Temporal Data Meets LLM--Explainable Financial Time Series Forecasting},
  author={Yu, Xinli and Chen, Zheng and Ling, Yuan and Dong, Shujing and Liu, Zongyi and Lu, Yanbin},
  journal={arXiv preprint arXiv:2306.11025},
  year={2023}
}

@article{sun2023test,
  title={TEST: Text prototype aligned embedding to activate LLM's ability for time series},
  author={Sun, Chenxi and Li, Yaliang and Li, Hongyan and Hong, Shenda},
  journal={arXiv preprint arXiv:2308.08241},
  year={2023}
}

@article{chang2023llm4ts,
  title={Llm4ts: Two-stage fine-tuning for time-series forecasting with pre-trained llms},
  author={Chang, Ching and Peng, Wen-Chih and Chen, Tien-Fu},
  journal={arXiv preprint arXiv:2308.08469},
  year={2023}
}

@article{spathis2023first,
  title={The first step is the hardest: Pitfalls of representing and tokenizing temporal data for large language models},
  author={Spathis, Dimitris and Kawsar, Fahim},
  journal={arXiv preprint arXiv:2309.06236},
  year={2023}
}

@article{gruver2024large,
  title={Large language models are zero-shot time series forecasters},
  author={Gruver, Nate and Finzi, Marc and Qiu, Shikai and Wilson, Andrew G},
  journal={Advances in Neural Information Processing Systems},
  volume={36},
  year={2024}
}

@article{cao2023tempo,
  title={Tempo: Prompt-based generative pre-trained transformer for time series forecasting},
  author={Cao, Defu and Jia, Furong and Arik, Sercan O and Pfister, Tomas and Zheng, Yixiang and Ye, Wen and Liu, Yan},
  journal={arXiv preprint arXiv:2310.04948},
  year={2023}
}

@article{jin2023time,
  title={Time-llm: Time series forecasting by reprogramming large language models},
  author={Jin, Ming and Wang, Shiyu and Ma, Lintao and Chu, Zhixuan and Zhang, James Y and Shi, Xiaoming and Chen, Pin-Yu and Liang, Yuxuan and Li, Yuan-Fang and Pan, Shirui and others},
  journal={arXiv preprint arXiv:2310.01728},
  year={2023}
}

@article{jin2023large,
  title={Large models for time series and spatio-temporal data: A survey and outlook},
  author={Jin, Ming and Wen, Qingsong and Liang, Yuxuan and Zhang, Chaoli and Xue, Siqiao and Wang, Xue and Zhang, James and Wang, Yi and Chen, Haifeng and Li, Xiaoli and others},
  journal={arXiv preprint arXiv:2310.10196},
  year={2023}
}

@article{jin2024position,
  title={Position Paper: What Can Large Language Models Tell Us about Time Series Analysis},
  author={Jin, Ming and Zhang, Yifan and Chen, Wei and Zhang, Kexin and Liang, Yuxuan and Yang, Bin and Wang, Jindong and Pan, Shirui and Wen, Qingsong},
  journal={arXiv preprint arXiv:2402.02713},
  year={2024}
}

@article{liu2023large,
  title={Large language models are few-shot health learners},
  author={Liu, Xin and McDuff, Daniel and Kovacs, Geza and Galatzer-Levy, Isaac and Sunshine, Jacob and Zhan, Jiening and Poh, Ming-Zher and Liao, Shun and Di Achille, Paolo and Patel, Shwetak},
  journal={arXiv preprint arXiv:2305.15525},
  year={2023}
}

@inproceedings{li2024frozen,
  title={Frozen language model helps ECG zero-shot learning},
  author={Li, Jun and Liu, Che and Cheng, Sibo and Arcucci, Rossella and Hong, Shenda},
  booktitle={Medical Imaging with Deep Learning},
  pages={402--415},
  year={2024},
  organization={PMLR}
}

@article{das2023decoder,
  title={A decoder-only foundation model for time-series forecasting},
  author={Das, Abhimanyu and Kong, Weihao and Sen, Rajat and Zhou, Yichen},
  journal={arXiv preprint arXiv:2310.10688},
  year={2023}
}

@article{garza2023timegpt,
  title={TimeGPT-1},
  author={Garza, Azul and Mergenthaler-Canseco, Max},
  journal={arXiv preprint arXiv:2310.03589},
  year={2023}
}

@article{rasul2023lag,
  title={Lag-llama: Towards foundation models for time series forecasting},
  author={Rasul, Kashif and Ashok, Arjun and Williams, Andrew Robert and Khorasani, Arian and Adamopoulos, George and Bhagwatkar, Rishika and Bilo{\v{s}}, Marin and Ghonia, Hena and Hassen, Nadhir Vincent and Schneider, Anderson and others},
  journal={arXiv preprint arXiv:2310.08278},
  year={2023}
}

@article{woo2024unified,
  title={Unified training of universal time series forecasting transformers},
  author={Woo, Gerald and Liu, Chenghao and Kumar, Akshat and Xiong, Caiming and Savarese, Silvio and Sahoo, Doyen},
  journal={arXiv preprint arXiv:2402.02592},
  year={2024}
}

@article{ansari2024chronos,
  title={Chronos: Learning the Language of Time Series},
  author={Ansari, Abdul Fatir and Stella, Lorenzo and Turkmen, Caner and Zhang, Xiyuan and Mercado, Pedro and Shen, Huibin and Shchur, Oleksandr and Rangapuram, Syama Sundar and Arango, Sebastian Pineda and Kapoor, Shubham and others},
  journal={arXiv preprint arXiv:2403.07815},
  year={2024}
}

@inproceedings{marling2020ohiot1dm,
  title={The OhioT1DM dataset for blood glucose level prediction: Update 2020},
  author={Marling, Cindy and Bunescu, Razvan},
  booktitle={CEUR workshop proceedings},
  volume={2675},
  pages={71},
  year={2020},
  organization={NIH Public Access}
}

@misc{simglucose,
  author       = {Jinyu Xie},
  title        = {{Simglucose v0.2.1}},
  year         = {2018},
  howpublished = {\url{https://github.com/jxx123/simglucose}},
  note         = {Accessed on: Month-Date-Year}
}

@inproceedings{sergazinov2023glucobench,
  title={GlucoBench: Curated List of Continuous Glucose Monitoring Datasets with Prediction Benchmarks},
  author={Sergazinov, Renat and Chun, Elizabeth and Rogovchenko, Valeriya and Fernandes, Nathaniel J and Kasman, Nicholas and Gaynanova, Irina},
  booktitle={The Twelfth International Conference on Learning Representations},
  year={2023}
}

@article{abbasian2024knowledge,
  title={Knowledge-Infused LLM-Powered Conversational Health Agent: A Case Study for Diabetes Patients},
  author={Abbasian, Mahyar and Yang, Zhongqi and Khatibi, Elahe and Zhang, Pengfei and Nagesh, Nitish and Azimi, Iman and Jain, Ramesh and Rahmani, Amir M},
  journal={arXiv preprint arXiv:2402.10153},
  year={2024}
}
@misc{diabetesatlas,
    author = {{International Diabetes Federation}},
    title = {International Diabetes Federation},
    howpublished = {\url{https://diabetesatlas.org/}},
    year={2024},
    note = {Accessed: May 3, 2024}
}

@article{oviedo2017review,
  title={A review of personalized blood glucose prediction strategies for T1DM patients},
  author={Oviedo, Silvia and Veh{\'\i}, Josep and Calm, Remei and Armengol, Joaquim},
  journal={International journal for numerical methods in biomedical engineering},
  volume={33},
  number={6},
  pages={e2833},
  year={2017},
  publisher={Wiley Online Library}
}

@inproceedings{huzooree2017glucose,
  title={Glucose prediction data analytics for diabetic patients monitoring},
  author={Huzooree, Geshwaree and Khedo, Kavi Kumar and Joonas, Noorjehan},
  booktitle={2017 1st International Conference on Next Generation Computing Applications (NextComp)},
  pages={188--195},
  year={2017},
  organization={IEEE}
}

@article{woldaregay2019data,
  title={Data-driven modeling and prediction of blood glucose dynamics: Machine learning applications in type 1 diabetes},
  author={Woldaregay, Ashenafi Zebene and {\AA}rsand, Eirik and Walderhaug, St{\aa}le and Albers, David and Mamykina, Lena and Botsis, Taxiarchis and Hartvigsen, Gunnar},
  journal={Artificial intelligence in medicine},
  volume={98},
  pages={109--134},
  year={2019},
  publisher={Elsevier}
}

@article{hovorka2004nonlinear,
  title={Nonlinear model predictive control of glucose concentration in subjects with type 1 diabetes},
  author={Hovorka, Roman and Canonico, Valentina and Chassin, Ludovic J and Haueter, Ulrich and Massi-Benedetti, Massimo and Federici, Marco Orsini and Pieber, Thomas R and Schaller, Helga C and Schaupp, Lukas and Vering, Thomas and others},
  journal={Physiological measurement},
  volume={25},
  number={4},
  pages={905},
  year={2004},
  publisher={IOP Publishing}
}

@article{dalla2007meal,
  title={Meal simulation model of the glucose-insulin system},
  author={Dalla Man, Chiara and Rizza, Robert A and Cobelli, Claudio},
  journal={IEEE Transactions on biomedical engineering},
  volume={54},
  number={10},
  pages={1740--1749},
  year={2007},
  publisher={IEEE}
}

@article{bergman1979quantitative,
  title={Quantitative estimation of insulin sensitivity.},
  author={Bergman, Richard N and Ider, Y Ziya and Bowden, Charles R and Cobelli, Claudio},
  journal={American Journal of Physiology-Endocrinology And Metabolism},
  volume={236},
  number={6},
  pages={E667},
  year={1979}
}

@article{laguna2014experimental,
  title={Experimental blood glucose interval identification of patients with type 1 diabetes},
  author={Laguna, Alejandro J and Rossetti, Paolo and Ampudia-Blasco, F Javier and Veh{\'\i}, Josep and Bondia, Jorge},
  journal={Journal of Process Control},
  volume={24},
  number={1},
  pages={171--181},
  year={2014},
  publisher={Elsevier}
}

@article{calm2011comparison,
  title={Comparison of interval and Monte Carlo simulation for the prediction of postprandial glucose under uncertainty in type 1 diabetes mellitus},
  author={Calm, Remei and Garc{\'\i}a-Jaramillo, Maira and Bondia, Jorge and Sainz, MA and Veh{\'\i}, Josep},
  journal={Computer methods and programs in biomedicine},
  volume={104},
  number={3},
  pages={325--332},
  year={2011},
  publisher={Elsevier}
}

@article{balakrishnan2014personalized,
  title={Personalized mechanistic models for exercise, meal and insulin interventions in children and adolescents with type 1 diabetes},
  author={Balakrishnan, Naviyn Prabhu and Samavedham, Lakshminarayanan and Rangaiah, Gade Pandu},
  journal={Journal of theoretical biology},
  volume={357},
  pages={62--73},
  year={2014},
  publisher={Elsevier}
}

@article{duun2013model,
  title={Model identification using stochastic differential equation grey-box models in diabetes},
  author={Duun-Henriksen, Anne Katrine and Schmidt, Signe and R{\o}ge, Rikke Meldgaard and M{\o}ller, Jonas Bech and N{\o}rgaard, Kirsten and J{\o}rgensen, John Bagterp and Madsen, Henrik},
  journal={Journal of diabetes science and technology},
  volume={7},
  number={2},
  pages={431--440},
  year={2013},
  publisher={SAGE Publications}
}

@article{sparacino2007glucose,
  title={Glucose concentration can be predicted ahead in time from continuous glucose monitoring sensor time-series},
  author={Sparacino, Giovanni and Zanderigo, Francesca and Corazza, Stefano and Maran, Alberto and Facchinetti, Andrea and Cobelli, Claudio},
  journal={IEEE Transactions on biomedical engineering},
  volume={54},
  number={5},
  pages={931--937},
  year={2007},
  publisher={IEEE}
}

@article{eren2012adaptive,
  title={Adaptive system identification for estimating future glucose concentrations and hypoglycemia alarms},
  author={Eren-Oruklu, Meriyan and Cinar, Ali and Rollins, Derrick K and Quinn, Lauretta},
  journal={Automatica},
  volume={48},
  number={8},
  pages={1892--1897},
  year={2012},
  publisher={Elsevier}
}

@article{yang2018arima,
  title={An ARIMA model with adaptive orders for predicting blood glucose concentrations and hypoglycemia},
  author={Yang, Jun and Li, Lei and Shi, Yimeng and Xie, Xiaolei},
  journal={IEEE journal of biomedical and health informatics},
  volume={23},
  number={3},
  pages={1251--1260},
  year={2018},
  publisher={IEEE}
}

@article{li2019glunet,
  title={GluNet: A deep learning framework for accurate glucose forecasting},
  author={Li, Kezhi and Liu, Chengyuan and Zhu, Taiyu and Herrero, Pau and Georgiou, Pantelis},
  journal={IEEE journal of biomedical and health informatics},
  volume={24},
  number={2},
  pages={414--423},
  year={2019},
  publisher={IEEE}
}

@article{daskalaki2013early,
  title={An early warning system for hypoglycemic/hyperglycemic events based on fusion of adaptive prediction models},
  author={Daskalaki, Elena and N{\o}rgaard, Kirsten and Z{\"u}ger, Thomas and Prountzou, Aikaterini and Diem, Peter and Mougiakakou, Stavroula},
  journal={Journal of diabetes science and technology},
  volume={7},
  number={3},
  pages={689--698},
  year={2013},
  publisher={SAGE Publications}
}

@inproceedings{jankovic2016deep,
  title={Deep prediction model: The case of online adaptive prediction of subcutaneous glucose},
  author={Jankovic, Marko V and Mosimann, Samuel and Bally, Lia and Stettler, Christoph and Mougiakakou, Stavroula},
  booktitle={2016 13th Symposium on Neural Networks and Applications (NEUREL)},
  pages={1--5},
  year={2016},
  organization={IEEE}
}

@article{wang2014personalized,
  title={Personalized state-space modeling of glucose dynamics for type 1 diabetes using continuously monitored glucose, insulin dose, and meal intake: an extended Kalman filter approach},
  author={Wang, Qian and Molenaar, Peter and Harsh, Saurabh and Freeman, Kenneth and Xie, Jinyu and Gold, Carol and Rovine, Mike and Ulbrecht, Jan},
  journal={Journal of diabetes science and technology},
  volume={8},
  number={2},
  pages={331--345},
  year={2014},
  publisher={SAGE Publications Sage CA: Los Angeles, CA}
}

@inproceedings{macas2017particle,
  title={Particle swarm optimization based adaptable predictor of glycemia values},
  author={Macas, Martin and Lhotska, Lenka and Stechova, Katerina and Pithova, Pavlina and Saiti, Kyriaki},
  booktitle={2017 3rd IEEE International Conference on Cybernetics (CYBCONF)},
  pages={1--6},
  year={2017},
  organization={IEEE}
}

@article{zecchin2012neural,
  title={Neural network incorporating meal information improves accuracy of short-time prediction of glucose concentration},
  author={Zecchin, Chiara and Facchinetti, Andrea and Sparacino, Giovanni and De Nicolao, Giuseppe and Cobelli, Claudio},
  journal={IEEE transactions on biomedical engineering},
  volume={59},
  number={6},
  pages={1550--1560},
  year={2012},
  publisher={IEEE}
}

@article{novara2015nonlinear,
  title={A nonlinear blind identification approach to modeling of diabetic patients},
  author={Novara, Carlo and Pour, N Mohammad and Vincent, Tyrone and Grassi, Giorgio},
  journal={IEEE Transactions on Control Systems Technology},
  volume={24},
  number={3},
  pages={1092--1100},
  year={2015},
  publisher={ieee}
}

@article{vehi2020prediction,
  title={Prediction and prevention of hypoglycaemic events in type-1 diabetic patients using machine learning},
  author={Veh{\'\i}, Josep and Contreras, Iv{\'a}n and Oviedo, Silvia and Biagi, Lyvia and Bertachi, Arthur},
  journal={Health informatics journal},
  volume={26},
  number={1},
  pages={703--718},
  year={2020},
  publisher={SAGE Publications Sage UK: London, England}
}

@article{mayo2019glycemic,
  title={Glycemic-aware metrics and oversampling techniques for predicting blood glucose levels using machine learning},
  author={Mayo, Michael and Chepulis, Lynne and Paul, Ryan G},
  journal={PloS one},
  volume={14},
  number={12},
  pages={e0225613},
  year={2019},
  publisher={Public Library of Science San Francisco, CA USA}
}

@article{zarkogianni2015comparative,
  title={Comparative assessment of glucose prediction models for patients with type 1 diabetes mellitus applying sensors for glucose and physical activity monitoring},
  author={Zarkogianni, Konstantia and Mitsis, Konstantinos and Litsa, Eleni and Arredondo, M-T and Fico, G and Fioravanti, Alessio and Nikita, Konstantina S},
  journal={Medical \& biological engineering \& computing},
  volume={53},
  pages={1333--1343},
  year={2015},
  publisher={Springer}
}

@article{georga2013glucose,
  title={A glucose model based on support vector regression for the prediction of hypoglycemic events under free-living conditions},
  author={Georga, Eleni I and Protopappas, Vasilios C and Ardigo, Diego and Polyzos, Demosthenes and Fotiadis, Dimitrios I},
  journal={Diabetes technology \& therapeutics},
  volume={15},
  number={8},
  pages={634--643},
  year={2013},
  publisher={Mary Ann Liebert, Inc. 140 Huguenot Street, 3rd Floor New Rochelle, NY 10801 USA}
}

@article{ali2018continuous,
  title={Continuous blood glucose level prediction of type 1 diabetes based on artificial neural network},
  author={Ali, Jaouher Ben and Hamdi, Takoua and Fnaiech, Nader and Di Costanzo, V{\'e}ronique and Fnaiech, Farhat and Ginoux, Jean-Marc},
  journal={Biocybernetics and Biomedical Engineering},
  volume={38},
  number={4},
  pages={828--840},
  year={2018},
  publisher={Elsevier}
}

@inproceedings{sandham1998blood,
  title={Blood glucose prediction for diabetes therapy using a recurrent artificial neural network},
  author={Sandham, William and Nikoletou, Dimitra and Hamilton, David and Paterson, Ken and Japp, Alan and MacGregor, Catriona},
  booktitle={9th European Signal Processing Conference (EUSIPCO 1998)},
  pages={1--4},
  year={1998},
  organization={IEEE}
}

@inproceedings{mirshekarian2019lstms,
  title={LSTMs and neural attention models for blood glucose prediction: Comparative experiments on real and synthetic data},
  author={Mirshekarian, Sadegh and Shen, Hui and Bunescu, Razvan and Marling, Cindy},
  booktitle={2019 41st annual international conference of the IEEE engineering in medicine and biology society (EMBC)},
  pages={706--712},
  year={2019},
  organization={IEEE}
}

@inproceedings{sun2018predicting,
  title={Predicting blood glucose with an lstm and bi-lstm based deep neural network},
  author={Sun, Qingnan and Jankovic, Marko V and Bally, Lia and Mougiakakou, Stavroula G},
  booktitle={2018 14th symposium on neural networks and applications (NEUREL)},
  pages={1--5},
  year={2018},
  organization={IEEE}
}

@article{midroni2018predicting,
  title={Predicting glycemia in type 1 diabetes patients: experiments with XGBoost},
  author={Midroni, Cooper and Leimbigler, Peter J and Baruah, Gaurav and Kolla, Maheedhar and Whitehead, Alfred J and Fossat, Yan},
  journal={heart},
  volume={60},
  number={90},
  pages={120},
  year={2018}
}

@inproceedings{de2019prediction,
  title={Prediction-coherent LSTM-based recurrent neural network for safer glucose predictions in diabetic people},
  author={De Bois, Maxime and Yacoubi, Moun{\^\i}m A El and Ammi, Mehdi},
  booktitle={International Conference on Neural Information Processing},
  pages={510--521},
  year={2019},
  organization={Springer}
}

@article{martinsson2020blood,
  title={Blood glucose prediction with variance estimation using recurrent neural networks},
  author={Martinsson, John and Schliep, Alexander and Eliasson, Bj{\"o}rn and Mogren, Olof},
  journal={Journal of Healthcare Informatics Research},
  volume={4},
  pages={1--18},
  year={2020},
  publisher={Springer}
}

@inproceedings{fiorini2017data,
  title={Data-driven strategies for robust forecast of continuous glucose monitoring time-series},
  author={Fiorini, Samuele and Martini, Chiara and Malpassi, Davide and Cordera, Renzo and Maggi, Davide and Verri, Alessandro and Barla, Annalisa},
  booktitle={2017 39th Annual International Conference of the IEEE Engineering in Medicine and Biology Society (EMBC)},
  pages={1680--1683},
  year={2017},
  organization={IEEE}
}

@inproceedings{mirshekarian2017using,
  title={Using LSTMs to learn physiological models of blood glucose behavior},
  author={Mirshekarian, Sadegh and Bunescu, Razvan and Marling, Cindy and Schwartz, Frank},
  booktitle={2017 39th Annual international conference of the IEEE engineering in medicine and biology society (EMBC)},
  pages={2887--2891},
  year={2017},
  organization={IEEE}
}

@inproceedings{georga2015online,
  title={Online prediction of glucose concentration in type 1 diabetes using extreme learning machines},
  author={Georga, Eleni I and Protopappas, Vasilios C and Polyzos, Demosthenes and Fotiadis, Dimitrios I},
  booktitle={2015 37th Annual International Conference of the IEEE Engineering in Medicine and Biology Society (EMBC)},
  pages={3262--3265},
  year={2015},
  organization={IEEE}
}

@article{ling2016non,
  title={Non-invasive hypoglycemia monitoring system using extreme learning machine for Type 1 diabetes},
  author={Ling, Sai Ho and San, Phyo Phyo and Nguyen, Hung T},
  journal={ISA transactions},
  volume={64},
  pages={440--446},
  year={2016},
  publisher={Elsevier}
}

@inproceedings{tomczak2017gaussian,
  title={Gaussian process regression with categorical inputs for predicting the blood glucose level},
  author={Tomczak, Jakub M},
  booktitle={Advances in Systems Science: Proceedings of the International Conference on Systems Science 2016 (ICSS 2016) 19},
  pages={98--108},
  year={2017},
  organization={Springer}
}

@inproceedings{khan2017methods,
  title={Methods to predict blood glucose level for type 2 diabetes patients},
  author={Khan, Tabassum and Masud, MA and Mamun, Khondaker A},
  booktitle={2017 IEEE Region 10 Humanitarian Technology Conference (R10-HTC)},
  pages={392--395},
  year={2017},
  organization={IEEE}
}

@inproceedings{reymann2016blood,
  title={Blood glucose level prediction based on support vector regression using mobile platforms},
  author={Reymann, Maximilian P and Dorschky, Eva and Groh, Benjamin H and Martindale, Christine and Blank, Peter and Eskofier, Bjoern M},
  booktitle={2016 38th Annual International Conference of the IEEE Engineering in Medicine and Biology Society (EMBC)},
  pages={2990--2993},
  year={2016},
  organization={IEEE}
}

@inproceedings{bunescu2013blood,
  title={Blood glucose level prediction using physiological models and support vector regression},
  author={Bunescu, Razvan and Struble, Nigel and Marling, Cindy and Shubrook, Jay and Schwartz, Frank},
  booktitle={2013 12th International Conference on Machine Learning and Applications},
  volume={1},
  pages={135--140},
  year={2013},
  organization={IEEE}
}

@article{georga2012multivariate,
  title={Multivariate prediction of subcutaneous glucose concentration in type 1 diabetes patients based on support vector regression},
  author={Georga, Eleni I and Protopappas, Vasilios C and Ardigo, Diego and Marina, Michela and Zavaroni, Ivana and Polyzos, Demosthenes and Fotiadis, Dimitrios I},
  journal={IEEE journal of biomedical and health informatics},
  volume={17},
  number={1},
  pages={71--81},
  year={2012},
  publisher={IEEE}
}

@article{hamdi2018accurate,
  title={Accurate prediction of continuous blood glucose based on support vector regression and differential evolution algorithm},
  author={Hamdi, Takoua and Ali, Jaouher Ben and Di Costanzo, V{\'e}ronique and Fnaiech, Farhat and Moreau, Eric and Ginoux, Jean-Marc},
  journal={Biocybernetics and Biomedical Engineering},
  volume={38},
  number={2},
  pages={362--372},
  year={2018},
  publisher={Elsevier}
}

@article{naumova2016meta,
  title={Meta-learning based blood glucose predictor for diabetic smartphone app},
  author={Naumova, Valeriya and Nita, Lucian and Poulsen, Jens Ulrik and Pereverzyev, Sergei V},
  journal={Prediction Methods for Blood Glucose Concentration: Design, Use and Evaluation},
  pages={93--105},
  year={2016},
  publisher={Springer}
}

@article{yu2018online,
  title={Online glucose prediction using computationally efficient sparse kernel filtering algorithms in type-1 diabetes},
  author={Yu, Xia and Rashid, Mudassir and Feng, Jianyuan and Hobbs, Nicole and Hajizadeh, Iman and Samadi, Sediqeh and Sevil, Mert and Lazaro, Caterina and Maloney, Zacharie and Littlejohn, Elizabeth and others},
  journal={IEEE Transactions on Control Systems Technology},
  volume={28},
  number={1},
  pages={3--15},
  year={2018},
  publisher={IEEE}
}

@inproceedings{georga2016non,
  title={Non-linear dynamic modeling of glucose in type 1 diabetes with kernel adaptive filters},
  author={Georga, Eleni I and Principe, Jos{\'e} C and Polyzos, Demosthenes and Fotiadis, Dimitrios I},
  booktitle={2016 38th annual international conference of the IEEE engineering in medicine and biology society (EMBC)},
  pages={5897--5900},
  year={2016},
  organization={IEEE}
}

@inproceedings{georga2017kernel,
  title={Kernel-based adaptive learning improves accuracy of glucose predictive modelling in type 1 diabetes: a proof-of-concept study},
  author={Georga, Eleni I and Pr{\'\i}ncipe, Jos{\'e} C and Rizos, Evangelos C and Fotiadis, Dimitrios I},
  booktitle={2017 39th Annual International Conference of the IEEE Engineering in Medicine and Biology Society (EMBC)},
  pages={2765--2768},
  year={2017},
  organization={IEEE}
}

@article{georga2019short,
  title={Short-term prediction of glucose in type 1 diabetes using kernel adaptive filters},
  author={Georga, Eleni I and Pr{\'\i}ncipe, Jos{\'e} C and Fotiadis, Dimitrios I},
  journal={Medical \& biological engineering \& computing},
  volume={57},
  pages={27--46},
  year={2019},
  publisher={Springer}
}

@article{jeon2020predicting,
  title={Predicting glycaemia in type 1 diabetes patients: experiments in feature engineering and data imputation},
  author={Jeon, Jouhyun and Leimbigler, Peter J and Baruah, Gaurav and Li, Michael H and Fossat, Yan and Whitehead, Alfred J},
  journal={Journal of healthcare informatics research},
  volume={4},
  number={1},
  pages={71--90},
  year={2020},
  publisher={Springer}
}


@article{zecchin2013physical,
  title={Physical activity measured by physical activity monitoring system correlates with glucose trends reconstructed from continuous glucose monitoring},
  author={Zecchin, Chiara and Facchinetti, Andrea and Sparacino, Giovanni and Dalla Man, Chiara and Manohar, Chinmay and Levine, James A and Basu, Ananda and Kudva, Yogish C and Cobelli, Claudio},
  journal={Diabetes technology \& therapeutics},
  volume={15},
  number={10},
  pages={836--844},
  year={2013},
  publisher={Mary Ann Liebert, Inc. 140 Huguenot Street, 3rd Floor New Rochelle, NY 10801 USA}
}

@article{jiang2023mistral,
  title={Mistral 7B (2023)},
  author={Jiang, AQ and Sablayrolles, A and Mensch, A and Bamford, C and Chaplot, DS and de las Casas, D and Bressand, F and Lengyel, G and Lample, G and Saulnier, L and others},
  journal={arXiv preprint arXiv:2310.06825},
  year={2023}
}

@article{abdin2024phi,
  title={Phi-3 technical report: A highly capable language model locally on your phone},
  author={Abdin, Marah and Jacobs, Sam Ade and Awan, Ammar Ahmad and Aneja, Jyoti and Awadallah, Ahmed and Awadalla, Hany and Bach, Nguyen and Bahree, Amit and Bakhtiari, Arash and Behl, Harkirat and others},
  journal={arXiv preprint arXiv:2404.14219},
  year={2024}
}

@article{touvron2023llama,
  title={Llama 2: Open foundation and fine-tuned chat models},
  author={Touvron, Hugo and Martin, Louis and Stone, Kevin and Albert, Peter and Almahairi, Amjad and Babaei, Yasmine and Bashlykov, Nikolay and Batra, Soumya and Bhargava, Prajjwal and Bhosale, Shruti and others},
  journal={arXiv preprint arXiv:2307.09288},
  year={2023}
}
@article{ekambaram2024ttms,
  title={TTMs: Fast Multi-level Tiny Time Mixers for Improved Zero-shot and Few-shot Forecasting of Multivariate Time Series},
  author={Ekambaram, Vijay and Jati, Arindam and Nguyen, Nam H and Dayama, Pankaj and Reddy, Chandra and Gifford, Wesley M and Kalagnanam, Jayant},
  journal={arXiv preprint arXiv:2401.03955},
  year={2024}
}
@article{otoom2015real,
  title={Real-time statistical modeling of blood sugar},
  author={Otoom, Mwaffaq and Alshraideh, Hussam and Almasaeid, Hisham M and L{\'o}pez-de-Ipina, Diego and Bravo, Jos{\'e}},
  journal={Journal of medical systems},
  volume={39},
  pages={1--6},
  year={2015},
  publisher={Springer}
}

@inproceedings{chen2016xgboost,
  title={Xgboost: A scalable tree boosting system},
  author={Chen, Tianqi and Guestrin, Carlos},
  booktitle={Proceedings of the 22nd acm sigkdd international conference on knowledge discovery and data mining},
  pages={785--794},
  year={2016}
}

@article{vaswani2017attention,
  title={Attention is all you need},
  author={Vaswani, Ashish and Shazeer, Noam and Parmar, Niki and Uszkoreit, Jakob and Jones, Llion and Gomez, Aidan N and Kaiser, {\L}ukasz and Polosukhin, Illia},
  journal={Advances in neural information processing systems},
  volume={30},
  year={2017}
}

@inproceedings{challu2023nhits,
  title={Nhits: Neural hierarchical interpolation for time series forecasting},
  author={Challu, Cristian and Olivares, Kin G and Oreshkin, Boris N and Ramirez, Federico Garza and Canseco, Max Mergenthaler and Dubrawski, Artur},
  booktitle={Proceedings of the AAAI Conference on Artificial Intelligence},
  pages={6989--6997},
  year={2023}
}

@article{rubanova2019latent,
  title={Latent ordinary differential equations for irregularly-sampled time series},
  author={Rubanova, Yulia and Chen, Ricky TQ and Duvenaud, David K},
  journal={Advances in neural information processing systems},
  volume={32},
  year={2019}
}

@inproceedings{sergazinov2023gluformer,
  title={Gluformer: Transformer-based Personalized glucose Forecasting with uncertainty quantification},
  author={Sergazinov, Renat and Armandpour, Mohammadreza and Gaynanova, Irina},
  booktitle={ICASSP 2023-2023 IEEE International Conference on Acoustics, Speech and Signal Processing (ICASSP)},
  pages={1--5},
  year={2023},
  organization={IEEE}
}

@article{broll2021interpreting,
  title={Interpreting blood GLUcose data with R package iglu},
  author={Broll, Steven and Urbanek, Jacek and Buchanan, David and Chun, Elizabeth and Muschelli, John and Punjabi, Naresh M and Gaynanova, Irina},
  journal={PLoS One},
  volume={16},
  number={4},
  pages={e0248560},
  year={2021},
  publisher={Public Library of Science San Francisco, CA USA}
}

@article{colas2019detrended,
  title={Detrended Fluctuation Analysis in the prediction of type 2 diabetes mellitus in patients at risk: Model optimization and comparison with other metrics},
  author={Col{\'a}s, Ana and Vigil, Luis and Vargas, Borja and Cuesta--Frau, David and Varela, Manuel},
  journal={PloS one},
  volume={14},
  number={12},
  pages={e0225817},
  year={2019},
  publisher={Public Library of Science San Francisco, CA USA}
}
@article{dubosson2018open,
  title={The open D1NAMO dataset: A multi-modal dataset for research on non-invasive type 1 diabetes management},
  author={Dubosson, Fabien and Ranvier, Jean-Eudes and Bromuri, Stefano and Calbimonte, Jean-Paul and Ruiz, Juan and Schumacher, Michael},
  journal={Informatics in Medicine Unlocked},
  volume={13},
  pages={92--100},
  year={2018},
  publisher={Elsevier}
}

@article{hall2018glucotypes,
  title={Glucotypes reveal new patterns of glucose dysregulation},
  author={Hall, Heather and Perelman, Dalia and Breschi, Alessandra and Limcaoco, Patricia and Kellogg, Ryan and McLaughlin, Tracey and Snyder, Michael},
  journal={PLoS biology},
  volume={16},
  number={7},
  pages={e2005143},
  year={2018},
  publisher={Public Library of Science}
}

@article{weinstock2016risk,
  title={Risk factors associated with severe hypoglycemia in older adults with type 1 diabetes},
  author={Weinstock, Ruth S and DuBose, Stephanie N and Bergenstal, Richard M and Chaytor, Naomi S and Peterson, Christina and Olson, Beth A and Munshi, Medha N and Perrin, Alysa JS and Miller, Kellee M and Beck, Roy W and others},
  journal={Diabetes Care},
  volume={39},
  number={4},
  pages={603--610},
  year={2016},
  publisher={Am Diabetes Assoc}
}

@inproceedings{akiba2019optuna,
  title={Optuna: A next-generation hyperparameter optimization framework},
  author={Akiba, Takuya and Sano, Shotaro and Yanase, Toshihiko and Ohta, Takeru and Koyama, Masanori},
  booktitle={Proceedings of the 25th ACM SIGKDD international conference on knowledge discovery \& data mining},
  pages={2623--2631},
  year={2019}
}

@article{liu2023goat,
  title={Goat: Fine-tuned llama outperforms gpt-4 on arithmetic tasks},
  author={Liu, Tiedong and Low, Bryan Kian Hsiang},
  journal={arXiv preprint arXiv:2305.14201},
  year={2023}
}

@misc{zeng_are_2022,
	title = {Are {Transformers} {Effective} for {Time} {Series} {Forecasting}?},
	url = {http://arxiv.org/abs/2205.13504},
	doi = {10.48550/arXiv.2205.13504},
	language = {en},
	urldate = {2025-01-16},
	publisher = {arXiv},
	author = {Zeng, Ailing and Chen, Muxi and Zhang, Lei and Xu, Qiang},
	month = aug,
	year = {2022},
	note = {arXiv:2205.13504 [cs]},
	keywords = {Computer Science - Artificial Intelligence, Computer Science - Machine Learning},
	file = {Zeng et al. - 2022 - Are Transformers Effective for Time Series Forecas.pdf:C\:\\Users\\rafae\\Zotero\\storage\\IBFG99L2\\Zeng et al. - 2022 - Are Transformers Effective for Time Series Forecas.pdf:application/pdf},
}

@misc{liu_itransformer_2024,
	title = {{iTransformer}: {Inverted} {Transformers} {Are} {Effective} for {Time} {Series} {Forecasting}},
	shorttitle = {{iTransformer}},
	url = {http://arxiv.org/abs/2310.06625},
	doi = {10.48550/arXiv.2310.06625},
	urldate = {2024-03-21},
	publisher = {arXiv},
	author = {Liu, Yong and Hu, Tengge and Zhang, Haoran and Wu, Haixu and Wang, Shiyu and Ma, Lintao and Long, Mingsheng},
	month = mar,
	year = {2024},
	note = {Issue: arXiv:2310.06625
arXiv:2310.06625 [cs]},
	keywords = {Computer Science - Machine Learning, notion},
	file = {arXiv Fulltext PDF:C\:\\Users\\rafae\\Zotero\\storage\\ZA5QQ74R\\Liu et al. - 2024 - iTransformer Inverted Transformers Are Effective .pdf:application/pdf;arXiv.org Snapshot:C\:\\Users\\rafae\\Zotero\\storage\\Y5VPVP7S\\2310.html:text/html},
}

@misc{nie_time_2023,
	title = {A {Time} {Series} is {Worth} 64 {Words}: {Long}-term {Forecasting} with {Transformers}},
	shorttitle = {A {Time} {Series} is {Worth} 64 {Words}},
	url = {http://arxiv.org/abs/2211.14730},
	doi = {10.48550/arXiv.2211.14730},
	language = {en},
	urldate = {2024-12-05},
	publisher = {arXiv},
	author = {Nie, Yuqi and Nguyen, Nam H. and Sinthong, Phanwadee and Kalagnanam, Jayant},
	month = mar,
	year = {2023},
	note = {arXiv:2211.14730 [cs]},
	keywords = {Computer Science - Artificial Intelligence, Computer Science - Machine Learning},
	file = {Nie et al. - 2023 - A Time Series is Worth 64 Words Long-term Forecas.pdf:C\:\\Users\\rafae\\Zotero\\storage\\VHDGC4KH\\Nie et al. - 2023 - A Time Series is Worth 64 Words Long-term Forecas.pdf:application/pdf},
}

@misc{wang_deep_2024,
	title = {Deep {Time} {Series} {Models}: {A} {Comprehensive} {Survey} and {Benchmark}},
	shorttitle = {Deep {Time} {Series} {Models}},
	url = {http://arxiv.org/abs/2407.13278},
	doi = {10.48550/arXiv.2407.13278},
	language = {en},
	urldate = {2024-12-05},
	publisher = {arXiv},
	author = {Wang, Yuxuan and Wu, Haixu and Dong, Jiaxiang and Liu, Yong and Long, Mingsheng and Wang, Jianmin},
	month = jul,
	year = {2024},
	note = {arXiv:2407.13278 [cs]},
	keywords = {Computer Science - Machine Learning},
	file = {Wang et al. - 2024 - Deep Time Series Models A Comprehensive Survey an.pdf:C\:\\Users\\rafae\\Zotero\\storage\\MU4UDN7Z\\Wang et al. - 2024 - Deep Time Series Models A Comprehensive Survey an.pdf:application/pdf},
}


@misc{wu_timesnet_2023,
	title = {{TimesNet}: {Temporal} {2D}-{Variation} {Modeling} for {General} {Time} {Series} {Analysis}},
	shorttitle = {{TimesNet}},
	url = {http://arxiv.org/abs/2210.02186},
	doi = {10.48550/arXiv.2210.02186},
	language = {en},
	urldate = {2024-12-05},
	publisher = {arXiv},
	author = {Wu, Haixu and Hu, Tengge and Liu, Yong and Zhou, Hang and Wang, Jianmin and Long, Mingsheng},
	month = apr,
	year = {2023},
	note = {arXiv:2210.02186 [cs]},
	keywords = {Computer Science - Machine Learning},
	file = {Wu et al. - 2023 - TimesNet Temporal 2D-Variation Modeling for Gener.pdf:C\:\\Users\\rafae\\Zotero\\storage\\M7MRGFAS\\Wu et al. - 2023 - TimesNet Temporal 2D-Variation Modeling for Gener.pdf:application/pdf},
}

@misc{wang_timemixer_2024,
	title = {{TimeMixer}: {Decomposable} {Multiscale} {Mixing} for {Time} {Series} {Forecasting}},
	shorttitle = {{TimeMixer}},
	url = {http://arxiv.org/abs/2405.14616},
	doi = {10.48550/arXiv.2405.14616},
	language = {en},
	urldate = {2025-01-16},
	publisher = {arXiv},
	author = {Wang, Shiyu and Wu, Haixu and Shi, Xiaoming and Hu, Tengge and Luo, Huakun and Ma, Lintao and Zhang, James Y. and Zhou, Jun},
	month = may,
	year = {2024},
	note = {arXiv:2405.14616 [cs]},
	keywords = {Computer Science - Artificial Intelligence, Computer Science - Machine Learning},
	file = {Wang et al. - 2024 - TimeMixer Decomposable Multiscale Mixing for Time.pdf:C\:\\Users\\rafae\\Zotero\\storage\\TIMLJYR6\\Wang et al. - 2024 - TimeMixer Decomposable Multiscale Mixing for Time.pdf:application/pdf},
}

@misc{wang_timexer_2024,
	title = {{TimeXer}: {Empowering} {Transformers} for {Time} {Series} {Forecasting} with {Exogenous} {Variables}},
	shorttitle = {{TimeXer}},
	url = {http://arxiv.org/abs/2402.19072},
	doi = {10.48550/arXiv.2402.19072},
	language = {en},
	urldate = {2025-01-16},
	publisher = {arXiv},
	author = {Wang, Yuxuan and Wu, Haixu and Dong, Jiaxiang and Qin, Guo and Zhang, Haoran and Liu, Yong and Qiu, Yunzhong and Wang, Jianmin and Long, Mingsheng},
	month = nov,
	year = {2024},
	note = {arXiv:2402.19072 [cs]},
	keywords = {Computer Science - Artificial Intelligence, Computer Science - Machine Learning},
	file = {Wang et al. - 2024 - TimeXer Empowering Transformers for Time Series F.pdf:C\:\\Users\\rafae\\Zotero\\storage\\DNTSV6MM\\Wang et al. - 2024 - TimeXer Empowering Transformers for Time Series F.pdf:application/pdf},
}

@misc{das_long-term_2024,
	title = {Long-term {Forecasting} with {TiDE}: {Time}-series {Dense} {Encoder}},
	shorttitle = {Long-term {Forecasting} with {TiDE}},
	url = {http://arxiv.org/abs/2304.08424},
	doi = {10.48550/arXiv.2304.08424},
	language = {en},
	urldate = {2025-01-16},
	publisher = {arXiv},
	author = {Das, Abhimanyu and Kong, Weihao and Leach, Andrew and Mathur, Shaan and Sen, Rajat and Yu, Rose},
	month = apr,
	year = {2024},
	note = {arXiv:2304.08424 [stat]},
	keywords = {Computer Science - Machine Learning, Statistics - Machine Learning},
	file = {Das et al. - 2024 - Long-term Forecasting with TiDE Time-series Dense.pdf:C\:\\Users\\rafae\\Zotero\\storage\\3Q8PGLCI\\Das et al. - 2024 - Long-term Forecasting with TiDE Time-series Dense.pdf:application/pdf},
}

@article{demvsar2006statistical,
  title={Statistical comparisons of classifiers over multiple data sets},
  author={Dem{\v{s}}ar, Janez},
  journal={The Journal of Machine learning research},
  year={2006},
  volume={7},
  pages={1--30}
}


@article{friedman1937use,
  title={The use of ranks to avoid the assumption of normality implicit in the analysis of variance},
  author={Friedman, Milton},
  journal={Journal of the american statistical association},
  volume={32},
  number={200},
  pages={675--701},
  year={1937},
  publisher={Taylor \& Francis}
}

@article{friedman1940comparison,
  title={A comparison of alternative tests of significance for the problem of m rankings},
  author={Friedman, Milton},
  journal={The annals of mathematical statistics},
  volume={11},
  number={1},
  pages={86--92},
  year={1940},
  publisher={JSTOR}
}

@article{salzberg1997comparing,
  title={On comparing classifiers: Pitfalls to avoid and a recommended approach},
  author={Salzberg, Steven L},
  journal={Data mining and knowledge discovery},
  volume={1},
  pages={317--328},
  year={1997},
  publisher={Springer}
}

@article{webb2000multiboosting,
  title={Multiboosting: A technique for combining boosting and wagging},
  author={Webb, Geoffrey I},
  journal={Machine learning},
  year={2000},
  publisher={Springer}
}

@article{qiu2024tfb,
  title={Tfb: Towards comprehensive and fair benchmarking of time series forecasting methods},
  author={Qiu, Xiangfei and Hu, Jilin and Zhou, Lekui and Wu, Xingjian and Du, Junyang and Zhang, Buang and Guo, Chenjuan and Zhou, Aoying and Jensen, Christian S and Sheng, Zhenli and others},
  journal={arXiv preprint arXiv:2403.20150},
  year={2024}
}

@article{shao2024exploring,
  title={Exploring progress in multivariate time series forecasting: Comprehensive benchmarking and heterogeneity analysis},
  author={Shao, Zezhi and Wang, Fei and Xu, Yongjun and Wei, Wei and Yu, Chengqing and Zhang, Zhao and Yao, Di and Sun, Tao and Jin, Guangyin and Cao, Xin and others},
  journal={IEEE Transactions on Knowledge and Data Engineering},
  year={2024},
  publisher={IEEE}
}

@inproceedings{Oreshkin2020,
    title={N-BEATS: Neural basis expansion analysis for interpretable time series forecasting},
    author={Boris N. Oreshkin and Dmitri Carpov and Nicolas Chapados and Yoshua Bengio},
    booktitle={International Conference on Learning Representations},
    year={2020},
    url={https://openreview.net/forum?id=r1ecqn4YwB}
}

@inproceedings{zhou2021informer,
  title={Informer: Beyond efficient transformer for long sequence time-series forecasting},
  author={Zhou, Haoyi and Zhang, Shanghang and Peng, Jieqi and Zhang, Shuai and Li, Jianxin and Xiong, Hui and Zhang, Wancai},
  booktitle={Proceedings of the AAAI conference on artificial intelligence},
  volume={35},
  pages={11106--11115},
  year={2021}
}

@inproceedings{optuna_2019,
    title={Optuna: A Next-generation Hyperparameter Optimization Framework},
    author={Akiba, Takuya and Sano, Shotaro and Yanase, Toshihiko and Ohta, Takeru and Koyama, Masanori},
    booktitle={Proceedings of the 25th {ACM} {SIGKDD} International Conference on Knowledge Discovery and Data Mining},
    year={2019}
}

@INPROCEEDINGS{10825393,
  author={Soni, Rajat and Nathani, Mohit and Mishra, Rajiv},
  booktitle={2024 IEEE International Conference on Big Data (BigData)}, 
  title={Comprehensive Evaluation of Deep LTSF Models for Forecasting of Air Quality Index}, 
  year={2024},
  volume={},
  number={},
  pages={4410-4419},
  keywords={Temperature;Atmospheric modeling;Wind speed;Time series analysis;Humidity;Predictive models;Air quality;Real-time systems;Indexes;Forecasting;Climate;Forecasting;Pollutants;AQI},
  doi={10.1109/BigData62323.2024.10825393}
}

@article{SEZER2020106181,
title = {Financial time series forecasting with deep learning : A systematic literature review: 2005–2019},
journal = {Applied Soft Computing},
volume = {90},
pages = {106181},
year = {2020},
issn = {1568-4946},
doi = {https://doi.org/10.1016/j.asoc.2020.106181},
url = {https://www.sciencedirect.com/science/article/pii/S1568494620301216},
author = {Omer Berat Sezer and Mehmet Ugur Gudelek and Ahmet Murat Ozbayoglu},
keywords = {Deep learning, Finance, Computational intelligence, Machine learning, Time series forecasting, CNN, LSTM, RNN},
}

@article{WERON20141030,
title = {Electricity price forecasting: A review of the state-of-the-art with a look into the future},
journal = {International Journal of Forecasting},
volume = {30},
number = {4},
pages = {1030-1081},
year = {2014},
issn = {0169-2070},
doi = {https://doi.org/10.1016/j.ijforecast.2014.08.008},
url = {https://www.sciencedirect.com/science/article/pii/S0169207014001083},
author = {Rafał Weron},
keywords = {Electricity price forecasting, Day-ahead market, Seasonality, Autoregression, Neural network, Factor model, Forecast combination, Probabilistic forecast}
}


@InProceedings{pmlr-v162-zhou22g,
  title = 	 {{FED}former: Frequency Enhanced Decomposed Transformer for Long-term Series Forecasting},
  author =       {Zhou, Tian and Ma, Ziqing and Wen, Qingsong and Wang, Xue and Sun, Liang and Jin, Rong},
  booktitle = 	 {Proceedings of the 39th International Conference on Machine Learning},
  pages = 	 {27268--27286},
  year = 	 {2022},
  editor = 	 {Chaudhuri, Kamalika and Jegelka, Stefanie and Song, Le and Szepesvari, Csaba and Niu, Gang and Sabato, Sivan},
  volume = 	 {162},
  series = 	 {Proceedings of Machine Learning Research},
  month = 	 {17--23 Jul},
  publisher =    {PMLR},
  pdf = 	 {https://proceedings.mlr.press/v162/zhou22g/zhou22g.pdf},
  url = 	 {https://proceedings.mlr.press/v162/zhou22g.html}
}

@inproceedings{liu2022pyraformer,
title={Pyraformer: Low-Complexity Pyramidal Attention for Long-Range Time Series Modeling and Forecasting},
author={Shizhan Liu and Hang Yu and Cong Liao and Jianguo Li and Weiyao Lin and Alex X. Liu and Schahram Dustdar},
booktitle={International Conference on Learning Representations},
year={2022},
url={https://openreview.net/forum?id=0EXmFzUn5I}
}

@inproceedings{li_enhancing_2019,
	title = {Enhancing the {Locality} and {Breaking} the {Memory} {Bottleneck} of {Transformer} on {Time} {Series} {Forecasting}},
	volume = {32},
	urldate = {2025-01-23},
	booktitle = {Advances in {Neural} {Information} {Processing} {Systems}},
	publisher = {Curran Associates, Inc.},
	author = {Li, Shiyang and Jin, Xiaoyong and Xuan, Yao and Zhou, Xiyou and Chen, Wenhu and Wang, Yu-Xiang and Yan, Xifeng},
	year = {2019},
	keywords = {notion},
	file = {Full Text PDF:C\:\\Users\\knutj\\Zotero\\storage\\J6AZYLVR\\Li et al. - 2019 - Enhancing the Locality and Breaking the Memory Bot.pdf:application/pdf},
}

@article{bezbochina_enhancing_2023,
	title = {Enhancing {Predictability} {Assessment}: {An} {Overview} and {Analysis} of {Predictability} {Measures} for {Time} {Series} and {Network} {Links}},
	volume = {25},
	issn = {1099-4300},
	shorttitle = {Enhancing {Predictability} {Assessment}},
	doi = {10.3390/e25111542},
	number = {11},
	journal = {Entropy (Basel, Switzerland)},
	author = {Bezbochina, Alexandra and Stavinova, Elizaveta and Kovantsev, Anton and Chunaev, Petr},
	month = nov,
	year = {2023},
	pmid = {37998234},
	pmcid = {PMC10670407},
	keywords = {intrinsic predictability, predictability measures, realized predictability, time series analysis},
	pages = {1542},
	file = {Full Text:C\:\\Users\\rafae\\Zotero\\storage\\UY73UBAX\\Bezbochina et al. - 2023 - Enhancing Predictability Assessment An Overview a.pdf:application/pdf},
}


@inproceedings{
liu2024timer,
title={Timer: Generative Pre-trained Transformers Are Large Time Series Models},
author={Yong Liu and Haoran Zhang and Chenyu Li and Xiangdong Huang and Jianmin Wang and Mingsheng Long},
booktitle={Forty-first International Conference on Machine Learning},
year={2024},
url={https://openreview.net/forum?id=bYRYb7DMNo}
}
@article{kim2024comprehensive,
  title={A Comprehensive Survey of Time Series Forecasting: Architectural Diversity and Open Challenges},
  author={Kim, Jongseon and Kim, Hyungjoon and Kim, HyunGi and Lee, Dongjun and Yoon, Sungroh},
  journal={arXiv preprint arXiv:2411.05793},
  year={2024}
}

@article{mcelfresh2024neural,
  title={When do neural nets outperform boosted trees on tabular data?},
  author={McElfresh, Duncan and Khandagale, Sujay and Valverde, Jonathan and Prasad C, Vishak and Ramakrishnan, Ganesh and Goldblum, Micah and White, Colin},
  journal={Advances in Neural Information Processing Systems},
  volume={36},
  year={2024}
}

@InProceedings{Brigato_2021_ICCV,
    author    = {Brigato, Lorenzo and Barz, Bj\"orn and Iocchi, Luca and Denzler, Joachim},
    title     = {Tune It or Don't Use It: Benchmarking Data-Efficient Image Classification},
    booktitle = {Proceedings of the IEEE/CVF International Conference on Computer Vision (ICCV) Workshops},
    month     = {October},
    year      = {2021},
    pages     = {1071-1080}
}

@misc{anderson1976time,
  title={Time-Series. 2nd edn.},
  author={Anderson, Oliver D},
  year={1976},
  publisher={JSTOR}
}

@article{BoxPierce1970,
  author    = {George E. P. Box and David A. Pierce},
  title     = {Distribution of residual autocorrelations in autoregressive-integrated moving average time series models},
  journal   = {Journal of the American Statistical Association},
  volume    = {65},
  number    = {332},
  year      = {1970},
  pages     = {1509--1526},
}


@article{toda1993,
  author={Hiro Y. Toda and Peter C. B. Phillips},
  title={Vector Autoregressions and Causality},
  journal={Econometrica},
  volume={61},
  number={6},
  year={1993},
  pages={1367--1393},
  doi={10.2307/2951647}
}


@book{hyndman2008forecasting,
  title={Forecasting with exponential smoothing: the state space approach},
  author={Hyndman, Rob and Koehler, Anne B and Ord, J Keith and Snyder, Ralph D},
  year={2008},
  publisher={Springer Science \& Business Media}
}

@book{koopmans1995spectral,
  title={The spectral analysis of time series},
  author={Koopmans, Lambert H},
  year={1995},
  publisher={Elsevier},
  doi={https://doi.org/10.1016/B978-0-12-419251-5.X5000-5}
}

@article{breiman2001random,
  title={Random forests},
  author={Breiman, Leo},
  journal={Machine learning},
  volume={45},
  pages={5--32},
  year={2001},
  publisher={Springer},
  doi={10.1023/A:1010933404324}
}

@article{friedman2001greedy,
  title={Greedy function approximation: a gradient boosting machine},
  author={Friedman, Jerome H},
  journal={Annals of statistics},
  pages={1189--1232},
  year={2001},
  publisher={JSTOR}
}

@article{ke2017lightgbm,
  title={Lightgbm: A highly efficient gradient boosting decision tree},
  author={Ke, Guolin and Meng, Qi and Finley, Thomas and Wang, Taifeng and Chen, Wei and Ma, Weidong and Ye, Qiwei and Liu, Tie-Yan},
  journal={Advances in neural information processing systems},
  volume={30},
  year={2017}
}

@inproceedings{zhang2023crossformer,
  title={Crossformer: Transformer utilizing cross-dimension dependency for multivariate time series forecasting},
  author={Zhang, Yunhao and Yan, Junchi},
  booktitle={The eleventh international conference on learning representations},
  year={2023}
}

@article{wu2021autoformer,
  title={Autoformer: Decomposition transformers with auto-correlation for long-term series forecasting},
  author={Wu, Haixu and Xu, Jiehui and Wang, Jianmin and Long, Mingsheng},
  journal={Advances in neural information processing systems},
  volume={34},
  pages={22419--22430},
  year={2021}
}

@inproceedings{zhou2022fedformer,
  title={Fedformer: Frequency enhanced decomposed transformer for long-term series forecasting},
  author={Zhou, Tian and Ma, Ziqing and Wen, Qingsong and Wang, Xue and Sun, Liang and Jin, Rong},
  booktitle={International conference on machine learning},
  pages={27268--27286},
  year={2022},
  organization={PMLR}
}

@article{hochreiter1997long,
  author    = {Sepp Hochreiter and Jürgen Schmidhuber},
  title     = {Long Short-Term Memory},
  journal   = {Neural Computation},
  volume    = {9},
  number    = {8},
  year      = {1997},
  pages     = {1735--1780},
  doi       = {10.1162/neco.1997.9.8.1735}
}

@inproceedings{liu2022stationary,
 author = {Liu, Yong and Wu, Haixu and Wang, Jianmin and Long, Mingsheng},
 booktitle = {Advances in Neural Information Processing Systems},
 editor = {S. Koyejo and S. Mohamed and A. Agarwal and D. Belgrave and K. Cho and A. Oh},
 pages = {9881--9893},
 publisher = {Curran Associates, Inc.},
 title = {Non-stationary Transformers: Exploring the Stationarity in Time Series Forecasting},
 volume = {35},
 year = {2022}
}

@inproceedings{liu2022scinet,
 author = {Liu, Minhao and Zeng, Ailing and Chen, Muxi and Xu, Zhijian and LAI, Qiuxia and Ma, Lingna and Xu, Qiang},
 booktitle = {Advances in Neural Information Processing Systems},
 editor = {S. Koyejo and S. Mohamed and A. Agarwal and D. Belgrave and K. Cho and A. Oh},
 pages = {5816--5828},
 publisher = {Curran Associates, Inc.},
 title = {SCINet: Time Series Modeling and Forecasting with Sample Convolution and Interaction},
 volume = {35},
 year = {2022}
}

@misc{li_rlinear_2023,
	title = {Revisiting {Long}-term {Time} {Series} {Forecasting}: {An} {Investigation} on {Linear} {Mapping}},
	shorttitle = {Revisiting {Long}-term {Time} {Series} {Forecasting}},
	url = {http://arxiv.org/abs/2305.10721},
	doi = {10.48550/arXiv.2305.10721},
		language = {en},
	urldate = {2025-01-16},
	publisher = {arXiv},
	author = {Li, Zhe and Qi, Shiyi and Li, Yiduo and Xu, Zenglin},
	month = may,
	year = {2023},
	note = {arXiv:2305.10721 [cs]},
	keywords = {Computer Science - Artificial Intelligence, Computer Science - Machine Learning},
}
