@article{ai2014one,
  title={One-bit compressed sensing with non-Gaussian measurements},
  author={Ai, Albert and Lapanowski, Alex and Plan, Yaniv and Vershynin, Roman},
  journal={Linear Algebra and its Applications},
  volume={441},
  pages={222--239},
  year={2014},
  publisher={Elsevier}
}

@article{ban2019regularized,
  title={Regularized weighted low rank approximation},
  author={Ban, Frank and Woodruff, David and Zhang, Richard},
  journal={Advances in neural information processing systems},
  volume={32},
  year={2019}
}

@article{blumensath2013compressed,
  title={Compressed sensing with nonlinear observations and related nonlinear optimization problems},
  author={Blumensath, Thomas},
  journal={IEEE Transactions on Information Theory},
  volume={59},
  number={6},
  pages={3466--3474},
  year={2013},
  publisher={IEEE}
}

@article{cai2010singular,
  title={A singular value thresholding algorithm for matrix completion},
  author={Cai, Jian-Feng and Cand{\`e}s, Emmanuel J and Shen, Zuowei},
  journal={SIAM Journal on optimization},
  volume={20},
  number={4},
  pages={1956--1982},
  year={2010},
  publisher={SIAM}
}

@article{cai2015rop,
  title={ROP: Matrix recovery via rank-one projections},
  author={Cai, T Tony and Zhang, Anru},
  year={2015}
}

@article{combettes2011proximal,
  title={Proximal splitting methods in signal processing},
  author={Combettes, Patrick L and Pesquet, Jean-Christophe},
  journal={Fixed-point algorithms for inverse problems in science and engineering},
  pages={185--212},
  year={2011},
  publisher={Springer}
}

@article{davenport20141,
  title={1-bit matrix completion},
  author={Davenport, Mark A and Plan, Yaniv and Van Den Berg, Ewout and Wootters, Mary},
  journal={Information and Inference: A Journal of the IMA},
  volume={3},
  number={3},
  pages={189--223},
  year={2014},
  publisher={OUP}
}

@article{davenport2016overview,
  title={An overview of low-rank matrix recovery from incomplete observations},
  author={Davenport, Mark A and Romberg, Justin},
  journal={IEEE Journal of Selected Topics in Signal Processing},
  volume={10},
  number={4},
  pages={608--622},
  year={2016},
  publisher={IEEE}
}

@article{dutta2021adaptive,
  title={An adaptive rank continuation algorithm for general weighted low-rank recovery},
  author={Dutta, Aritra and Liang, Jingwei and Li, Xin},
  journal={arXiv preprint arXiv:2101.00749},
  year={2021}
}

@phdthesis{fazel2002matrix,
  title={Matrix rank minimization with applications},
  author={Fazel, Maryam},
  year={2002},
  school={PhD thesis, Stanford University}
}

@inproceedings{fazel2008compressed,
  title={Compressed sensing and robust recovery of low rank matrices},
  author={Fazel, Maryam and Cand{\`e}s, Emmanuel and Recht, Ben and Parrilo, Pablo},
  booktitle={2008 42nd Asilomar Conference on Signals, Systems and Computers},
  pages={1043--1047},
  year={2008},
  organization={IEEE}
}

@article{genzel2016high,
  title={High-dimensional estimation of structured signals from non-linear observations with general convex loss functions},
  author={Genzel, Martin},
  journal={IEEE Transactions on Information Theory},
  volume={63},
  number={3},
  pages={1601--1619},
  year={2016},
  publisher={IEEE}
}

@article{gillis2011low,
  title={Low-rank matrix approximation with weights or missing data is NP-hard},
  author={Gillis, Nicolas and Glineur, Fran{\c{c}}ois},
  journal={SIAM Journal on Matrix Analysis and Applications},
  volume={32},
  number={4},
  pages={1149--1165},
  year={2011},
  publisher={SIAM}
}

@article{goldstein2018structured,
  title={Structured signal recovery from non-linear and heavy-tailed measurements},
  author={Goldstein, Larry and Minsker, Stanislav and Wei, Xiaohan},
  journal={IEEE Transactions on Information Theory},
  volume={64},
  number={8},
  pages={5513--5530},
  year={2018},
  publisher={IEEE}
}

@article{hastie2015matrix,
  title={Matrix completion and low-rank SVD via fast alternating least squares},
  author={Hastie, Trevor and Mazumder, Rahul and Lee, Jason D and Zadeh, Reza},
  journal={The Journal of Machine Learning Research},
  volume={16},
  number={1},
  pages={3367--3402},
  year={2015},
  publisher={JMLR. org}
}

@article{jacques2013robust,
  title={Robust 1-bit compressive sensing via binary stable embeddings of sparse vectors},
  author={Jacques, Laurent and Laska, Jason N and Boufounos, Petros T and Baraniuk, Richard G},
  journal={IEEE transactions on information theory},
  volume={59},
  number={4},
  pages={2082--2102},
  year={2013},
  publisher={IEEE}
}

@article{jain2010guaranteed,
  title={Guaranteed rank minimization via singular value projection},
  author={Jain, Prateek and Meka, Raghu and Dhillon, Inderjit},
  journal={Advances in Neural Information Processing Systems},
  volume={23},
  year={2010}
}

@inproceedings{jain2013low,
  title={Low-rank matrix completion using alternating minimization},
  author={Jain, Prateek and Netrapalli, Praneeth and Sanghavi, Sujay},
  booktitle={Proceedings of the forty-fifth annual ACM symposium on Theory of computing},
  pages={665--674},
  year={2013}
}

@inproceedings{li2016recovery,
  title={Recovery guarantee of weighted low-rank approximation via alternating minimization},
  author={Li, Yuanzhi and Liang, Yingyu and Risteski, Andrej},
  booktitle={International Conference on Machine Learning},
  pages={2358--2367},
  year={2016},
  organization={PMLR}
}

@article{ma2011fixed,
  title={Fixed point and Bregman iterative methods for matrix rank minimization},
  author={Ma, Shiqian and Goldfarb, Donald and Chen, Lifeng},
  journal={Mathematical Programming},
  volume={128},
  number={1},
  pages={321--353},
  year={2011},
  publisher={Springer}
}

@article{manton2003geometry,
  title={The geometry of weighted low-rank approximations},
  author={Manton, Jonathan H and Mahony, Robert and Hua, Yingbo},
  journal={IEEE Transactions on Signal Processing},
  volume={51},
  number={2},
  pages={500--514},
  year={2003},
  publisher={IEEE}
}

@article{nguyen2019low,
  title={Low-rank matrix completion: A contemporary survey},
  author={Nguyen, Luong Trung and Kim, Junhan and Shim, Byonghyo},
  journal={IEEE Access},
  volume={7},
  pages={94215--94237},
  year={2019},
  publisher={IEEE}
}

@inproceedings{papadimitriou2021data,
  title={Data-driven low-rank neural network compression},
  author={Papadimitriou, Dimitris and Jain, Swayambhoo},
  booktitle={2021 IEEE International Conference on Image Processing (ICIP)},
  pages={3547--3551},
  year={2021},
  organization={IEEE}
}

@article{plan2016generalized,
  title={The generalized lasso with non-linear observations},
  author={Plan, Yaniv and Vershynin, Roman},
  journal={IEEE Transactions on information theory},
  volume={62},
  number={3},
  pages={1528--1537},
  year={2016},
  publisher={IEEE}
}

@article{plan2017high,
  title={High-dimensional estimation with geometric constraints},
  author={Plan, Yaniv and Vershynin, Roman and Yudovina, Elena},
  journal={Information and Inference: A Journal of the IMA},
  volume={6},
  number={1},
  pages={1--40},
  year={2017},
  publisher={Oxford University Press}
}

@inproceedings{razenshteyn2016weighted,
  title={Weighted low rank approximations with provable guarantees},
  author={Razenshteyn, Ilya and Song, Zhao and Woodruff, David P},
  booktitle={Proceedings of the forty-eighth annual ACM symposium on Theory of Computing},
  pages={250--263},
  year={2016}
}

@article{recht2013parallel,
  title={Parallel stochastic gradient algorithms for large-scale matrix completion},
  author={Recht, Benjamin and R{\'e}, Christopher},
  journal={Mathematical Programming Computation},
  volume={5},
  number={2},
  pages={201--226},
  year={2013},
  publisher={Springer}
}

@article{rey2013weighted,
  title={On weighted low-rank approximation},
  author={Rey, William},
  journal={arXiv preprint arXiv:1302.0360},
  year={2013}
}

@inproceedings{sarlos2006improved,
  title={Improved approximation algorithms for large matrices via random projections},
  author={Sarlos, Tamas},
  booktitle={2006 47th annual IEEE symposium on foundations of computer science (FOCS'06)},
  pages={143--152},
  year={2006},
  organization={IEEE}
}

@article{song2023efficient,
  title={Efficient alternating minimization with applications to weighted low rank approximation},
  author={Song, Zhao and Ye, Mingquan and Yin, Junze and Zhang, Lichen},
  journal={arXiv preprint arXiv:2306.04169},
  year={2023}
}

@article{sun2016guaranteed,
  title={Guaranteed matrix completion via non-convex factorization},
  author={Sun, Ruoyu and Luo, Zhi-Quan},
  journal={IEEE Transactions on Information Theory},
  volume={62},
  number={11},
  pages={6535--6579},
  year={2016},
  publisher={IEEE}
}

@article{tanner2013normalized,
  title={Normalized iterative hard thresholding for matrix completion},
  author={Tanner, Jared and Wei, Ke},
  journal={SIAM Journal on Scientific Computing},
  volume={35},
  number={5},
  pages={S104--S125},
  year={2013},
  publisher={SIAM}
}

@article{tanner2016low,
  title={Low rank matrix completion by alternating steepest descent methods},
  author={Tanner, Jared and Wei, Ke},
  journal={Applied and Computational Harmonic Analysis},
  volume={40},
  number={2},
  pages={417--429},
  year={2016},
  publisher={Elsevier}
}

@article{thrampoulidis2015lasso,
  title={Lasso with non-linear measurements is equivalent to one with linear measurements},
  author={Thrampoulidis, Christos and Abbasi, Ehsan and Hassibi, Babak},
  journal={Advances in Neural Information Processing Systems},
  volume={28},
  year={2015}
}

@article{tropp2017practical,
  title={Practical sketching algorithms for low-rank matrix approximation},
  author={Tropp, Joel A and Yurtsever, Alp and Udell, Madeleine and Cevher, Volkan},
  journal={SIAM Journal on Matrix Analysis and Applications},
  volume={38},
  number={4},
  pages={1454--1485},
  year={2017},
  publisher={SIAM}
}

@article{tuzhilina2021weighted,
  title={Weighted low rank matrix approximation and acceleration},
  author={Tuzhilina, Elena and Hastie, Trevor},
  journal={arXiv preprint arXiv:2109.11057},
  year={2021}
}

@article{wen2012solving,
  title={Solving a low-rank factorization model for matrix completion by a nonlinear successive over-relaxation algorithm},
  author={Wen, Zaiwen and Yin, Wotao and Zhang, Yin},
  journal={Mathematical Programming Computation},
  volume={4},
  number={4},
  pages={333--361},
  year={2012},
  publisher={Springer}
}

@article{woolfe2008fast,
  title={A fast randomized algorithm for the approximation of matrices},
  author={Woolfe, Franco and Liberty, Edo and Rokhlin, Vladimir and Tygert, Mark},
  journal={Applied and Computational Harmonic Analysis},
  volume={25},
  number={3},
  pages={335--366},
  year={2008},
  publisher={Elsevier}
}

@inproceedings{zuk2015low,
  title={Low-rank matrix recovery from row-and-column affine measurements},
  author={Zuk, Or and Wagner, Avishai},
  booktitle={International Conference on Machine Learning},
  pages={2012--2020},
  year={2015},
  organization={PMLR}
}

@article{zymnis2009compressed,
  title={Compressed sensing with quantized measurements},
  author={Zymnis, Argyrios and Boyd, Stephen and Candes, Emmanuel},
  journal={IEEE Signal Processing Letters},
  volume={17},
  number={2},
  pages={149--152},
  year={2009},
  publisher={IEEE}
}

