@InProceedings{Shao2023ICCV,
    author    = {Shao, Bin and Liu, Jianzhuang and Pei, Renjing and Xu, Songcen and Dai, Peng and Lu, Juwei and Li, Weimian and Yan, Youliang},
    title     = {HiVLP: Hierarchical Interactive Video-Language Pre-Training},
    booktitle = {Proceedings of the IEEE/CVF International Conference on Computer Vision (ICCV)},
    month     = {October},
    year      = {2023},
    pages     = {13756-13766}
}

@article{alayrac2022flamingo,
  title={Flamingo: a visual language model for few-shot learning},
  author={Alayrac, Jean-Baptiste and Donahue, Jeff and Luc, Pauline and Miech, Antoine and Barr, Iain and Hasson, Yana and Lenc, Karel and Mensch, Arthur and Millican, Katherine and Reynolds, Malcolm and others},
  journal={Advances in Neural Information Processing Systems},
  volume={35},
  pages={23716--23736},
  year={2022}
}

@inproceedings{aneja2019sequential,
  title={Sequential latent spaces for modeling the intention during diverse image captioning},
  author={Aneja, Jyoti and Agrawal, Harsh and Batra, Dhruv and Schwing, Alexander},
  booktitle={Proceedings of the IEEE/CVF International Conference on Computer Vision},
  pages={4261--4270},
  year={2019}
}

@inproceedings{banerjee-lavie-2005-meteor,
    title = "{METEOR}: An Automatic Metric for {MT} Evaluation with Improved Correlation with Human Judgments",
    author = "Banerjee, Satanjeev  and
      Lavie, Alon",
    editor = "Goldstein, Jade  and
      Lavie, Alon  and
      Lin, Chin-Yew  and
      Voss, Clare",
    booktitle = "Proceedings of the {ACL} Workshop on Intrinsic and Extrinsic Evaluation Measures for Machine Translation and/or Summarization",
    month = jun,
    year = "2005",
    address = "Ann Arbor, Michigan",
    publisher = "Association for Computational Linguistics",
    url = "https://aclanthology.org/W05-0909",
    pages = "65--72",
}

@INPROCEEDINGS{cider,
  author={Vedantam, Ramakrishna and Zitnick, C. Lawrence and Parikh, Devi},
  booktitle={2015 IEEE Conference on Computer Vision and Pattern Recognition (CVPR)}, 
  title={CIDEr: Consensus-based image description evaluation}, 
  year={2015},
  volume={},
  number={},
  pages={4566-4575},
  keywords={Measurement;Protocols;Accuracy;Training;Testing;Silicon;Correlation},
  doi={10.1109/CVPR.2015.7299087}}

@inproceedings{cornia2020meshed,
  title={Meshed-memory transformer for image captioning},
  author={Cornia, Marcella and Stefanini, Matteo and Baraldi, Lorenzo and Cucchiara, Rita},
  booktitle={Proceedings of the IEEE/CVF conference on computer vision and pattern recognition},
  pages={10578--10587},
  year={2020}
}

@inproceedings{fang2022injecting,
  title={Injecting semantic concepts into end-to-end image captioning},
  author={Fang, Zhiyuan and Wang, Jianfeng and Hu, Xiaowei and Liang, Lin and Gan, Zhe and Wang, Lijuan and Yang, Yezhou and Liu, Zicheng},
  booktitle={Proceedings of the IEEE/CVF conference on computer vision and pattern recognition},
  pages={18009--18019},
  year={2022}
}

@inproceedings{ji2021step,
  title={Step-Wise Hierarchical Alignment Network for Image-Text Matching},
  author={Ji, Zhong and Chen, Kexin and Wang, Haoran},
  booktitle={IJCAI},
  year={2021},
}

@article{kirillov2023segany,
  title={Segment Anything},
  author={Kirillov, Alexander and Mintun, Eric and Ravi, Nikhila and Mao, Hanzi and Rolland, Chloe and Gustafson, Laura and Xiao, Tete and Whitehead, Spencer and Berg, Alexander C. and Lo, Wan-Yen and Doll{\'a}r, Piotr and Girshick, Ross},
  journal={arXiv:2304.02643},
  year={2023}
}

@inproceedings{li2022blip,
  title={Blip: Bootstrapping language-image pre-training for unified vision-language understanding and generation},
  author={Li, Junnan and Li, Dongxu and Xiong, Caiming and Hoi, Steven},
  booktitle={International Conference on Machine Learning},
  pages={12888--12900},
  year={2022},
  organization={PMLR}
}

@inproceedings{lin-2004-rouge,
    title = "{ROUGE}: A Package for Automatic Evaluation of Summaries",
    author = "Lin, Chin-Yew",
    booktitle = "Text Summarization Branches Out",
    month = jul,
    year = "2004",
    address = "Barcelona, Spain",
    publisher = "Association for Computational Linguistics",
    url = "https://aclanthology.org/W04-1013",
    pages = "74--81",
}

@article{oquab2023dinov2,
  title={Dinov2: Learning robust visual features without supervision},
  author={Oquab, Maxime and Darcet, Timoth{\'e}e and Moutakanni, Th{\'e}o and Vo, Huy and Szafraniec, Marc and Khalidov, Vasil and Fernandez, Pierre and Haziza, Daniel and Massa, Francisco and El-Nouby, Alaaeldin and others},
  journal={arXiv preprint arXiv:2304.07193},
  year={2023}
}

@inproceedings{radford2021learning,
  title={Learning transferable visual models from natural language supervision},
  author={Radford, Alec and Kim, Jong Wook and Hallacy, Chris and Ramesh, Aditya and Goh, Gabriel and Agarwal, Sandhini and Sastry, Girish and Askell, Amanda and Mishkin, Pamela and Clark, Jack and others},
  booktitle={International conference on machine learning},
  pages={8748--8763},
  year={2021},
  organization={PMLR}
}

@inproceedings{selvaraju2017grad,
  title={Grad-cam: Visual explanations from deep networks via gradient-based localization},
  author={Selvaraju, Ramprasaath R and Cogswell, Michael and Das, Abhishek and Vedantam, Ramakrishna and Parikh, Devi and Batra, Dhruv},
  booktitle={Proceedings of the IEEE international conference on computer vision},
  pages={618--626},
  year={2017}
}

@inproceedings{shukor2022efficient,
  title={Efficient Vision-Language Pretraining with Visual Concepts and Hierarchical Alignment},
  author={Shukor, Mustafa and Couairon, Guillaume and Cord, Matthieu},
  booktitle={33rd British Machine Vision Conference (BMVC)},
  year={2022}
}

@article{wang2022image,
  title={Image as a foreign language: Beit pretraining for all vision and vision-language tasks},
  author={Wang, Wenhui and Bao, Hangbo and Dong, Li and Bjorck, Johan and Peng, Zhiliang and Liu, Qiang and Aggarwal, Kriti and Mohammed, Owais Khan and Singhal, Saksham and Som, Subhojit and others},
  journal={arXiv preprint arXiv:2208.10442},
  year={2022}
}

@inproceedings{yao2019hierarchy,
  title={Hierarchy parsing for image captioning},
  author={Yao, Ting and Pan, Yingwei and Li, Yehao and Mei, Tao},
  booktitle={Proceedings of the IEEE/CVF international conference on computer vision},
  pages={2621--2629},
  year={2019}
}

@inproceedings{zhang2021rstnet,
  title={Rstnet: Captioning with adaptive attention on visual and non-visual words},
  author={Zhang, Xuying and Sun, Xiaoshuai and Luo, Yunpeng and Ji, Jiayi and Zhou, Yiyi and Wu, Yongjian and Huang, Feiyue and Ji, Rongrong},
  booktitle={Proceedings of the IEEE/CVF conference on computer vision and pattern recognition},
  pages={15465--15474},
  year={2021}
}

