% Deep learnging
% Dlinear
@inproceedings{Zeng23,
  author       = {Ailing Zeng and
                  Muxi Chen and
                  Lei Zhang and
                  Qiang Xu},
  editor       = {Brian Williams and
                  Yiling Chen and
                  Jennifer Neville},
  title        = {Are Transformers Effective for Time Series Forecasting?},
  booktitle    = {Thirty-Seventh {AAAI} Conference on Artificial Intelligence, {AAAI}
                  2023, Thirty-Fifth Conference on Innovative Applications of Artificial
                  Intelligence, {IAAI} 2023, Thirteenth Symposium on Educational Advances
                  in Artificial Intelligence, {EAAI} 2023, Washington, DC, USA, February
                  7-14, 2023},
  pages        = {11121--11128},
  publisher    = {{AAAI} Press},
  year         = {2023}
}


% Transformer
@inproceedings{Vaswani17,
  author       = {Ashish Vaswani and
                  Noam Shazeer and
                  Niki Parmar and
                  Jakob Uszkoreit and
                  Llion Jones and
                  Aidan N. Gomez and
                  Lukasz Kaiser and
                  Illia Polosukhin},
  editor       = {Isabelle Guyon and
                  Ulrike von Luxburg and
                  Samy Bengio and
                  Hanna M. Wallach and
                  Rob Fergus and
                  S. V. N. Vishwanathan and
                  Roman Garnett},
  title        = {Attention is All you Need},
  booktitle    = {Advances in Neural Information Processing Systems 30: Annual Conference
                  on Neural Information Processing Systems 2017, December 4-9, 2017,
                  Long Beach, CA, {USA}},
  pages        = {5998--6008},
  year         = {2017},
  biburl       = {https://dblp.org/rec/conf/nips/VaswaniSPUJGKP17.bib},
  bibsource    = {dblp computer science bibliography, https://dblp.org}
}


%%%%%%%%%%%%%
% RNN based networks
%%%%%%%%%%%%%
%DeepAR
@article{Flunkert17,
  author       = {Valentin Flunkert and
                  David Salinas and
                  Jan Gasthaus},
  title        = {DeepAR: Probabilistic Forecasting with Autoregressive Recurrent Networks},
  journal      = {CoRR},
  volume       = {abs/1704.04110},
  year         = {2017},
  eprinttype    = {arXiv},
  eprint       = {1704.04110},
  timestamp    = {Mon, 13 Aug 2018 16:46:25 +0200},
  biburl       = {https://dblp.org/rec/journals/corr/FlunkertSG17.bib},
  bibsource    = {dblp computer science bibliography, https://dblp.org}
}

%LSTNet
@inproceedings{Lai18,
  author       = {Guokun Lai and
                  Wei{-}Cheng Chang and
                  Yiming Yang and
                  Hanxiao Liu},
  editor       = {Kevyn Collins{-}Thompson and
                  Qiaozhu Mei and
                  Brian D. Davison and
                  Yiqun Liu and
                  Emine Yilmaz},
  title        = {Modeling Long- and Short-Term Temporal Patterns with Deep Neural Networks},
  booktitle    = {The 41st International {ACM} {SIGIR} Conference on Research {\&}
                  Development in Information Retrieval, {SIGIR} 2018, Ann Arbor, MI,
                  USA, July 08-12, 2018},
  pages        = {95--104},
  publisher    = {{ACM}},
  year         = {2018},
  biburl       = {https://dblp.org/rec/conf/sigir/LaiCYL18.bib},
  bibsource    = {dblp computer science bibliography, https://dblp.org}
}

%%%%%%%%%%%
%CNN based models
%%%%%%%%%%%

@article{Bai18,
  author       = {Shaojie Bai and
                  J. Zico Kolter and
                  Vladlen Koltun},
  title        = {An Empirical Evaluation of Generic Convolutional and Recurrent Networks
                  for Sequence Modeling},
  journal      = {CoRR},
  volume       = {abs/1803.01271},
  year         = {2018},
  eprinttype    = {arXiv},
  eprint       = {1803.01271},
  biburl       = {https://dblp.org/rec/journals/corr/abs-1803-01271.bib},
  bibsource    = {dblp computer science bibliography, https://dblp.org}
}

@inproceedings{Cheng20,
  author       = {Jiezhu Cheng and
                  Kaizhu Huang and
                  Zibin Zheng},
  title        = {Towards Better Forecasting by Fusing Near and Distant Future Visions},
  booktitle    = {The Thirty-Fourth {AAAI} Conference on Artificial Intelligence, {AAAI}
                  2020, The Thirty-Second Innovative Applications of Artificial Intelligence
                  Conference, {IAAI} 2020, The Tenth {AAAI} Symposium on Educational
                  Advances in Artificial Intelligence, {EAAI} 2020, New York, NY, USA,
                  February 7-12, 2020},
  pages        = {3593--3600},
  publisher    = {{AAAI} Press},
  year         = {2020},
  biburl       = {https://dblp.org/rec/conf/aaai/ChengHZ20.bib},
  bibsource    = {dblp computer science bibliography, https://dblp.org}
}




%%%%%%%%%%%%
%Deep learning networks for TS analysis
%%%%%%%%%%%%
% Informer, long-term forecasting
@inproceedings{Zhou21,
  author       = {Haoyi Zhou and
                  Shanghang Zhang and
                  Jieqi Peng and
                  Shuai Zhang and
                  Jianxin Li and
                  Hui Xiong and
                  Wancai Zhang},
  title        = {Informer: Beyond Efficient Transformer for Long Sequence Time-Series
                  Forecasting},
  booktitle    = {Thirty-Fifth {AAAI} Conference on Artificial Intelligence, {AAAI}
                  2021, Thirty-Third Conference on Innovative Applications of Artificial
                  Intelligence, {IAAI} 2021, The Eleventh Symposium on Educational Advances
                  in Artificial Intelligence, {EAAI} 2021, Virtual Event, February 2-9,
                  2021},
  pages        = {11106--11115},
  publisher    = {{AAAI} Press},
  year         = {2021},
  url          = {https://doi.org/10.1609/aaai.v35i12.17325},
  doi          = {10.1609/AAAI.V35I12.17325},
  timestamp    = {Wed, 14 Aug 2024 08:07:12 +0200},
  biburl       = {https://dblp.org/rec/conf/aaai/ZhouZPZLXZ21.bib},
  bibsource    = {dblp computer science bibliography, https://dblp.org}
}

%AutoFormer
@inproceedings{Wu21,
  author       = {Haixu Wu and
                  Jiehui Xu and
                  Jianmin Wang and
                  Mingsheng Long},
  editor       = {Marc'Aurelio Ranzato and
                  Alina Beygelzimer and
                  Yann N. Dauphin and
                  Percy Liang and
                  Jennifer Wortman Vaughan},
  title        = {Autoformer: Decomposition Transformers with Auto-Correlation for Long-Term
                  Series Forecasting},
  booktitle    = {Advances in Neural Information Processing Systems 34: Annual Conference
                  on Neural Information Processing Systems 2021, NeurIPS 2021, December
                  6-14, 2021, virtual},
  pages        = {22419--22430},
  year         = {2021},
  url          = {https://proceedings.neurips.cc/paper/2021/hash/bcc0d400288793e8bdcd7c19a8ac0c2b-Abstract.html},
  timestamp    = {Mon, 26 Jun 2023 20:41:56 +0200},
  biburl       = {https://dblp.org/rec/conf/nips/WuXWL21.bib},
  bibsource    = {dblp computer science bibliography, https://dblp.org}
}


%HigeNet: Transformer framework optimization, for forecasting
@article{Li22a,
  author       = {Jiajia Li and
                  Feng Tan and
                  Cheng He and
                  Zikai Wang and
                  Haitao Song and
                  Lingfei Wu and
                  Pengwei Hu},
  title        = {HigeNet: {A} Highly Efficient Modeling for Long Sequence Time Series
                  Prediction in AIOps},
  journal      = {CoRR},
  volume       = {abs/2211.07642},
  year         = {2022},
  url          = {https://doi.org/10.48550/arXiv.2211.07642},
  doi          = {10.48550/ARXIV.2211.07642},
  eprinttype    = {arXiv},
  eprint       = {2211.07642},
  timestamp    = {Wed, 12 Jun 2024 14:22:04 +0200},
  biburl       = {https://dblp.org/rec/journals/corr/abs-2211-07642.bib},
  bibsource    = {dblp computer science bibliography, https://dblp.org}
}

%TimeMixer 
@inproceedings{Wang24,
  author       = {Shiyu Wang and
                  Haixu Wu and
                  Xiaoming Shi and
                  Tengge Hu and
                  Huakun Luo and
                  Lintao Ma and
                  James Y. Zhang and
                  Jun Zhou},
  title        = {TimeMixer: Decomposable Multiscale Mixing for Time Series Forecasting},
  booktitle    = {The Twelfth International Conference on Learning Representations,
                  {ICLR} 2024, Vienna, Austria, May 7-11, 2024},
  publisher    = {OpenReview.net},
  year         = {2024},
  url          = {https://openreview.net/forum?id=7oLshfEIC2},
  timestamp    = {Thu, 08 Aug 2024 07:48:12 +0200},
  biburl       = {https://dblp.org/rec/conf/iclr/WangWSHLMZ024.bib},
  bibsource    = {dblp computer science bibliography, https://dblp.org}
}

% Anomaly Transformer: anomaly Detection
@inproceedings{Xu22,
  author       = {Jiehui Xu and
                  Haixu Wu and
                  Jianmin Wang and
                  Mingsheng Long},
  title        = {Anomaly Transformer: Time Series Anomaly Detection with Association
                  Discrepancy},
  booktitle    = {The Tenth International Conference on Learning Representations, {ICLR}
                  2022, Virtual Event, April 25-29, 2022},
  publisher    = {OpenReview.net},
  year         = {2022},
  url          = {https://openreview.net/forum?id=LzQQ89U1qm\_},
  timestamp    = {Sun, 22 Jan 2023 16:03:17 +0100},
  biburl       = {https://dblp.org/rec/conf/iclr/XuWWL22.bib},
  bibsource    = {dblp computer science bibliography, https://dblp.org}
}

%Anomaly detection: Memto
@inproceedings{Song23,
  author       = {Junho Song and
                  Keonwoo Kim and
                  Jeonglyul Oh and
                  Sungzoon Cho},
  editor       = {Alice Oh and
                  Tristan Naumann and
                  Amir Globerson and
                  Kate Saenko and
                  Moritz Hardt and
                  Sergey Levine},
  title        = {{MEMTO:} Memory-guided Transformer for Multivariate Time Series Anomaly
                  Detection},
  booktitle    = {Advances in Neural Information Processing Systems 36: Annual Conference
                  on Neural Information Processing Systems 2023, NeurIPS 2023, New Orleans,
                  LA, USA, December 10 - 16, 2023},
  year         = {2023},
  url          = {http://papers.nips.cc/paper\_files/paper/2023/hash/b4c898eb1fb556b8d871fbe9ead92256-Abstract-Conference.html},
  timestamp    = {Fri, 01 Mar 2024 16:26:20 +0100},
  biburl       = {https://dblp.org/rec/conf/nips/SongKOC23.bib},
  bibsource    = {dblp computer science bibliography, https://dblp.org}
}

% Anomaly detection: DCdetector
@inproceedings{Yang23,
  author       = {Yiyuan Yang and
                  Chaoli Zhang and
                  Tian Zhou and
                  Qingsong Wen and
                  Liang Sun},
  editor       = {Ambuj K. Singh and
                  Yizhou Sun and
                  Leman Akoglu and
                  Dimitrios Gunopulos and
                  Xifeng Yan and
                  Ravi Kumar and
                  Fatma Ozcan and
                  Jieping Ye},
  title        = {DCdetector: Dual Attention Contrastive Representation Learning for
                  Time Series Anomaly Detection},
  booktitle    = {Proceedings of the 29th {ACM} {SIGKDD} Conference on Knowledge Discovery
                  and Data Mining, {KDD} 2023, Long Beach, CA, USA, August 6-10, 2023},
  pages        = {3033--3045},
  publisher    = {{ACM}},
  year         = {2023},
  url          = {https://doi.org/10.1145/3580305.3599295},
  doi          = {10.1145/3580305.3599295},
  timestamp    = {Wed, 11 Dec 2024 17:21:11 +0100},
  biburl       = {https://dblp.org/rec/conf/kdd/YangZZW023.bib},
  bibsource    = {dblp computer science bibliography, https://dblp.org}
}


%Imputation: SAITS
@article{Du23,
  author       = {Wenjie Du and
                  David C{\^{o}}t{\'{e}} and
                  Yan Liu},
  title        = {{SAITS:} Self-attention-based imputation for time series},
  journal      = {Expert Syst. Appl.},
  volume       = {219},
  pages        = {119619},
  year         = {2023},
  url          = {https://doi.org/10.1016/j.eswa.2023.119619},
  doi          = {10.1016/J.ESWA.2023.119619},
  timestamp    = {Tue, 28 Mar 2023 19:51:15 +0200},
  biburl       = {https://dblp.org/rec/journals/eswa/DuCL23.bib},
  bibsource    = {dblp computer science bibliography, https://dblp.org}
}



% temporal domain pre-trained models
% MOIRAI-Unified Training of Universal Time Series Forecasting Transformers
@inproceedings{Woo24,
  author       = {Gerald Woo and
                  Chenghao Liu and
                  Akshat Kumar and
                  Caiming Xiong and
                  Silvio Savarese and
                  Doyen Sahoo},
  title        = {Unified Training of Universal Time Series Forecasting Transformers},
  booktitle    = {Forty-first International Conference on Machine Learning, {ICML} 2024,
                  Vienna, Austria, July 21-27, 2024},
  publisher    = {OpenReview.net},
  year         = {2024},
  url          = {https://openreview.net/forum?id=Yd8eHMY1wz},
  timestamp    = {Mon, 02 Sep 2024 16:55:25 +0200},
  biburl       = {https://dblp.org/rec/conf/icml/WooLKXSS24.bib},
  bibsource    = {dblp computer science bibliography, https://dblp.org}
}

% TIME-MOE
@article{Shi24,
  author       = {Xiaoming Shi and
                  Shiyu Wang and
                  Yuqi Nie and
                  Dianqi Li and
                  Zhou Ye and
                  Qingsong Wen and
                  Ming Jin},
  title        = {Time-MoE: Billion-Scale Time Series Foundation Models with Mixture
                  of Experts},
  journal      = {CoRR},
  volume       = {abs/2409.16040},
  year         = {2024},
  url          = {https://doi.org/10.48550/arXiv.2409.16040},
  doi          = {10.48550/ARXIV.2409.16040},
  eprinttype    = {arXiv},
  eprint       = {2409.16040},
  timestamp    = {Wed, 16 Oct 2024 13:28:36 +0200},
  biburl       = {https://dblp.org/rec/journals/corr/abs-2409-16040.bib},
  bibsource    = {dblp computer science bibliography, https://dblp.org}
}

%1) Timer ICML24
@inproceedings{Liu24,
  author       = {Yong Liu and
                  Haoran Zhang and
                  Chenyu Li and
                  Xiangdong Huang and
                  Jianmin Wang and
                  Mingsheng Long},
  title        = {Timer: Generative Pre-trained Transformers Are Large Time Series Models},
  booktitle    = {Forty-first International Conference on Machine Learning, {ICML} 2024,
                  Vienna, Austria, July 21-27, 2024},
  publisher    = {OpenReview.net},
  year         = {2024},
  url          = {https://openreview.net/forum?id=bYRYb7DMNo},
  timestamp    = {Mon, 09 Sep 2024 19:07:31 +0200},
  biburl       = {https://dblp.org/rec/conf/icml/LiuZLH0L24.bib},
  bibsource    = {dblp computer science bibliography, https://dblp.org}
}

%2) UP2ME ICML24
@inproceedings{Zhang24,
  author       = {Yunhao Zhang and
                  Minghao Liu and
                  Shengyang Zhou and
                  Junchi Yan},
  title        = {{UP2ME:} Univariate Pre-training to Multivariate Fine-tuning as a
                  General-purpose Framework for Multivariate Time Series Analysis},
  booktitle    = {Forty-first International Conference on Machine Learning, {ICML} 2024,
                  Vienna, Austria, July 21-27, 2024},
  publisher    = {OpenReview.net},
  year         = {2024},
  url          = {https://openreview.net/forum?id=aR3uxWlZhX},
  timestamp    = {Mon, 02 Sep 2024 16:55:27 +0200},
  biburl       = {https://dblp.org/rec/conf/icml/ZhangLZY24.bib},
  bibsource    = {dblp computer science bibliography, https://dblp.org}
}

%3) PatchTST ICLR23
@inproceedings{Nie23,
  author       = {Yuqi Nie and
                  Nam H. Nguyen and
                  Phanwadee Sinthong and
                  Jayant Kalagnanam},
  title        = {A Time Series is Worth 64 Words: Long-term Forecasting with Transformers},
  booktitle    = {The Eleventh International Conference on Learning Representations,
                  {ICLR} 2023, Kigali, Rwanda, May 1-5, 2023},
  publisher    = {OpenReview.net},
  year         = {2023},
  url          = {https://openreview.net/forum?id=Jbdc0vTOcol},
  timestamp    = {Wed, 24 Jul 2024 16:50:33 +0200},
  biburl       = {https://dblp.org/rec/conf/iclr/NieNSK23.bib},
  bibsource    = {dblp computer science bibliography, https://dblp.org}
}

%UniTS
@inproceedings{gao24,
  title={UniTS: A unified multi-task time series model},
  author={Gao, Shanghua and Koker, Teddy and Queen, Owen and Hartvigsen, Thomas and Tsiligkaridis, Theodoros and Zitnik, Marinka},
  booktitle={The Thirty-eighth Annual Conference on Neural Information Processing Systems},
  year={2024}
}

%SimMTM
@inproceedings{Dong23,
  author       = {Jiaxiang Dong and
                  Haixu Wu and
                  Haoran Zhang and
                  Li Zhang and
                  Jianmin Wang and
                  Mingsheng Long},
  editor       = {Alice Oh and
                  Tristan Naumann and
                  Amir Globerson and
                  Kate Saenko and
                  Moritz Hardt and
                  Sergey Levine},
  title        = {SimMTM: {A} Simple Pre-Training Framework for Masked Time-Series Modeling},
  booktitle    = {Advances in Neural Information Processing Systems 36: Annual Conference
                  on Neural Information Processing Systems 2023, NeurIPS 2023, New Orleans,
                  LA, USA, December 10 - 16, 2023},
  year         = {2023},
  url          = {http://papers.nips.cc/paper\_files/paper/2023/hash/5f9bfdfe3685e4ccdbc0e7fb29cccf2a-Abstract-Conference.html},
  timestamp    = {Thu, 18 Jul 2024 08:28:31 +0200},
  biburl       = {https://dblp.org/rec/conf/nips/DongWZZWL23.bib},
  bibsource    = {dblp computer science bibliography, https://dblp.org}
}

%Lag-Llama
@article{Rasul23,
  author       = {Kashif Rasul and
                  Arjun Ashok and
                  Andrew Robert Williams and
                  Arian Khorasani and
                  George Adamopoulos and
                  Rishika Bhagwatkar and
                  Marin Bilos and
                  Hena Ghonia and
                  Nadhir Vincent Hassen and
                  Anderson Schneider and
                  Sahil Garg and
                  Alexandre Drouin and
                  Nicolas Chapados and
                  Yuriy Nevmyvaka and
                  Irina Rish},
  title        = {Lag-Llama: Towards Foundation Models for Time Series Forecasting},
  journal      = {CoRR},
  volume       = {abs/2310.08278},
  year         = {2023},
  url          = {https://doi.org/10.48550/arXiv.2310.08278},
  doi          = {10.48550/ARXIV.2310.08278},
  eprinttype    = {arXiv},
  eprint       = {2310.08278},
  timestamp    = {Tue, 24 Oct 2023 14:46:18 +0200},
  biburl       = {https://dblp.org/rec/journals/corr/abs-2310-08278.bib},
  bibsource    = {dblp computer science bibliography, https://dblp.org}
}

%GPHT
@inproceedings{Liuzd24,
  author       = {Zhiding Liu and
                  Jiqian Yang and
                  Mingyue Cheng and
                  Yucong Luo and
                  Zhi Li},
  editor       = {Ricardo Baeza{-}Yates and
                  Francesco Bonchi},
  title        = {Generative Pretrained Hierarchical Transformer for Time Series Forecasting},
  booktitle    = {Proceedings of the 30th {ACM} {SIGKDD} Conference on Knowledge Discovery
                  and Data Mining, {KDD} 2024, Barcelona, Spain, August 25-29, 2024},
  pages        = {2003--2013},
  publisher    = {{ACM}},
  year         = {2024},
  url          = {https://doi.org/10.1145/3637528.3671855},
  doi          = {10.1145/3637528.3671855},
  timestamp    = {Sun, 08 Sep 2024 16:05:53 +0200},
  biburl       = {https://dblp.org/rec/conf/kdd/LiuYCLL24.bib},
  bibsource    = {dblp computer science bibliography, https://dblp.org}
}

%TimesFM
@inproceedings{Das24,
  author       = {Abhimanyu Das and
                  Weihao Kong and
                  Rajat Sen and
                  Yichen Zhou},
  title        = {A decoder-only foundation model for time-series forecasting},
  booktitle    = {Forty-first International Conference on Machine Learning, {ICML} 2024,
                  Vienna, Austria, July 21-27, 2024},
  publisher    = {OpenReview.net},
  year         = {2024},
  url          = {https://openreview.net/forum?id=jn2iTJas6h},
  timestamp    = {Mon, 02 Sep 2024 16:55:26 +0200},
  biburl       = {https://dblp.org/rec/conf/icml/DasKSZ24.bib},
  bibsource    = {dblp computer science bibliography, https://dblp.org}
}

%GPD-diffusion model
@article{Yang24,
  author       = {Jiarui Yang and
                  Tao Dai and
                  Naiqi Li and
                  Junxi Wu and
                  Peiyuan Liu and
                  Jinmin Li and
                  Jigang Bao and
                  Haigang Zhang and
                  Shutao Xia},
  title        = {Generative Pre-Trained Diffusion Paradigm for Zero-Shot Time Series
                  Forecasting},
  journal      = {CoRR},
  volume       = {abs/2406.02212},
  year         = {2024},
  url          = {https://doi.org/10.48550/arXiv.2406.02212},
  doi          = {10.48550/ARXIV.2406.02212},
  eprinttype    = {arXiv},
  eprint       = {2406.02212},
  timestamp    = {Thu, 01 Aug 2024 07:59:31 +0200},
  biburl       = {https://dblp.org/rec/journals/corr/abs-2406-02212.bib},
  bibsource    = {dblp computer science bibliography, https://dblp.org}
}

%UTSD-diffusion model
@article{Ma24,
  author       = {Xiangkai Ma and
                  Xiaobin Hong and
                  Wenzhong Li and
                  Sanglu Lu},
  title        = {{UTSD:} Unified Time Series Diffusion Model},
  journal      = {CoRR},
  volume       = {abs/2412.03068},
  year         = {2024},
  url          = {https://doi.org/10.48550/arXiv.2412.03068},
  doi          = {10.48550/ARXIV.2412.03068},
  eprinttype    = {arXiv},
  eprint       = {2412.03068},
  timestamp    = {Mon, 13 Jan 2025 21:28:32 +0100},
  biburl       = {https://dblp.org/rec/journals/corr/abs-2412-03068.bib},
  bibsource    = {dblp computer science bibliography, https://dblp.org}
}

%TTMs
@article{Ekambaram24,
  author       = {Vijay Ekambaram and
                  Arindam Jati and
                  Nam H. Nguyen and
                  Pankaj Dayama and
                  Chandra Reddy and
                  Wesley M. Gifford and
                  Jayant Kalagnanam},
  title        = {Tiny Time Mixers (TTMs): Fast Pre-trained Models for Enhanced Zero/Few-Shot
                  Forecasting of Multivariate Time Series},
  journal      = {CoRR},
  volume       = {abs/2401.03955},
  year         = {2024},
  url          = {https://doi.org/10.48550/arXiv.2401.03955},
  doi          = {10.48550/ARXIV.2401.03955},
  eprinttype    = {arXiv},
  eprint       = {2401.03955},
  timestamp    = {Thu, 01 Feb 2024 07:50:10 +0100},
  biburl       = {https://dblp.org/rec/journals/corr/abs-2401-03955.bib},
  bibsource    = {dblp computer science bibliography, https://dblp.org}
}

%TimeSiam-contrastive learning
@inproceedings{Dong24,
  author       = {Jiaxiang Dong and
                  Haixu Wu and
                  Yuxuan Wang and
                  Yunzhong Qiu and
                  Li Zhang and
                  Jianmin Wang and
                  Mingsheng Long},
  title        = {TimeSiam: {A} Pre-Training Framework for Siamese Time-Series Modeling},
  booktitle    = {Forty-first International Conference on Machine Learning, {ICML} 2024,
                  Vienna, Austria, July 21-27, 2024},
  publisher    = {OpenReview.net},
  year         = {2024},
  url          = {https://openreview.net/forum?id=wrTzLoqbCg},
  timestamp    = {Mon, 02 Sep 2024 16:55:27 +0200},
  biburl       = {https://dblp.org/rec/conf/icml/DongWWQ00L24.bib},
  bibsource    = {dblp computer science bibliography, https://dblp.org}
}


%LPTM
@article{Kamarthi23,
  author       = {Harshavardhan Kamarthi and
                  B. Aditya Prakash},
  title        = {Large Pre-trained time series models for cross-domain Time series
                  analysis tasks},
  journal      = {CoRR},
  volume       = {abs/2311.11413},
  year         = {2023},
  url          = {https://doi.org/10.48550/arXiv.2311.11413},
  doi          = {10.48550/ARXIV.2311.11413},
  eprinttype    = {arXiv},
  eprint       = {2311.11413},
  timestamp    = {Thu, 23 Nov 2023 12:06:25 +0100},
  biburl       = {https://dblp.org/rec/journals/corr/abs-2311-11413.bib},
  bibsource    = {dblp computer science bibliography, https://dblp.org}
}

%%%%%%%%%%%%%%
% Frequency domain models
%%%%%%%%%%%%%%

%FreTS
@inproceedings{Yi23,
  author       = {Kun Yi and
                  Qi Zhang and
                  Wei Fan and
                  Shoujin Wang and
                  Pengyang Wang and
                  Hui He and
                  Ning An and
                  Defu Lian and
                  Longbing Cao and
                  Zhendong Niu},
  editor       = {Alice Oh and
                  Tristan Naumann and
                  Amir Globerson and
                  Kate Saenko and
                  Moritz Hardt and
                  Sergey Levine},
  title        = {Frequency-domain MLPs are More Effective Learners in Time Series Forecasting},
  booktitle    = {Advances in Neural Information Processing Systems 36: Annual Conference
                  on Neural Information Processing Systems 2023, NeurIPS 2023, New Orleans,
                  LA, USA, December 10 - 16, 2023},
  year         = {2023},
  url          = {http://papers.nips.cc/paper\_files/paper/2023/hash/f1d16af76939f476b5f040fd1398c0a3-Abstract-Conference.html},
  timestamp    = {Thu, 29 Aug 2024 14:25:54 +0200},
  biburl       = {https://dblp.org/rec/conf/nips/YiZFWWHALCN23.bib},
  bibsource    = {dblp computer science bibliography, https://dblp.org}
}

%FredFormer
@inproceedings{Piao24,
  author       = {Xihao Piao and
                  Zheng Chen and
                  Taichi Murayama and
                  Yasuko Matsubara and
                  Yasushi Sakurai},
  editor       = {Ricardo Baeza{-}Yates and
                  Francesco Bonchi},
  title        = {Fredformer: Frequency Debiased Transformer for Time Series Forecasting},
  booktitle    = {Proceedings of the 30th {ACM} {SIGKDD} Conference on Knowledge Discovery
                  and Data Mining, {KDD} 2024, Barcelona, Spain, August 25-29, 2024},
  pages        = {2400--2410},
  publisher    = {{ACM}},
  year         = {2024},
  url          = {https://doi.org/10.1145/3637528.3671928},
  doi          = {10.1145/3637528.3671928},
  timestamp    = {Sun, 08 Sep 2024 16:05:53 +0200},
  biburl       = {https://dblp.org/rec/conf/kdd/Piao0MMS24.bib},
  bibsource    = {dblp computer science bibliography, https://dblp.org}
}

%FITS
@inproceedings{Xu24,
  author       = {Zhijian Xu and
                  Ailing Zeng and
                  Qiang Xu},
  title        = {{FITS:} Modeling Time Series with 10k Parameters},
  booktitle    = {The Twelfth International Conference on Learning Representations,
                  {ICLR} 2024, Vienna, Austria, May 7-11, 2024},
  publisher    = {OpenReview.net},
  year         = {2024},
  url          = {https://openreview.net/forum?id=bWcnvZ3qMb},
  timestamp    = {Mon, 29 Jul 2024 17:17:48 +0200},
  biburl       = {https://dblp.org/rec/conf/iclr/XuZ024.bib},
  bibsource    = {dblp computer science bibliography, https://dblp.org}
}

%%%%%%%%%%%%%
%hybrid of temporal & frequency domian
%%%%%%%%%%%%%
%CDX-net: cross domain feature fusion representation
@inproceedings{Li22b,
  author       = {Jiajia Li and
                  Ling Dai and
                  Feng Tan and
                  Hui Shen and
                  Zikai Wang and
                  Bin Sheng and
                  Pengwei Hu},
  title        = {{CDX-NET:} Cross-Domain Multi-Feature Fusion Modeling Via Deep Neural
                  Networks for Multivariate Time Series Forecasting in AIOps},
  booktitle    = {{IEEE} International Conference on Acoustics, Speech and Signal Processing,
                  {ICASSP} 2022, Virtual and Singapore, 23-27 May 2022},
  pages        = {4073--4077},
  publisher    = {{IEEE}},
  year         = {2022},
  url          = {https://doi.org/10.1109/ICASSP43922.2022.9746242},
  doi          = {10.1109/ICASSP43922.2022.9746242},
  timestamp    = {Tue, 21 Mar 2023 20:51:21 +0100},
  biburl       = {https://dblp.org/rec/conf/icassp/LiDTSWSH22.bib},
  bibsource    = {dblp computer science bibliography, https://dblp.org}
}


%FedFormer
@inproceedings{Zhou22,
  author       = {Tian Zhou and
                  Ziqing Ma and
                  Qingsong Wen and
                  Xue Wang and
                  Liang Sun and
                  Rong Jin},
  editor       = {Kamalika Chaudhuri and
                  Stefanie Jegelka and
                  Le Song and
                  Csaba Szepesv{\'{a}}ri and
                  Gang Niu and
                  Sivan Sabato},
  title        = {FEDformer: Frequency Enhanced Decomposed Transformer for Long-term
                  Series Forecasting},
  booktitle    = {International Conference on Machine Learning, {ICML} 2022, 17-23 July
                  2022, Baltimore, Maryland, {USA}},
  series       = {Proceedings of Machine Learning Research},
  volume       = {162},
  pages        = {27268--27286},
  publisher    = {{PMLR}},
  year         = {2022},
  url          = {https://proceedings.mlr.press/v162/zhou22g.html},
  timestamp    = {Wed, 04 Dec 2024 16:44:21 +0100},
  biburl       = {https://dblp.org/rec/conf/icml/ZhouMWW0022.bib},
  bibsource    = {dblp computer science bibliography, https://dblp.org}
}

%TimesNet
@inproceedings{Wu23,
  author       = {Haixu Wu and
                  Tengge Hu and
                  Yong Liu and
                  Hang Zhou and
                  Jianmin Wang and
                  Mingsheng Long},
  title        = {TimesNet: Temporal 2D-Variation Modeling for General Time Series Analysis},
  booktitle    = {The Eleventh International Conference on Learning Representations,
                  {ICLR} 2023, Kigali, Rwanda, May 1-5, 2023},
  publisher    = {OpenReview.net},
  year         = {2023},
  url          = {https://openreview.net/forum?id=ju\_Uqw384Oq},
  timestamp    = {Wed, 24 Jul 2024 16:50:33 +0200},
  biburl       = {https://dblp.org/rec/conf/iclr/WuHLZ0L23.bib},
  bibsource    = {dblp computer science bibliography, https://dblp.org}
}

%TimeMixer++
@article{Wangsy24,
  author       = {Shiyu Wang and
                  Jiawei Li and
                  Xiaoming Shi and
                  Zhou Ye and
                  Baichuan Mo and
                  Wenze Lin and
                  Shengtong Ju and
                  Zhixuan Chu and
                  Ming Jin},
  title        = {TimeMixer++: {A} General Time Series Pattern Machine for Universal
                  Predictive Analysis},
  journal      = {CoRR},
  volume       = {abs/2410.16032},
  year         = {2024},
  url          = {https://doi.org/10.48550/arXiv.2410.16032},
  doi          = {10.48550/ARXIV.2410.16032},
  eprinttype    = {arXiv},
  eprint       = {2410.16032},
  timestamp    = {Tue, 26 Nov 2024 15:54:20 +0100},
  biburl       = {https://dblp.org/rec/journals/corr/abs-2410-16032.bib},
  bibsource    = {dblp computer science bibliography, https://dblp.org}
}



%%%%%%%%%%%%%%
%high-dimensional analysi for CV, image, PDE
%%%%%%%%%%%%%%
% 4) FNO ICLR 2021
@inproceedings{Li21,
  author       = {Zongyi Li and
                  Nikola Borislavov Kovachki and
                  Kamyar Azizzadenesheli and
                  Burigede Liu and
                  Kaushik Bhattacharya and
                  Andrew M. Stuart and
                  Anima Anandkumar},
  title        = {Fourier Neural Operator for Parametric Partial Differential Equations},
  booktitle    = {9th International Conference on Learning Representations, {ICLR} 2021,
                  Virtual Event, Austria, May 3-7, 2021},
  publisher    = {OpenReview.net},
  year         = {2021},
  url          = {https://openreview.net/forum?id=c8P9NQVtmnO},
  timestamp    = {Wed, 23 Jun 2021 17:36:40 +0200},
  biburl       = {https://dblp.org/rec/conf/iclr/LiKALBSA21.bib},
  bibsource    = {dblp computer science bibliography, https://dblp.org}
}

% 5) AFNO ICLR 2022
@inproceedings{Guibas22,
  author       = {John Guibas and
                  Morteza Mardani and
                  Zongyi Li and
                  Andrew Tao and
                  Anima Anandkumar and
                  Bryan Catanzaro},
  title        = {Efficient Token Mixing for Transformers via Adaptive Fourier Neural
                  Operators},
  booktitle    = {The Tenth International Conference on Learning Representations, {ICLR}
                  2022, Virtual Event, April 25-29, 2022},
  publisher    = {OpenReview.net},
  year         = {2022},
  url          = {https://openreview.net/forum?id=EXHG-A3jlM},
  timestamp    = {Sat, 20 Aug 2022 01:15:42 +0200},
  biburl       = {https://dblp.org/rec/conf/iclr/GuibasMLTAC22.bib},
  bibsource    = {dblp computer science bibliography, https://dblp.org}
}

% 6）DPOT ICML 2024
@inproceedings{Hao24,
  author       = {Zhongkai Hao and
                  Chang Su and
                  Songming Liu and
                  Julius Berner and
                  Chengyang Ying and
                  Hang Su and
                  Anima Anandkumar and
                  Jian Song and
                  Jun Zhu},
  title        = {{DPOT:} Auto-Regressive Denoising Operator Transformer for Large-Scale
                  {PDE} Pre-Training},
  booktitle    = {Forty-first International Conference on Machine Learning, {ICML} 2024,
                  Vienna, Austria, July 21-27, 2024},
  publisher    = {OpenReview.net},
  year         = {2024},
  url          = {https://openreview.net/forum?id=X7UnDevHOM},
  timestamp    = {Mon, 02 Sep 2024 16:55:26 +0200},
  biburl       = {https://dblp.org/rec/conf/icml/HaoSLBY0AS024.bib},
  bibsource    = {dblp computer science bibliography, https://dblp.org}
}

% large-scale pre-training model (language models)
% 7) GLM ACL 2022
@inproceedings{Du22,
  author       = {Zhengxiao Du and
                  Yujie Qian and
                  Xiao Liu and
                  Ming Ding and
                  Jiezhong Qiu and
                  Zhilin Yang and
                  Jie Tang},
  editor       = {Smaranda Muresan and
                  Preslav Nakov and
                  Aline Villavicencio},
  title        = {{GLM:} General Language Model Pretraining with Autoregressive Blank
                  Infilling},
  booktitle    = {Proceedings of the 60th Annual Meeting of the Association for Computational
                  Linguistics (Volume 1: Long Papers), {ACL} 2022, Dublin, Ireland,
                  May 22-27, 2022},
  pages        = {320--335},
  publisher    = {Association for Computational Linguistics},
  year         = {2022},
  url          = {https://doi.org/10.18653/v1/2022.acl-long.26},
  doi          = {10.18653/V1/2022.ACL-LONG.26},
  timestamp    = {Mon, 04 Sep 2023 20:40:36 +0200},
  biburl       = {https://dblp.org/rec/conf/acl/DuQLDQY022.bib},
  bibsource    = {dblp computer science bibliography, https://dblp.org}
}

% MOE: GShard
% 8)
@inproceedings{Lepikhin21,
  author       = {Dmitry Lepikhin and
                  HyoukJoong Lee and
                  Yuanzhong Xu and
                  Dehao Chen and
                  Orhan Firat and
                  Yanping Huang and
                  Maxim Krikun and
                  Noam Shazeer and
                  Zhifeng Chen},
  title        = {GShard: Scaling Giant Models with Conditional Computation and Automatic
                  Sharding},
  booktitle    = {9th International Conference on Learning Representations, {ICLR} 2021,
                  Virtual Event, Austria, May 3-7, 2021},
  publisher    = {OpenReview.net},
  year         = {2021},
  url          = {https://openreview.net/forum?id=qrwe7XHTmYb},
  timestamp    = {Wed, 23 Jun 2021 17:36:40 +0200},
  biburl       = {https://dblp.org/rec/conf/iclr/LepikhinLXCFHKS21.bib},
  bibsource    = {dblp computer science bibliography, https://dblp.org}
}


% Reversible Instance Norm
% 9)
@inproceedings{Kim22,
  author       = {Taesung Kim and
                  Jinhee Kim and
                  Yunwon Tae and
                  Cheonbok Park and
                  Jang{-}Ho Choi and
                  Jaegul Choo},
  title        = {Reversible Instance Normalization for Accurate Time-Series Forecasting
                  against Distribution Shift},
  booktitle    = {The Tenth International Conference on Learning Representations, {ICLR}
                  2022, Virtual Event, April 25-29, 2022},
  publisher    = {OpenReview.net},
  year         = {2022},
  url          = {https://openreview.net/forum?id=cGDAkQo1C0p},
  timestamp    = {Sat, 20 Aug 2022 01:15:42 +0200},
  biburl       = {https://dblp.org/rec/conf/iclr/KimKTPCC22.bib},
  bibsource    = {dblp computer science bibliography, https://dblp.org}
}

%%%%%%%%%%%%%%%%%%%
%% Datasets for anomaly detection
%%%%%%%%%%%%%%%%%%%




%SMD, anomaly detection
@inproceedings{Su19,
  author       = {Ya Su and
                  Youjian Zhao and
                  Chenhao Niu and
                  Rong Liu and
                  Wei Sun and
                  Dan Pei},
  editor       = {Ankur Teredesai and
                  Vipin Kumar and
                  Ying Li and
                  R{\'{o}}mer Rosales and
                  Evimaria Terzi and
                  George Karypis},
  title        = {Robust Anomaly Detection for Multivariate Time Series through Stochastic
                  Recurrent Neural Network},
  booktitle    = {Proceedings of the 25th {ACM} {SIGKDD} International Conference on
                  Knowledge Discovery {\&} Data Mining, {KDD} 2019, Anchorage, AK,
                  USA, August 4-8, 2019},
  pages        = {2828--2837},
  publisher    = {{ACM}},
  year         = {2019},
  url          = {https://doi.org/10.1145/3292500.3330672},
  doi          = {10.1145/3292500.3330672},
  timestamp    = {Tue, 20 Aug 2024 07:54:44 +0200},
  biburl       = {https://dblp.org/rec/conf/kdd/SuZNLSP19.bib},
  bibsource    = {dblp computer science bibliography, https://dblp.org}
}

%MSL & SMAP
@inproceedings{Hundman18,
  author       = {Kyle Hundman and
                  Valentino Constantinou and
                  Christopher Laporte and
                  Ian Colwell and
                  Tom S{\"{o}}derstr{\"{o}}m},
  editor       = {Yike Guo and
                  Faisal Farooq},
  title        = {Detecting Spacecraft Anomalies Using LSTMs and Nonparametric Dynamic
                  Thresholding},
  booktitle    = {Proceedings of the 24th {ACM} {SIGKDD} International Conference on
                  Knowledge Discovery {\&} Data Mining, {KDD} 2018, London, UK,
                  August 19-23, 2018},
  pages        = {387--395},
  publisher    = {{ACM}},
  year         = {2018},
  url          = {https://doi.org/10.1145/3219819.3219845},
  doi          = {10.1145/3219819.3219845},
  timestamp    = {Wed, 21 Nov 2018 12:44:27 +0100},
  biburl       = {https://dblp.org/rec/conf/kdd/HundmanCLCS18.bib},
  bibsource    = {dblp computer science bibliography, https://dblp.org}
}

%SWAT
@inproceedings{Mathur16,
  author       = {Aditya P. Mathur and
                  Nils Ole Tippenhauer},
  title        = {SWaT: a water treatment testbed for research and training on {ICS}
                  security},
  booktitle    = {2016 International Workshop on Cyber-physical Systems for Smart Water
                  Networks, CySWater@CPSWeek 2016, Vienna, Austria, April 11, 2016},
  pages        = {31--36},
  publisher    = {{IEEE} Computer Society},
  year         = {2016},
  url          = {https://doi.org/10.1109/CySWater.2016.7469060},
  doi          = {10.1109/CYSWATER.2016.7469060},
  timestamp    = {Thu, 23 Mar 2023 23:57:50 +0100},
  biburl       = {https://dblp.org/rec/conf/cpsweek/MathurT16.bib},
  bibsource    = {dblp computer science bibliography, https://dblp.org}
}

%PSMA
@inproceedings{Abdulaal21,
  author       = {Ahmed Abdulaal and
                  Zhuanghua Liu and
                  Tomer Lancewicki},
  editor       = {Feida Zhu and
                  Beng Chin Ooi and
                  Chunyan Miao},
  title        = {Practical Approach to Asynchronous Multivariate Time Series Anomaly
                  Detection and Localization},
  booktitle    = {{KDD} '21: The 27th {ACM} {SIGKDD} Conference on Knowledge Discovery
                  and Data Mining, Virtual Event, Singapore, August 14-18, 2021},
  pages        = {2485--2494},
  publisher    = {{ACM}},
  year         = {2021},
  url          = {https://doi.org/10.1145/3447548.3467174},
  doi          = {10.1145/3447548.3467174},
  timestamp    = {Mon, 16 Aug 2021 16:18:50 +0200},
  biburl       = {https://dblp.org/rec/conf/kdd/AbdulaalLL21.bib},
  bibsource    = {dblp computer science bibliography, https://dblp.org}
}

%%%%%%%%%%%LLM empowered Model
Time-LLM
@inproceedings{Jin2024,
  author       = {Ming Jin and
                  Shiyu Wang and
                  Lintao Ma and
                  Zhixuan Chu and
                  James Y. Zhang and
                  Xiaoming Shi and
                  Pin{-}Yu Chen and
                  Yuxuan Liang and
                  Yuan{-}Fang Li and
                  Shirui Pan and
                  Qingsong Wen},
  title        = {Time-LLM: Time Series Forecasting by Reprogramming Large Language
                  Models},
  booktitle    = {The Twelfth International Conference on Learning Representations,
                  {ICLR} 2024, Vienna, Austria, May 7-11, 2024},
  publisher    = {OpenReview.net},
  year         = {2024},
  url          = {https://openreview.net/forum?id=Unb5CVPtae},
  timestamp    = {Thu, 08 Aug 2024 07:48:10 +0200},
  biburl       = {https://dblp.org/rec/conf/iclr/0005WMCZSCLLPW24.bib},
  bibsource    = {dblp computer science bibliography, https://dblp.org}
}

LLM4TS
@inproceedings{Chang2024,
  title={Align and Fine-Tune: Enhancing LLMs for Time-Series Forecasting},
  author={Chang, Ching and Wang, Wei-Yao and Peng, Wen-Chih and Chen, Tien-Fu and Samtani, Sagar},
  booktitle={NeurIPS Workshop on Time Series in the Age of Large Models},
  year = {2024}
}

%OneFitsAll - GPT4TS
@inproceedings{Zhou23,
  author       = {Tian Zhou and
                  Peisong Niu and
                  Xue Wang and
                  Liang Sun and
                  Rong Jin},
  editor       = {Alice Oh and
                  Tristan Naumann and
                  Amir Globerson and
                  Kate Saenko and
                  Moritz Hardt and
                  Sergey Levine},
  title        = {One Fits All: Power General Time Series Analysis by Pretrained {LM}},
  booktitle    = {Advances in Neural Information Processing Systems 36: Annual Conference
                  on Neural Information Processing Systems 2023, NeurIPS 2023, New Orleans,
                  LA, USA, December 10 - 16, 2023},
  year         = {2023},
  url          = {http://papers.nips.cc/paper\_files/paper/2023/hash/86c17de05579cde52025f9984e6e2ebb-Abstract-Conference.html},
  timestamp    = {Wed, 04 Dec 2024 16:44:21 +0100},
  biburl       = {https://dblp.org/rec/conf/nips/ZhouNW0023.bib},
  bibsource    = {dblp computer science bibliography, https://dblp.org}
}

UniTime
@inproceedings{Liu2024,
  author       = {Xu Liu and
                  Junfeng Hu and
                  Yuan Li and
                  Shizhe Diao and
                  Yuxuan Liang and
                  Bryan Hooi and
                  Roger Zimmermann},
  editor       = {Tat{-}Seng Chua and
                  Chong{-}Wah Ngo and
                  Ravi Kumar and
                  Hady W. Lauw and
                  Roy Ka{-}Wei Lee},
  title        = {UniTime: {A} Language-Empowered Unified Model for Cross-Domain Time
                  Series Forecasting},
  booktitle    = {Proceedings of the {ACM} on Web Conference 2024, {WWW} 2024, Singapore,
                  May 13-17, 2024},
  pages        = {4095--4106},
  publisher    = {{ACM}},
  year         = {2024},
  url          = {https://doi.org/10.1145/3589334.3645434},
  doi          = {10.1145/3589334.3645434},
  timestamp    = {Sun, 19 Jan 2025 13:10:07 +0100},
  biburl       = {https://dblp.org/rec/conf/www/LiuHLDLHZ24.bib},
  bibsource    = {dblp computer science bibliography, https://dblp.org}
}


%%%%TEMPO
@inproceedings{Cao2024,
  author       = {Defu Cao and
                  Furong Jia and
                  Sercan {\"{O}}. Arik and
                  Tomas Pfister and
                  Yixiang Zheng and
                  Wen Ye and
                  Yan Liu},
  title        = {{TEMPO:} Prompt-based Generative Pre-trained Transformer for Time
                  Series Forecasting},
  booktitle    = {The Twelfth International Conference on Learning Representations,
                  {ICLR} 2024, Vienna, Austria, May 7-11, 2024},
  publisher    = {OpenReview.net},
  year         = {2024},
  url          = {https://openreview.net/forum?id=YH5w12OUuU},
  timestamp    = {Wed, 07 Aug 2024 17:11:53 +0200},
  biburl       = {https://dblp.org/rec/conf/iclr/CaoJAPZY024.bib},
  bibsource    = {dblp computer science bibliography, https://dblp.org}
}

%Pytorch
@inproceedings{Paszke19,
  author       = {Adam Paszke and
                  Sam Gross and
                  Francisco Massa and
                  Adam Lerer and
                  James Bradbury and
                  Gregory Chanan and
                  Trevor Killeen and
                  Zeming Lin and
                  Natalia Gimelshein and
                  Luca Antiga and
                  Alban Desmaison and
                  Andreas K{\"{o}}pf and
                  Edward Z. Yang and
                  Zachary DeVito and
                  Martin Raison and
                  Alykhan Tejani and
                  Sasank Chilamkurthy and
                  Benoit Steiner and
                  Lu Fang and
                  Junjie Bai and
                  Soumith Chintala},
  editor       = {Hanna M. Wallach and
                  Hugo Larochelle and
                  Alina Beygelzimer and
                  Florence d'Alch{\'{e}}{-}Buc and
                  Emily B. Fox and
                  Roman Garnett},
  title        = {PyTorch: An Imperative Style, High-Performance Deep Learning Library},
  booktitle    = {Advances in Neural Information Processing Systems 32: Annual Conference
                  on Neural Information Processing Systems 2019, NeurIPS 2019, December
                  8-14, 2019, Vancouver, BC, Canada},
  pages        = {8024--8035},
  year         = {2019},
  url          = {https://proceedings.neurips.cc/paper/2019/hash/bdbca288fee7f92f2bfa9f7012727740-Abstract.html},
  timestamp    = {Mon, 16 May 2022 15:41:51 +0200},
  biburl       = {https://dblp.org/rec/conf/nips/PaszkeGMLBCKLGA19.bib},
  bibsource    = {dblp computer science bibliography, https://dblp.org}
}

%anomaly detection-Unsupervised Anomaly Detection via Variational Auto-Encoder for Seasonal KPIs in Web Applications
@inproceedings{Xu18,
  author       = {Haowen Xu and
                  Wenxiao Chen and
                  Nengwen Zhao and
                  Zeyan Li and
                  Jiahao Bu and
                  Zhihan Li and
                  Ying Liu and
                  Youjian Zhao and
                  Dan Pei and
                  Yang Feng and
                  Jie Chen and
                  Zhaogang Wang and
                  Honglin Qiao},
  editor       = {Pierre{-}Antoine Champin and
                  Fabien Gandon and
                  Mounia Lalmas and
                  Panagiotis G. Ipeirotis},
  title        = {Unsupervised Anomaly Detection via Variational Auto-Encoder for Seasonal
                  KPIs in Web Applications},
  booktitle    = {Proceedings of the 2018 World Wide Web Conference on World Wide Web,
                  {WWW} 2018, Lyon, France, April 23-27, 2018},
  pages        = {187--196},
  publisher    = {{ACM}},
  year         = {2018},
  url          = {https://doi.org/10.1145/3178876.3185996},
  doi          = {10.1145/3178876.3185996},
  timestamp    = {Sun, 19 Jan 2025 13:10:34 +0100},
  biburl       = {https://dblp.org/rec/conf/www/XuCZLBLLZPFCWQ18.bib},
  bibsource    = {dblp computer science bibliography, https://dblp.org}
}


%anomaly detection
@inproceedings{Shen20,
  author       = {Lifeng Shen and
                  Zhuocong Li and
                  James T. Kwok},
  editor       = {Hugo Larochelle and
                  Marc'Aurelio Ranzato and
                  Raia Hadsell and
                  Maria{-}Florina Balcan and
                  Hsuan{-}Tien Lin},
  title        = {Timeseries Anomaly Detection using Temporal Hierarchical One-Class
                  Network},
  booktitle    = {Advances in Neural Information Processing Systems 33: Annual Conference
                  on Neural Information Processing Systems 2020, NeurIPS 2020, December
                  6-12, 2020, virtual},
  year         = {2020},
  url          = {https://proceedings.neurips.cc/paper/2020/hash/97e401a02082021fd24957f852e0e475-Abstract.html},
  timestamp    = {Sat, 05 Jun 2021 15:39:56 +0200},
  biburl       = {https://dblp.org/rec/conf/nips/ShenLK20.bib},
  bibsource    = {dblp computer science bibliography, https://dblp.org}
}

%%%%%%%%%%%%%%%%
%examples:
%%%%%%%%%%%%%%%%
@inproceedings{langley00,
 author    = {P. Langley},
 title     = {Crafting Papers on Machine Learning},
 year      = {2000},
 pages     = {1207--1216},
 editor    = {Pat Langley},
 booktitle     = {Proceedings of the 17th International Conference
              on Machine Learning (ICML 2000)},
 address   = {Stanford, CA},
 publisher = {Morgan Kaufmann}
}

@TechReport{mitchell80,
  author = 	 "T. M. Mitchell",
  title = 	 "The Need for Biases in Learning Generalizations",
  institution =  "Computer Science Department, Rutgers University",
  year = 	 "1980",
  address =	 "New Brunswick, MA",
}

@phdthesis{kearns89,
  author = {M. J. Kearns},
  title =  {Computational Complexity of Machine Learning},
  school = {Department of Computer Science, Harvard University},
  year =   {1989}
}

@Book{MachineLearningI,
  editor = 	 "R. S. Michalski and J. G. Carbonell and T.
		  M. Mitchell",
  title = 	 "Machine Learning: An Artificial Intelligence
		  Approach, Vol. I",
  publisher = 	 "Tioga",
  year = 	 "1983",
  address =	 "Palo Alto, CA"
}

@Book{DudaHart2nd,
  author =       "R. O. Duda and P. E. Hart and D. G. Stork",
  title =        "Pattern Classification",
  publisher =    "John Wiley and Sons",
  edition =      "2nd",
  year =         "2000"
}

@misc{anonymous,
  title= {Suppressed for Anonymity},
  author= {Author, N. N.},
  year= {2021}
}

@InCollection{Newell81,
  author =       "A. Newell and P. S. Rosenbloom",
  title =        "Mechanisms of Skill Acquisition and the Law of
                  Practice", 
  booktitle =    "Cognitive Skills and Their Acquisition",
  pages =        "1--51",
  publisher =    "Lawrence Erlbaum Associates, Inc.",
  year =         "1981",
  editor =       "J. R. Anderson",
  chapter =      "1",
  address =      "Hillsdale, NJ"
}


@Article{Samuel59,
  author = 	 "A. L. Samuel",
  title = 	 "Some Studies in Machine Learning Using the Game of
		  Checkers",
  journal =	 "IBM Journal of Research and Development",
  year =	 "1959",
  volume =	 "3",
  number =	 "3",
  pages =	 "211--229"
}

@inproceedings{Tan2024,
  title={Are language models actually useful for time series forecasting?},
  author={Tan, Mingtian and Merrill, Mike A and Gupta, Vinayak and Althoff, Tim and Hartvigsen, Thomas},
  booktitle={The Thirty-eighth Annual Conference on Neural Information Processing Systems},
  year={2024}
}