@inproceedings{Barenboim22ijcai,
  author =	 {M. Barenboim and V. Indelman},
  booktitle =	 {the 31st International Joint Conference on
                  Artificial Intelligence and the 25th European
                  Conference on Artificial Intelligence (IJCAI-ECAI)},
  location =	 {Vienna, Austria},
  month =	 {July},
  title =	 {Adaptive Information Belief Space Planning},
  year =	 2022
}

@inproceedings{Fischer20icml,
  address =	 {Vienna, Austria},
  author =	 {Johannes Fischer and Omer Sahin Tas},
  booktitle =	 ICML,
  title =	 {Information Particle Filter Tree: An Online
                  Algorithm for POMDPs with Belief-Based Rewards on
                  Continuous Domains},
  year =	 2020
}

@article{Flaspohler19ral,
  author =	 {Flaspohler, Genevieve and Preston, Victoria and
                  Michel, Anna PM and Girdhar, Yogesh and Roy,
                  Nicholas},
  journal =	 RAL,
  number =	 4,
  pages =	 {3782--3789},
  publisher =	 {IEEE},
  title =	 {Information-guided robotic maximum seek-and-sample
                  in partially observable continuous environments},
  volume =	 4,
  year =	 2019
}

@inproceedings{Garg19rss,
  author =	 {Garg, Neha P and Hsu, David and Lee, Wee Sun},
  booktitle =	 RSS,
  title =	 {DESPOT-$\alpha$: Online POMDP Planning With Large
                  State And Observation Spaces},
  year =	 2019
}

@inproceedings{Hoerger21icra,
  author =	 {Hoerger, Marcus and Kurniawati, Hanna},
  booktitle =	 ICRA,
  organization = {IEEE},
  pages =	 {7643--7649},
  title =	 {An On-Line POMDP Solver for Continuous Observation
                  Spaces},
  year =	 2021
}

@inproceedings{Kocsis06ecml,
  author =	 {Kocsis, Levente and Szepesv{\'a}ri, Csaba},
  booktitle =	 {European conference on machine learning},
  organization = {Springer},
  pages =	 {282--293},
  title =	 {Bandit based monte-carlo planning},
  year =	 2006
}

@inproceedings{Silver10nips,
  author =	 {Silver, David and Veness, Joel},
  booktitle =	 NIPS,
  pages =	 {2164--2172},
  title =	 {Monte-Carlo planning in large POMDPs},
  year =	 2010
}

@inproceedings{Somani13nips,
  author =	 {Somani, Adhiraj and Ye, Nan and Hsu, David and Lee,
                  Wee Sun},
  booktitle =	 NIPS,
  pages =	 {1772--1780},
  title =	 {DESPOT: Online POMDP Planning with Regularization.},
  volume =	 13,
  year =	 2013
}

@inproceedings{Sunberg18icaps,
  author =	 {Sunberg, Zachary and Kochenderfer, Mykel},
  booktitle =	 {Proceedings of the International Conference on
                  Automated Planning and Scheduling},
  number =	 1,
  title =	 {Online algorithms for POMDPs with continuous state,
                  action, and observation spaces},
  volume =	 28,
  year =	 2018
}

@article{Thomas21arxiv,
  author =	 {Thomas, Vincent and Hutin, Geremy and Buffet,
                  Olivier},
  journal =	 {arXiv preprint arXiv:2103.11345},
  title =	 {Monte Carlo Information-Oriented Planning},
  year =	 2021
}

@book{Thrun05book,
  author =	 {S. Thrun and W. Burgard and D. Fox},
  fullauthor =	 {Sebastian Thrun, Wolfram Burgard and Dieter Fox},
  publisher =	 MIT,
  title =	 {Probabilistic Robotics},
  year =	 2005
}

@article{Wu21nips,
  title =	 {Adaptive online packing-guided search for POMDPs},
  author =	 {Wu, Chenyang and Yang, Guoyu and Zhang, Zongzhang
                  and Yu, Yang and Li, Dong and Liu, Wulong and Hao,
                  Jianye},
  journal =	 {Advances in Neural Information Processing Systems},
  volume =	 34,
  pages =	 {28419--28430},
  year =	 2021
}

@article{Ye17jair,
  author =	 {Ye, Nan and Somani, Adhiraj and Hsu, David and Lee,
                  Wee Sun},
  journal =	 JAIR,
  pages =	 {231--266},
  title =	 {DESPOT: Online POMDP planning with regularization},
  volume =	 58,
  year =	 2017
}

@article{Zhitnikov24ijrr,
  title =	 {No Compromise in Solution Quality: Speeding Up
                  Belief-dependent Continuous POMDPs via Adaptive
                  Multilevel Simplification},
  author =	 {Zhitnikov, Andrey and Sztyglic, Ori and Indelman,
                  Vadim},
  journal =	IJRR,
  year =	 2024
}

@article{do2023information,
  title={Information-guided planning: an online approach for partially observable problems},
  author={do Carmo Alves, Matheus Aparecido and Varma, Amokh and Elkhatib, Yehia and Soriano Marcolino, Leandro},
  journal={Advances in Neural Information Processing Systems},
  volume={36},
  pages={69157--69177},
  year={2023}
}

