@string{_3dim = {Intl. Conf. on 3D Digital Imaging and Modeling}}
@string{aaai = {AAAI Conf. on Artificial Intelligence}}
@string{aamas = {Intl. Conf. on Autonomous Agents and Multiagent Systems (AAMAS)}}
@string{ac = {IEEE Aerospace Conference}}
@string{acc = {American Control Conference}}
@string{accv = {Asian Conf. on Computer Vision (ACCV)}}
@string{acra = {Australasian Conf. on Robotics and Automation (ACRA)}}
@string{addison = {Addison-Wesley Publishing}}
@string{aes = {{IEEE} Trans. Aerosp. Electron. Syst.}}
@string{ai = {Artificial Intelligence}}
@string{aicv94 = {Application of Invariance in Computer Vision}}
@string{aim = {IEEE/ASME Intl. Conf. on Advanced Intelligent Mechatronics (AIM)}}
@string{aips = {Intl. Conf. on Artificial Intelligence Planning Systems}}
@string{ap = {Academic Press}}
@string{ar = {Autonomous Robots}}
@string{as = {{IEEE} Trans. Aerosp.}}
@string{assp = {{IEEE} Trans. Acoust., Speech, Signal Processing}}
@string{bmvc = {British Machine Vision Conf. (BMVC)}}
@string{cdc = {IEEE Conference on Decision and Control}}
@string{chap = {Chapman and Hall}}
@string{cira = {IEEE Intl. Symp. on Computational Intelligence in Robotics and Automation (CIRA)}}
@string{coc = {College of Computing, Georgia Institute of Technology}}
@string{comp = {{IEEE} Trans. Computers}}
@string{corl = {Conference on Robot Learning}}
@string{csm = {IEEE Control Systems Magazine}}
@string{cve = {ACM Intl. Conf. on Collaborative Virtual Environments (CVE)}}
@string{cviu = {Computer Vision and Image Understanding}}
@string{cvpr = {IEEE Conf. on Computer Vision and Pattern Recognition (CVPR)}}
@string{ecai = {Eur. Conf. on AI (ECAI)}}
@string{ecc = {European Control Conference}}
@string{eccv = {European Conf. on Computer Vision (ECCV)}}
@string{ecml = {European Conference on Machine Learning (ECML)}}
@string{epb = {Environment and Planning B: Planning and Design}}
@string{fg = {Intl. Conf. on Automatic Face and Gesture Recognition}}
@string{focs = {Symp. on Foundations of Computer Science}}
@string{fsr = {Field and Service Robotics (FSR)}}
@string{fusion = {Intl. Conf. on Information Fusion, FUSION}}
@string{gecco = {Conf. on Genetic and Evolutionary Computation (GECCO)}}
@string{gmip = {CVGIP:Graphical Models and Image Processing}}
@string{gnc = {AIAA Guidance, Navigation, and Control Conference}}
@string{iapr = {Intl. Conf. on Image Processing A}}
@string{icann = {Intl. Conf. on Artificial Neural Networks}}
@string{icaps = {International Conference on Automated Planning and Scheduling (ICAPS)}}
@string{icassp = {Intl. Conf. Acoust., Speech, and Signal Proc. (ICASSP)}}
@string{iccv = {Intl. Conf. on Computer Vision (ICCV)}}
@string{icfp = {Intl. Conf. on Functional Programming (ICFP)}}
@string{icip = {Intl. Conf. on Image Processing (ICIP)}}
@string{icme = {IEEE Intl. Conf. on Multimedia and Expo(ICME)}}
@string{icml = {Intl. Conf. on Machine Learning (ICML)}}
@string{icpr = {Intl. Conf. on Pattern Recognition (ICPR)}}
@string{icra = {IEEE Intl. Conf. on Robotics and Automation (ICRA)}}
@string{ictai = {Intl. Conf. on Tools with Artificial Intelligence (ICTAI)}}
@string{icuas = {International Conference on Unmanned Aircraft Systems (ICUAS)}}
@string{ieeepress = {IEEE Computer Society Press}}
@string{ijcai = {Intl. Joint Conf. on AI (IJCAI)}}
@string{ijcv = {Intl. J. of Computer Vision}}
@string{ijrr = {Intl. J. of Robotics Research}}
@string{ip = {{IEEE} Trans. Image Processing}}
@string{ipsn = {Intl. Sym. on Information Processing in Sensor Networks (IPSN)}}
@string{iros = {IEEE/RSJ Intl. Conf. on Intelligent Robots and Systems (IROS)}}
@string{isar = {IEEE and ACM Intl. Sym. on Augmented Reality (ISAR)}}
@string{iser = {Intl. Sym. on Experimental Robotics (ISER)}}
@string{ismar = {IEEE and ACM Intl. Sym. on Mixed and Augmented Reality (ISMAR)}}
@string{ismr = {Intl. Sym. on Mixed Reality (ISMR)}}
@string{isrr = {Proc. of the Intl. Symp. of Robotics Research (ISRR)}}
@string{iswc = {IEEE Intl. Sym. on Wearable Computers (ISWC)}}
@string{it = {{IEEE} Trans. Inform. Theory}}
@string{itac = {{IEEE} Trans. Automat. Contr.}}
@string{iuw = {DARPA Image Understanding Workshop (IUW)}}
@string{iv = {IEEE Intelligent Vehicles Symposium (IV)}}
@string{ivc = {Image and Vision Computing}}
@string{ivis = {IEEE Visualization}}
@string{jair = {J. of Artificial Intelligence Research}}
@string{jasa = {J. of the American Statistical Association}}
@string{jcst = {Journal of Computer Science and Technology}}
@string{jeplmc = {J. of Experimental Psychology: Learning,Memory, \& Cognition}}
@string{jfr = {J. of Field Robotics}}
@string{jif = {Information Fusion}}
@string{jirs = {J. of Intelligent and Robotic Systems}}
@string{jmlr = {J. of Machine Learning Research}}
@string{josaa = {J. of the Optical Society of America A}}
@string{jpdc = {J. of Parallel and Distributed Computing}}
@string{jvcir = {J. of Visual Communication and Image Representation}}
@string{kdd = {Intl. Conf. Knowledge Discovery and Data Mining (KDD)}}
@string{kluwer = {Kluwer}}
@string{med = {Mediterranean Conference on Control and Automation}}
@string{mit = {The MIT press, Cambridge, MA}}
@string{ml = {Machine learning}}
@string{msc = {Multiconference on Systems and Control}}
@string{nips = {Advances in Neural Information Processing Systems (NeurIPS)}}
@string{pami = {{IEEE} Trans. Pattern Anal. Machine Intell.}}
@string{plans = {IEEE/ION Position Location and Navigation System (PLANS) Conference}}
@string{pr = {Pattern Recognition}}
@string{prl = {Pattern Recognition Letters}}
@string{pvt = {3D Data Processing Visualization and Transmission (3DPVT)}}
@string{ral = {{IEEE} Robotics and Automation Letters (RA-L)}}
@string{ras = {Robotics and Autonomous Systems}}
@string{royalp = {Proceedings of Royal Society of London}}
@string{rss = {Robotics: Science and Systems (RSS)}}
@string{rvs95 = {Representation of Visual Scenes}}
@string{scl = {Systems \& Control Letters}}
@string{siggraph = {SIGGRAPH}}
@string{sigir = {ACM Special Interest Group on Information Retrieval}}
@string{smc = {{IEEE} Trans. Syst., Man, Cybern.}}
@string{sp = {{IEEE} Trans. Signal Processing}}
@string{spie = {Intl. Soc. Opt. Eng. (SPIE)}}
@string{springer = {Springer Verlag}}
@string{ssrr = {IEEE Intl. Conf. on Safety, Security and Rescue Robotics (SSRR)}}
@string{stoc = {ACM Symp. on Theory of Computing (STOC)}}
@string{tac = {IEEE Transactions on Automatic Control}}
@string{tcs = {Theoretical Computer Science}}
@string{tra = {{IEEE} Trans. Robot. Automat.}}
@string{tro = {{IEEE} Trans. Robotics}}
@string{tsmca = {IEEE Transactions on Systems, Man, and Cybernetics, Part A}}
@string{uai = {Conf. on Uncertainty in Artificial Intelligence (UAI)}}
@string{wacv = {IEEE Workshop on Applications of Computer Vision (WACV)}}
@string{wafr = {Intl. Workshop on the Algorithmic Foundations of Robotics (WAFR)}}
@string{wiley = {John Wiley \& Sons, New York, NY}}


@inproceedings{Sunberg18icaps,
  author =	 {Sunberg, Zachary and Kochenderfer, Mykel},
  booktitle =	 {Proceedings of the International Conference on
                  Automated Planning and Scheduling},
  number =	 1,
  title =	 {Online algorithms for POMDPs with continuous state,
                  action, and observation spaces},
  volume =	 28,
  year =	 2018
}

@article{Thomas21arxiv,
  author =	 {Thomas, Vincent and Hutin, Geremy and Buffet,
                  Olivier},
  journal =	 {arXiv preprint arXiv:2103.11345},
  title =	 {Monte Carlo Information-Oriented Planning},
  year =	 2021
}

@inproceedings{Fischer20icml,
  address =	 {Vienna, Austria},
  author =	 {Johannes Fischer and Omer Sahin Tas},
  booktitle =	 ICML,
  title =	 {Information Particle Filter Tree: An Online
                  Algorithm for POMDPs with Belief-Based Rewards on
                  Continuous Domains},
  year =	 2020
}

@inproceedings{Silver10nips,
  author =	 {Silver, David and Veness, Joel},
  booktitle =	 NIPS,
  pages =	 {2164--2172},
  title =	 {Monte-Carlo planning in large POMDPs},
  year =	 2010
}

@article{Zhitnikov24ijrr,
  title =	 {No Compromise in Solution Quality: Speeding Up
                  Belief-dependent Continuous POMDPs via Adaptive
                  Multilevel Simplification},
  author =	 {Zhitnikov, Andrey and Sztyglic, Ori and Indelman,
                  Vadim},
  journal =	IJRR,
  year =	 2024
}

@inproceedings{Auger13Sp,
  title =	 {Continuous upper confidence trees with polynomial
                  exploration--consistency},
  author =	 {Auger, David and Couetoux, Adrien and Teytaud,
                  Olivier},
  booktitle =	 {Machine Learning and Knowledge Discovery in
                  Databases: European Conference, ECML PKDD 2013,
                  Prague, Czech Republic, September 23-27, 2013,
                  Proceedings, Part I 13},
  pages =	 {194--209},
  year =	 2013,
  organization = {Springer}
}

@inproceedings{Boers10fusion,
  author =	 {Y. {Boers} and H. {Driessen} and A. {Bagchi} and
                  P. {Mandal}},
  booktitle =	 {2010 13th International Conference on Information
                  Fusion},
  doi =		 {10.1109/ICIF.2010.5712013},
  pages =	 {1-8},
  title =	 {Particle filter based entropy},
  year =	 2010,
  bdsk-url-1 =	 {https://doi.org/10.1109/ICIF.2010.5712013}
}

@article{IKDE2020,
author = {He, Yulin and Jiang, Jie and Dai, Dexin and Fabrice, Klohoun},
year = {2020},
month = {02},
pages = {1-17},
title = {An Incremental Kernel Density Estimator for Data Stream Computation},
volume = {2020},
journal = {Complexity},
doi = {10.1155/2020/1803525}
}

@inproceedings{Kocsis06ecml,
  author =	 {Kocsis, Levente and Szepesv{\'a}ri, Csaba},
  booktitle =	 {European conference on machine learning},
  organization = {Springer},
  pages =	 {282--293},
  title =	 {Bandit based monte-carlo planning},
  year =	 2006
}

@inproceedings{Barenboim22ijcai,
  author =	 {M. Barenboim and V. Indelman},
  booktitle =	 {the 31st International Joint Conference on
                  Artificial Intelligence and the 25th European
                  Conference on Artificial Intelligence (IJCAI-ECAI)},
  location =	 {Vienna, Austria},
  month =	 {July},
  title =	 {Adaptive Information Belief Space Planning},
  year =	 2022
}

@book{Thrun05book,
  author =	 {S. Thrun and W. Burgard and D. Fox},
  fullauthor =	 {Sebastian Thrun, Wolfram Burgard and Dieter Fox},
  publisher =	 MIT,
  title =	 {Probabilistic Robotics},
  year =	 2005
}

@article{Papadimitriou87math,
  author =	 {C. Papadimitriou and J. Tsitsiklis},
  journal =	 {Mathematics of operations research},
  number =	 3,
  pages =	 {441--450},
  title =	 {The complexity of {Markov} decision processes},
  volume =	 12,
  year =	 1987
}

@inproceedings{Burgard97ijcai,
  author =	 {Burgard, Wolfram and Fox, Dieter and Thrun,
                  Sebastian},
  booktitle =	 IJCAI,
  organization = {Citeseer},
  pages =	 {1346--1352},
  title =	 {Active mobile robot localization},
  year =	 1997
}

@inproceedings{Araya10nips,
  author =	 {Araya, Mauricio and Buffet, Olivier and Thomas,
                  Vincent and Charpillet, Fran{\c{c}}cois},
  booktitle =	 NIPS,
  pages =	 {64--72},
  title =	 {A POMDP extension with belief-dependent rewards},
  year =	 2010
}

@article{Spaan2015aamas,
  author =	 {Spaan, Matthijs TJ and Veiga, Tiago S and Lima,
                  Pedro U},
  journal =	 {Autonomous Agents and Multi-Agent Systems},
  number =	 6,
  pages =	 {1157--1185},
  publisher =	 {Springer},
  title =	 {Decision-theoretic planning under uncertainty with
                  information rewards for active cooperative
                  perception},
  volume =	 29,
  year =	 2015
}

@inproceedings{Platt10rss,
  address =	 {Zaragoza, Spain},
  author =	 {R. Platt and R. Tedrake and L.P. Kaelbling and
                  T. Lozano-P\'erez},
  booktitle =	 RSS,
  pages =	 {587-593},
  title =	 {Belief space planning assuming maximum likelihood
                  observations},
  year =	 2010
}

@article{VanDenBerg12ijrr,
  author =	 {Van Den Berg, J. and Patil, S. and Alterovitz, R.},
  journal =	 IJRR,
  number =	 11,
  pages =	 {1263--1278},
  title =	 {Motion planning under uncertainty using iterative
                  local optimization in belief space},
  volume =	 31,
  year =	 2012
}

@article{Indelman15ijrr,
  author =	 {V. Indelman and L. Carlone and F. Dellaert},
  journal =	 IJRR,
  number =	 7,
  pages =	 {849-882},
  title =	 {Planning in the Continuous Domain: a Generalized
                  Belief Space Approach for Autonomous Navigation in
                  Unknown Environments},
  volume =	 34,
  year =	 2015
}

@inproceedings{Miller03icassp,
  author =	 {Miller, Erik G},
  booktitle =	 {2003 IEEE International Conference on Acoustics,
                  Speech, and Signal Processing,
                  2003. Proceedings.(ICASSP'03).},
  organization = {IEEE},
  pages =	 {III--297},
  title =	 {A new class of entropy estimators for
                  multi-dimensional densities},
  volume =	 3,
  year =	 2003
}


@inproceedings{Somani13nips,
  author =	 {Somani, Adhiraj and Ye, Nan and Hsu, David and Lee,
                  Wee Sun},
  booktitle =	 NIPS,
  pages =	 {1772--1780},
  title =	 {DESPOT: Online POMDP Planning with Regularization.},
  volume =	 13,
  year =	 2013
}

@article{Ye17jair,
  author =	 {Ye, Nan and Somani, Adhiraj and Hsu, David and Lee,
                  Wee Sun},
  journal =	 JAIR,
  pages =	 {231--266},
  title =	 {DESPOT: Online POMDP planning with regularization},
  volume =	 58,
  year =	 2017
}

@inproceedings{Garg19rss,
  author =	 {Garg, Neha P and Hsu, David and Lee, Wee Sun},
  booktitle =	 RSS,
  title =	 {DESPOT-$\alpha$: Online POMDP Planning With Large
                  State And Observation Spaces},
  year =	 2019
}

@inproceedings{Hoerger21icra,
  author =	 {Hoerger, Marcus and Kurniawati, Hanna},
  booktitle =	 ICRA,
  organization = {IEEE},
  pages =	 {7643--7649},
  title =	 {An On-Line POMDP Solver for Continuous Observation
                  Spaces},
  year =	 2021
}

@article{Wu21nips,
  title =	 {Adaptive online packing-guided search for POMDPs},
  author =	 {Wu, Chenyang and Yang, Guoyu and Zhang, Zongzhang
                  and Yu, Yang and Li, Dong and Liu, Wulong and Hao,
                  Jianye},
  journal =	 {Advances in Neural Information Processing Systems},
  volume =	 34,
  pages =	 {28419--28430},
  year =	 2021
}

@article{Flaspohler19ral,
  author =	 {Flaspohler, Genevieve and Preston, Victoria and
                  Michel, Anna PM and Girdhar, Yogesh and Roy,
                  Nicholas},
  journal =	 RAL,
  number =	 4,
  pages =	 {3782--3789},
  publisher =	 {IEEE},
  title =	 {Information-guided robotic maximum seek-and-sample
                  in partially observable continuous environments},
  volume =	 4,
  year =	 2019
}


@article{do2023information,
  title={Information-guided planning: an online approach for partially observable problems},
  author={do Carmo Alves, Matheus Aparecido and Varma, Amokh and Elkhatib, Yehia and Soriano Marcolino, Leandro},
  journal={Advances in Neural Information Processing Systems},
  volume={36},
  pages={69157--69177},
  year={2023}
}

@article{egorov2017pomdps,
  title =	 {POMDPs. jl: A framework for sequential decision
                  making under uncertainty},
  author =	 {Egorov, Maxim and Sunberg, Zachary N and Balaban,
                  Edward and Wheeler, Tim A and Gupta, Jayesh K and
                  Kochenderfer, Mykel J},
  journal =	 {The Journal of Machine Learning Research},
  volume =	 18,
  number =	 1,
  pages =	 {831--835},
  year =	 2017,
  publisher =	 {JMLR. org}
}

@article{Lim23jair,
  title =	 {Optimality guarantees for particle belief
                  approximation of POMDPs},
  author =	 {Lim, Michael H and Becker, Tyler J and Kochenderfer,
                  Mykel J and Tomlin, Claire J and Sunberg, Zachary N},
  journal =	 {Journal of Artificial Intelligence Research},
  volume =	 77,
  pages =	 {1591--1636},
  year =	 2023
}