@article{ji-etal-2023-survey,
author = {Ji, Ziwei and Lee, Nayeon and Frieske, Rita and Yu, Tiezheng and Su, Dan and Xu, Yan and Ishii, Etsuko and Bang, Ye Jin and Madotto, Andrea and Fung, Pascale},
title = {Survey of Hallucination in Natural Language Generation},
year = {2023},
issue_date = {December 2023},
publisher = {Association for Computing Machinery},
address = {New York, NY, USA},
volume = {55},
number = {12},
issn = {0360-0300},
url = {https://doi.org/10.1145/3571730},
doi = {10.1145/3571730},
journal = {ACM Comput. Surv.},
month = mar,
articleno = {248},
numpages = {38}
}

@inproceedings{nandwani-etal-2023-pointwise,
    title = "Pointwise Mutual Information Based Metric and Decoding Strategy for Faithful Generation in Document Grounded Dialogs",
    author = "Nandwani, Yatin  and
      Kumar, Vineet  and
      Raghu, Dinesh  and
      Joshi, Sachindra  and
      Lastras, Luis",
    editor = "Bouamor, Houda  and
      Pino, Juan  and
      Bali, Kalika",
    booktitle = "Proceedings of the 2023 Conference on Empirical Methods in Natural Language Processing",
    month = dec,
    year = "2023",
    address = "Singapore",
    publisher = "Association for Computational Linguistics",
    url = "https://aclanthology.org/2023.emnlp-main.639/",
    doi = "10.18653/v1/2023.emnlp-main.639",
    pages = "10335--10347"
}

@misc{eval-harness,
  author       = {Gao, Leo and Tow, Jonathan and Abbasi, Baber and Biderman, Stella and Black, Sid and DiPofi, Anthony and Foster, Charles and Golding, Laurence and Hsu, Jeffrey and Le Noac'h, Alain and Li, Haonan and McDonell, Kyle and Muennighoff, Niklas and Ociepa, Chris and Phang, Jason and Reynolds, Laria and Schoelkopf, Hailey and Skowron, Aviya and Sutawika, Lintang and Tang, Eric and Thite, Anish and Wang, Ben and Wang, Kevin and Zou, Andy},
  title        = {A framework for few-shot language model evaluation},
  month        = 07,
  year         = 2024,
  publisher    = {Zenodo},
  version      = {v0.4.3},
  doi          = {10.5281/zenodo.12608602},
  url          = {https://zenodo.org/records/12608602}
}


@inproceedings{yoran2023making,
    author = {Ori Yoran and Tomer Wolfson and Ori Ram and Jonathan Berant},
    booktitle = {The Twelfth International Conference on Learning Representations},
    title = {Making Retrieval-Augmented Language Models Robust to Irrelevant Context},
    year = {2024}
}

@inproceedings{NEURIPS2020_1457c0d6,
    author = {Tom B. Brown and
Benjamin Mann and
Nick Ryder and
Melanie Subbiah and
Jared Kaplan and
Prafulla Dhariwal and
Arvind Neelakantan and
Pranav Shyam and
Girish Sastry and
Amanda Askell and
Sandhini Agarwal and
Ariel Herbert{-}Voss and
Gretchen Krueger and
Tom Henighan and
Rewon Child and
Aditya Ramesh and
Daniel M. Ziegler and
Jeffrey Wu and
Clemens Winter and
Christopher Hesse and
Mark Chen and
Eric Sigler and
Mateusz Litwin and
Scott Gray and
Benjamin Chess and
Jack Clark and
Christopher Berner and
Sam McCandlish and
Alec Radford and
Ilya Sutskever and
Dario Amodei},
    booktitle = {Advances in Neural Information Processing Systems 33: Annual Conference
on Neural Information Processing Systems 2020, NeurIPS 2020, December
6-12, 2020, virtual},
    title = {Language Models are Few-Shot Learners},
    year = {2020}
}

@book{Aho:72,
    author = {Alfred V. Aho and Jeffrey D. Ullman},
    title = {The Theory of Parsing, Translation and Compiling},
    year = {1972}
}

@book{APA:83,
    author = {{American Psychological Association}},
    title = {Publications Manual},
    year = {1983}
}

@article{Chandra:81,
    author = {Ashok K. Chandra and Dexter C. Kozen and Larry J. Stockmeyer},
    doi = {10.1145/322234.322243},
    journal = {Journal of the Association for Computing Machinery},
    number = {1},
    title = {Alternation},
    year = {1981}
}

@inproceedings{andrew2007scalable,
    author = {Andrew, Galen and Gao, Jianfeng},
    booktitle = {Proc. of ICML},
    title = {Scalable training of {L1}-regularized log-linear models},
    year = {2007}
}

@book{Gusfield:97,
    author = {Dan Gusfield},
    title = {Algorithms on Strings, Trees and Sequences},
    year = {1997}
}

@article{rasooli-tetrault-2015,
    author = {Mohammad Sadegh Rasooli and Joel R. Tetreault},
    journal = {ArXiv preprint},
    title = {Yara Parser: {A} Fast and Accurate Dependency Parser},
    year = {2015}
}

@article{Ando2005,
    acmid = {1194905},
    author = {Ando, Rie Kubota and Zhang, Tong},
    issn = {1532-4435},
    issue_date = {12/1/2005},
    journal = {Journal of Machine Learning Research},
    numpages = {37},
    title = {A Framework for Learning Predictive Structures from Multiple Tasks and Unlabeled Data},
    year = {2005}
}

@inproceedings{zhang2024raft,
    author = {Tianjun Zhang and Shishir G Patil and Naman Jain and Sheng Shen and Matei Zaharia and Ion Stoica and Joseph E. Gonzalez},
    booktitle = {First Conference on Language Modeling},
    title = {{RAFT}: Adapting Language Model to Domain Specific {RAG}},
    year = {2024}
}

@inproceedings{lin2023unlocking,
    author = {Lin, Bill Yuchen and Ravichander, Abhilasha and Lu, Ximing and Dziri, Nouha and Sclar, Melanie and Chandu, Khyathi and Bhagavatula, Chandra and Choi, Yejin},
    booktitle = {The Twelfth International Conference on Learning Representations},
    title = {The unlocking spell on base llms: Rethinking alignment via in-context learning},
    year = {2023}
}

@inproceedings{ghoshcloser,
    author = {Ghosh, Sreyan and Evuru, Chandra Kiran Reddy and Kumar, Sonal and Ramaneswaran, S and Aneja, Deepali and Jin, Zeyu and Duraiswami, Ramani and Manocha, Dinesh},
    booktitle = {Forty-first International Conference on Machine Learning},
    title = {A Closer Look at the Limitations of Instruction Tuning}
}

@inproceedings{zhang2024dissecting,
    author = {Zhang, Xiao and Wu, Ji},
    booktitle = {The Twelfth International Conference on Learning Representations},
    title = {Dissecting learning and forgetting in language model finetuning},
    year = {2024}
}

@inproceedings{jang2021towards,
    author = {Joel Jang and
Seonghyeon Ye and
Sohee Yang and
Joongbo Shin and
Janghoon Han and
Gyeonghun Kim and
Stanley Jungkyu Choi and
Minjoon Seo},
    booktitle = {Proc. of ICLR},
    timestamp = {Sat, 20 Aug 2022 01:00:00 +0200},
    title = {Towards Continual Knowledge Learning of Language Models},
    year = {2022}
}

@inproceedings{lewis2021retrievalaugmentedgenerationknowledgeintensivenlp,
    author = {Patrick S. H. Lewis and
Ethan Perez and
Aleksandra Piktus and
Fabio Petroni and
Vladimir Karpukhin and
Naman Goyal and
Heinrich K{\"{u}}ttler and
Mike Lewis and
Wen{-}tau Yih and
Tim Rockt{\"{a}}schel and
Sebastian Riedel and
Douwe Kiela},
    booktitle = {Advances in Neural Information Processing Systems 33: Annual Conference
on Neural Information Processing Systems 2020, NeurIPS 2020, December
6-12, 2020, virtual},
    editor = {Hugo Larochelle and
Marc'Aurelio Ranzato and
Raia Hadsell and
Maria{-}Florina Balcan and
Hsuan{-}Tien Lin},
    timestamp = {Tue, 19 Jan 2021 00:00:00 +0100},
    title = {Retrieval-Augmented Generation for Knowledge-Intensive {NLP} Tasks},
    year = {2020}
}

@inproceedings{ke2023continual,
    author = {Ke, Zixuan and Shao, Yijia and Lin, Haowei and Konishi, Tatsuya and Kim, Gyuhak and Liu, Bing},
    booktitle = {Proceedings of The Eleventh International Conference on Learning Representations},
    title = {Continual Pre-training of Language Models},
    year = {2023}
}

@article{zhang2024self,
    author = {Zhang, Xiaoying and Peng, Baolin and Tian, Ye and Zhou, Jingyan and Zhang, Yipeng and Mi, Haitao and Meng, Helen},
    journal = {ArXiv preprint},
    title = {Self-Tuning: Instructing LLMs to Effectively Acquire New Knowledge through Self-Teaching},
    year = {2024}
}

@misc{ovadia2024finetuningretrievalcomparingknowledge,
    author = {Oded Ovadia and Menachem Brief and Moshik Mishaeli and Oren Elisha},
    journal = {ArXiv preprint},
    title = {Fine-Tuning or Retrieval? Comparing Knowledge Injection in LLMs},
    year = {2023}
}

@article{mecklenburg2024injecting,
    author = {Mecklenburg, Nick and Lin, Yiyou and Li, Xiaoxiao and Holstein, Daniel and Nunes, Leonardo and Malvar, Sara and Silva, Bruno and Chandra, Ranveer and Aski, Vijay and Yannam, Pavan Kumar Reddy and others},
    journal = {ArXiv preprint},
    title = {Injecting New Knowledge into Large Language Models via Supervised Fine-Tuning},
    year = {2024}
}

@misc{setty2024improvingretrievalragbased,
    author = {Spurthi Setty and Harsh Thakkar and Alyssa Lee and Eden Chung and Natan Vidra},
    journal = {ArXiv preprint},
    title = {Improving Retrieval for RAG based Question Answering Models on Financial Documents},
    year = {2024}
}

@inproceedings{linra,
    author = {Lin, Xi Victoria and Chen, Xilun and Chen, Mingda and Shi, Weijia and Lomeli, Maria and James, Richard and Rodriguez, Pedro and Kahn, Jacob and Szilvasy, Gergely and Lewis, Mike and others},
    booktitle = {The Twelfth International Conference on Learning Representations},
    title = {RA-DIT: Retrieval-Augmented Dual Instruction Tuning}
}

@inproceedings{wanginstructretro,
    author = {Wang, Boxin and Ping, Wei and McAfee, Lawrence and Xu, Peng and Li, Bo and Shoeybi, Mohammad and Catanzaro, Bryan},
    booktitle = {Forty-first International Conference on Machine Learning},
    title = {InstructRetro: Instruction Tuning post Retrieval-Augmented Pretraining}
}

@inproceedings{liu2023evaluating,
    author = {Liu, Nelson F and Zhang, Tianyi and Liang, Percy},
    booktitle = {Findings of the Association for Computational Linguistics: EMNLP 2023},
    title = {Evaluating Verifiability in Generative Search Engines},
    year = {2023}
}

@inproceedings{lewis2020retrieval,
    author = {Patrick S. H. Lewis and
Ethan Perez and
Aleksandra Piktus and
Fabio Petroni and
Vladimir Karpukhin and
Naman Goyal and
Heinrich K{\"{u}}ttler and
Mike Lewis and
Wen{-}tau Yih and
Tim Rockt{\"{a}}schel and
Sebastian Riedel and
Douwe Kiela},
    booktitle = {Advances in Neural Information Processing Systems 33: Annual Conference
on Neural Information Processing Systems 2020, NeurIPS 2020, December
6-12, 2020, virtual},
    title = {Retrieval-Augmented Generation for Knowledge-Intensive {NLP} Tasks},
    year = {2020}
}

@inproceedings{karpukhin2020dense,
    author = {Karpukhin, Vladimir  and
Oguz, Barlas  and
Min, Sewon  and
Lewis, Patrick  and
Wu, Ledell  and
Edunov, Sergey  and
Chen, Danqi  and
Yih, Wen-tau},
    booktitle = {Proc. of EMNLP},
    doi = {10.18653/v1/2020.emnlp-main.550},
    title = {Dense Passage Retrieval for Open-Domain Question Answering},
    year = {2020}
}

@article{li2024enhancing,
    author = {Li, Jiarui and Yuan, Ye and Zhang, Zehua},
    journal = {ArXiv preprint},
    title = {Enhancing llm factual accuracy with rag to counter hallucinations: A case study on domain-specific queries in private knowledge-bases},
    year = {2024}
}

@inproceedings{ji2023towards,
    author = {Ji, Ziwei and Yu, Tiezheng and Xu, Yan and Lee, Nayeon and Ishii, Etsuko and Fung, Pascale},
    booktitle = {Findings of the Association for Computational Linguistics: EMNLP 2023},
    title = {Towards mitigating LLM hallucination via self reflection},
    year = {2023}
}

@article{vu2023freshllms,
    author = {Vu, Tu and Iyyer, Mohit and Wang, Xuezhi and Constant, Noah and Wei, Jerry and Wei, Jason and Tar, Chris and Sung, Yun-Hsuan and Zhou, Denny and Le, Quoc and others},
    journal = {ArXiv preprint},
    title = {Freshllms: Refreshing large language models with search engine augmentation},
    year = {2023}
}

@inproceedings{hagstrom2023effect,
    author = {Hagstr{\"o}m, Lovisa and Saynova, Denitsa and Norlund, Tobias and Johansson, Moa and Johansson, Richard},
    booktitle = {The 2023 Conference on Empirical Methods in Natural Language Processing},
    title = {The Effect of Scaling, Retrieval Augmentation and Form on the Factual Consistency of Language Models}
}

@inproceedings{jin2024tug,
    author = {Jin, Zhuoran and Cao, Pengfei and Chen, Yubo and Liu, Kang and Jiang, Xiaojian and Xu, Jiexin and Qiuxia, Li and Zhao, Jun},
    booktitle = {Proceedings of the 2024 Joint International Conference on Computational Linguistics, Language Resources and Evaluation (LREC-COLING 2024)},
    title = {Tug-of-War between Knowledge: Exploring and Resolving Knowledge Conflicts in Retrieval-Augmented Language Models},
    year = {2024}
}

@article{wei2022chain,
    author = {Wei, Jason and Wang, Xuezhi and Schuurmans, Dale and Bosma, Maarten and Xia, Fei and Chi, Ed and Le, Quoc V and Zhou, Denny and others},
    journal = {Advances in neural information processing systems},
    title = {Chain-of-thought prompting elicits reasoning in large language models},
    year = {2022}
}

@inproceedings{hendrycksmeasuring,
    author = {Dan Hendrycks and
Collin Burns and
Steven Basart and
Andy Zou and
Mantas Mazeika and
Dawn Song and
Jacob Steinhardt},
    booktitle = {Proc. of ICLR},
    timestamp = {Wed, 23 Jun 2021 01:00:00 +0200},
    title = {Measuring Massive Multitask Language Understanding},
    year = {2021}
}

@inproceedings{barnett2024seven,
    author = {Barnett, Scott and Kurniawan, Stefanus and Thudumu, Srikanth and Brannelly, Zach and Abdelrazek, Mohamed},
    booktitle = {Proceedings of the IEEE/ACM 3rd International Conference on AI Engineering-Software Engineering for AI},
    title = {Seven failure points when engineering a retrieval augmented generation system},
    year = {2024}
}

@article{gekhman2024does,
    author = {Gekhman, Zorik and Yona, Gal and Aharoni, Roee and Eyal, Matan and Feder, Amir and Reichart, Roi and Herzig, Jonathan},
    journal = {ArXiv preprint},
    title = {Does Fine-Tuning LLMs on New Knowledge Encourage Hallucinations?},
    year = {2024}
}

@inproceedings{prager2007open,
    author = {Chen, Danqi  and
Yih, Wen-tau},
    booktitle = {Proc. of ACL},
    doi = {10.18653/v1/2020.acl-tutorials.8},
    title = {Open-Domain Question Answering},
    year = {2020}
}

@inproceedings{petroni2021kilt,
    author = {Petroni, Fabio  and
Piktus, Aleksandra  and
Fan, Angela  and
Lewis, Patrick  and
Yazdani, Majid  and
De Cao, Nicola  and
Thorne, James  and
Jernite, Yacine  and
Karpukhin, Vladimir  and
Maillard, Jean  and
Plachouras, Vassilis  and
Rockt{\"a}schel, Tim  and
Riedel, Sebastian},
    booktitle = {Proceedings of the 2021 Conference of the North American Chapter of the Association for Computational Linguistics: Human Language Technologies},
    doi = {10.18653/v1/2021.naacl-main.200},
    title = {{KILT}: a Benchmark for Knowledge Intensive Language Tasks},
    year = {2021}
}

@inproceedings{thorne2018fever,
    author = {Thorne, James  and
Vlachos, Andreas  and
Christodoulopoulos, Christos  and
Mittal, Arpit},
    booktitle = {Proc. of NAACL-HLT},
    doi = {10.18653/v1/N18-1074},
    title = {{FEVER}: a Large-scale Dataset for Fact Extraction and {VER}ification},
    year = {2018}
}

@inproceedings{chen2017reading,
    author = {Chen, Danqi  and
Fisch, Adam  and
Weston, Jason  and
Bordes, Antoine},
    booktitle = {Proc. of ACL},
    doi = {10.18653/v1/P17-1171},
    title = {Reading {W}ikipedia to Answer Open-Domain Questions},
    year = {2017}
}

@inproceedings{allen2024physics,
    author = {Allen-Zhu, Zeyuan and Li, Yuanzhi},
    booktitle = {Forty-first International Conference on Machine Learning},
    title = {Physics of Language Models: Part 3.1, Knowledge Storage and Extraction},
    year = {2024}
}

@inproceedings{hayes2020remind,
    author = {Hayes, Tyler L and Kafle, Kushal and Shrestha, Robik and Acharya, Manoj and Kanan, Christopher},
    booktitle = {European conference on computer vision},
    organization = {Springer},
    title = {Remind your neural network to prevent catastrophic forgetting},
    year = {2020}
}

@article{yan2024corrective,
    author = {Yan, Shi-Qi and Gu, Jia-Chen and Zhu, Yun and Ling, Zhen-Hua},
    journal = {ArXiv preprint},
    title = {Corrective Retrieval Augmented Generation},
    year = {2024}
}

@inproceedings{kimsure,
    author = {Kim, Jaehyung and Nam, Jaehyun and Mo, Sangwoo and Park, Jongjin and Lee, Sang-Woo and Seo, Minjoon and Ha, Jung-Woo and Shin, Jinwoo},
    booktitle = {The Twelfth International Conference on Learning Representations},
    title = {SuRe: Summarizing Retrievals using Answer Candidates for Open-domain QA of LLMs},
    year = {2024}
}

@inproceedings{liu-etal-2024-ra,
    author = {Liu, Yanming  and
Peng, Xinyue  and
Zhang, Xuhong  and
Liu, Weihao  and
Yin, Jianwei  and
Cao, Jiannan  and
Du, Tianyu},
    booktitle = {Findings of the Association for Computational Linguistics ACL 2024},
    doi = {10.18653/v1/2024.findings-acl.281},
    editor = {Ku, Lun-Wei  and
Martins, Andre  and
Srikumar, Vivek},
    title = {{RA}-{ISF}: Learning to Answer and Understand from Retrieval Augmentation via Iterative Self-Feedback},
    year = {2024}
}

@inproceedings{asai2024self,
    author = {Asai, Akari and Wu, Zeqiu and Wang, Yizhong and Sil, Avirup and Hajishirzi, Hannaneh},
    booktitle = {The Twelfth International Conference on Learning Representations},
    title = {Self-RAG: Learning to Retrieve, Generate, and Critique through Self-Reflection},
    year = {2024}
}

@inproceedings{guu2020retrieval,
    author = {Kelvin Guu and
Kenton Lee and
Zora Tung and
Panupong Pasupat and
Ming{-}Wei Chang},
    booktitle = {Proc. of ICML},
    series = {Proceedings of Machine Learning Research},
    timestamp = {Tue, 15 Dec 2020 00:00:00 +0100},
    title = {Retrieval Augmented Language Model Pre-Training},
    year = {2020}
}

@inproceedings{shi2024replug,
    author = {Shi, Weijia and Min, Sewon and Yasunaga, Michihiro and Seo, Minjoon and James, Richard and Lewis, Mike and Zettlemoyer, Luke and Yih, Wen-tau},
    booktitle = {Proceedings of the 2024 Conference of the North American Chapter of the Association for Computational Linguistics: Human Language Technologies (Volume 1: Long Papers)},
    title = {REPLUG: Retrieval-Augmented Black-Box Language Models},
    year = {2024}
}

@inproceedings{singh2021end,
    author = {Devendra Singh Sachan and
Siva Reddy and
William L. Hamilton and
Chris Dyer and
Dani Yogatama},
    booktitle = {Advances in Neural Information Processing Systems 34: Annual Conference
on Neural Information Processing Systems 2021, NeurIPS 2021, December
6-14, 2021, virtual},
    editor = {Marc'Aurelio Ranzato and
Alina Beygelzimer and
Yann N. Dauphin and
Percy Liang and
Jennifer Wortman Vaughan},
    timestamp = {Tue, 03 May 2022 01:00:00 +0200},
    title = {End-to-End Training of Multi-Document Reader and Retriever for Open-Domain
Question Answering},
    year = {2021}
}

@article{siriwardhana-etal-2023-improving,
    author = {Siriwardhana, Shamane  and
Weerasekera, Rivindu  and
Wen, Elliott  and
Kaluarachchi, Tharindu  and
Rana, Rajib  and
Nanayakkara, Suranga},
    doi = {10.1162/tacl_a_00530},
    journal = {Transactions of the Association for Computational Linguistics},
    title = {Improving the Domain Adaptation of Retrieval Augmented Generation ({RAG}) Models for Open Domain Question Answering},
    year = {2023}
}

@article{ovadia2023fine,
    author = {Ovadia, Oded and Brief, Menachem and Mishaeli, Moshik and Elisha, Oren},
    journal = {ArXiv preprint},
    title = {Fine-tuning or retrieval? comparing knowledge injection in llms},
    year = {2023}
}

@article{sudalairaj2024lab,
    author = {Sudalairaj, Shivchander and Bhandwaldar, Abhishek and Pareja, Aldo and Xu, Kai and Cox, David D and Srivastava, Akash},
    journal = {ArXiv preprint},
    title = {Lab: Large-scale alignment for chatbots},
    year = {2024}
}

@article{gupta2024selective,
    author = {Gupta, Sonam and Nandwani, Yatin and Yehudai, Asaf and Mishra, Mayank and Pandey, Gaurav and Raghu, Dinesh and Joshi, Sachindra},
    journal = {ArXiv preprint},
    title = {Selective Self-Rehearsal: A Fine-Tuning Approach to Improve Generalization in Large Language Models},
    year = {2024}
}

@article{huang2024mitigating,
    author = {Huang, Jianheng and Cui, Leyang and Wang, Ante and Yang, Chengyi and Liao, Xinting and Song, Linfeng and Yao, Junfeng and Su, Jinsong},
    journal = {ArXiv preprint},
    title = {Mitigating catastrophic forgetting in large language models with self-synthesized rehearsal},
    year = {2024}
}

@article{french1999catastrophic,
    author = {French, Robert M},
    journal = {Trends in cognitive sciences},
    number = {4},
    title = {Catastrophic forgetting in connectionist networks},
    year = {1999}
}

@inproceedings{zheng-etal-2024-learn,
    author = {Zheng, Junhao  and
Qiu, Shengjie  and
Ma, Qianli},
    booktitle = {Proc. of ACL},
    doi = {10.18653/v1/2024.acl-long.794},
    editor = {Ku, Lun-Wei  and
Martins, Andre  and
Srikumar, Vivek},
    title = {Learn or Recall? Revisiting Incremental Learning with Pre-trained Language Models},
    year = {2024}
}

@inproceedings{de2019episodic,
    author = {Cyprien de Masson d'Autume and
Sebastian Ruder and
Lingpeng Kong and
Dani Yogatama},
    booktitle = {Advances in Neural Information Processing Systems 32: Annual Conference
on Neural Information Processing Systems 2019, NeurIPS 2019, December
8-14, 2019, Vancouver, BC, Canada},
    editor = {Hanna M. Wallach and
Hugo Larochelle and
Alina Beygelzimer and
Florence d'Alch{\'{e}}{-}Buc and
Emily B. Fox and
Roman Garnett},
    timestamp = {Thu, 21 Jan 2021 00:00:00 +0100},
    title = {Episodic Memory in Lifelong Language Learning},
    year = {2019}
}

@inproceedings{rolnick2019experience,
    author = {David Rolnick and
Arun Ahuja and
Jonathan Schwarz and
Timothy P. Lillicrap and
Gregory Wayne},
    booktitle = {Advances in Neural Information Processing Systems 32: Annual Conference
on Neural Information Processing Systems 2019, NeurIPS 2019, December
8-14, 2019, Vancouver, BC, Canada},
    timestamp = {Thu, 21 Jan 2021 15:15:19 +0100},
    title = {Experience Replay for Continual Learning},
    year = {2019}
}

@inproceedings{scialom2022fine,
    author = {Scialom, Thomas  and
Chakrabarty, Tuhin  and
Muresan, Smaranda},
    booktitle = {Proc. of EMNLP},
    title = {Fine-tuned Language Models are Continual Learners},
    year = {2022}
}

@article{luo2023empirical,
    author = {Luo, Yun and Yang, Zhen and Meng, Fandong and Li, Yafu and Zhou, Jie and Zhang, Yue},
    journal = {ArXiv preprint},
    title = {An empirical study of catastrophic forgetting in large language models during continual fine-tuning},
    year = {2023}
}

@inproceedings{mok2023large,
    author = {Mok, Jisoo and Do, Jaeyoung and Lee, Sungjin and Taghavi, Tara and Yu, Seunghak and Yoon, Sungroh},
    booktitle = {Proc. of ACL},
    title = {Large-scale lifelong learning of in-context instructions and how to tackle it},
    year = {2023}
}

@inproceedings{hu2022lora,
    author = {Edward J. Hu and
Yelong Shen and
Phillip Wallis and
Zeyuan Allen{-}Zhu and
Yuanzhi Li and
Shean Wang and
Lu Wang and
Weizhu Chen},
    booktitle = {Proc. of ICLR},
    timestamp = {Sat, 20 Aug 2022 01:00:00 +0200},
    title = {LoRA: Low-Rank Adaptation of Large Language Models},
    year = {2022}
}

@article{biderman2024lora,
    author = {Dan Biderman and Jacob Portes and Jose Javier Gonzalez Ortiz and Mansheej Paul and Philip Greengard and Connor Jennings and Daniel King and Sam Havens and Vitaliy Chiley and Jonathan Frankle and Cody Blakeney and John Patrick Cunningham},
    issn = {2835-8856},
    journal = {Transactions on Machine Learning Research},
    note = {Featured Certification},
    title = {Lo{RA} Learns Less and Forgets Less},
    year = {2024}
}

@article{chung2024efficient,
    author = {Chung, Isaac and Vo, Phat and Kizilkale, Arman and Reite, Aaron},
    journal = {ArXiv preprint},
    title = {Efficient In-Domain Question Answering for Resource-Constrained Environments},
    year = {2024}
}

@article{adlakha2023evaluating,
    author = {Adlakha, Vaibhav and BehnamGhader, Parishad and Lu, Xing Han and Meade, Nicholas and Reddy, Siva},
    journal = {ArXiv preprint},
    title = {Evaluating correctness and faithfulness of instruction-following models for question answering},
    year = {2023}
}

@inproceedings{hendrycks2020measuring,
    author = {Dan Hendrycks and
Collin Burns and
Steven Basart and
Andy Zou and
Mantas Mazeika and
Dawn Song and
Jacob Steinhardt},
    booktitle = {Proc. of ICLR},
    timestamp = {Wed, 23 Jun 2021 01:00:00 +0200},
    title = {Measuring Massive Multitask Language Understanding},
    year = {2021}
}

@inproceedings{lin2022truthfulqa,
    author = {Lin, Stephanie  and
Hilton, Jacob  and
Evans, Owain},
    booktitle = {Proc. of ACL},
    doi = {10.18653/v1/2022.acl-long.229},
    title = {{T}ruthful{QA}: Measuring How Models Mimic Human Falsehoods},
    year = {2022}
}

@inproceedings{zellers2019hellaswag,
    author = {Zellers, Rowan  and
Holtzman, Ari  and
Bisk, Yonatan  and
Farhadi, Ali  and
Choi, Yejin},
    booktitle = {Proc. of ACL},
    doi = {10.18653/v1/P19-1472},
    title = {{H}ella{S}wag: Can a Machine Really Finish Your Sentence?},
    year = {2019}
}

@article{cobbe2021gsm8k,
    author = {Cobbe, Karl and Kosaraju, Vineet and Bavarian, Mohammad and Chen, Mark and Jun, Heewoo and Kaiser, Lukasz and Plappert, Matthias and Tworek, Jerry and Hilton, Jacob and Nakano, Reiichiro and Hesse, Christopher and Schulman, John},
    journal = {ArXiv preprint},
    title = {Training Verifiers to Solve Math Word Problems},
    year = {2021}
}

@article{xiao2023c,
  title={C-pack: Packaged resources to advance general chinese embedding},
  author={Xiao, Shitao and Liu, Zheng and Zhang, Peitian and Muennighoff, Niklas and Lian, Defu and Nie, Jian-Yun},
  journal={arXiv preprint arXiv:2309.07597},
  year={2023}
}

@inproceedings{holtzmancurious,
  title={The Curious Case of Neural Text Degeneration},
  author={Holtzman, Ari and Buys, Jan and Du, Li and Forbes, Maxwell and Choi, Yejin},
  booktitle={International Conference on Learning Representations},
  year={2020}
}

@article{rosenthal2025clapnq,
  title={CLAPnq: C ohesive L ong-form A nswers from P assages in Natural Questions for RAG systems},
  author={Rosenthal, Sara and Sil, Avirup and Florian, Radu and Roukos, Salim},
  journal={Transactions of the Association for Computational Linguistics},
  volume={13},
  pages={53--72},
  year={2025},
  publisher={MIT Press 255 Main Street, 9th Floor, Cambridge, Massachusetts 02142, USA~…}
}

@article{kwiatkowski2019natural,
  title={Natural questions: a benchmark for question answering research},
  author={Kwiatkowski, Tom and Palomaki, Jennimaria and Redfield, Olivia and Collins, Michael and Parikh, Ankur and Alberti, Chris and Epstein, Danielle and Polosukhin, Illia and Devlin, Jacob and Lee, Kenton and others},
  journal={Transactions of the Association for Computational Linguistics},
  volume={7},
  pages={453--466},
  year={2019},
  publisher={MIT Press One Rogers Street, Cambridge, MA 02142-1209, USA journals-info~…}
}