@inproceedings{asai2024self,
    author = {Asai, Akari and Wu, Zeqiu and Wang, Yizhong and Sil, Avirup and Hajishirzi, Hannaneh},
    booktitle = {The Twelfth International Conference on Learning Representations},
    title = {Self-RAG: Learning to Retrieve, Generate, and Critique through Self-Reflection},
    year = {2024}
}

@inproceedings{de2019episodic,
    author = {Cyprien de Masson d'Autume and
Sebastian Ruder and
Lingpeng Kong and
Dani Yogatama},
    booktitle = {Advances in Neural Information Processing Systems 32: Annual Conference
on Neural Information Processing Systems 2019, NeurIPS 2019, December
8-14, 2019, Vancouver, BC, Canada},
    editor = {Hanna M. Wallach and
Hugo Larochelle and
Alina Beygelzimer and
Florence d'Alch{\'{e}}{-}Buc and
Emily B. Fox and
Roman Garnett},
    timestamp = {Thu, 21 Jan 2021 00:00:00 +0100},
    title = {Episodic Memory in Lifelong Language Learning},
    year = {2019}
}

@article{french1999catastrophic,
    author = {French, Robert M},
    journal = {Trends in cognitive sciences},
    number = {4},
    title = {Catastrophic forgetting in connectionist networks},
    year = {1999}
}

@article{gupta2024selective,
    author = {Gupta, Sonam and Nandwani, Yatin and Yehudai, Asaf and Mishra, Mayank and Pandey, Gaurav and Raghu, Dinesh and Joshi, Sachindra},
    journal = {ArXiv preprint},
    title = {Selective Self-Rehearsal: A Fine-Tuning Approach to Improve Generalization in Large Language Models},
    year = {2024}
}

@inproceedings{guu2020retrieval,
    author = {Kelvin Guu and
Kenton Lee and
Zora Tung and
Panupong Pasupat and
Ming{-}Wei Chang},
    booktitle = {Proc. of ICML},
    series = {Proceedings of Machine Learning Research},
    timestamp = {Tue, 15 Dec 2020 00:00:00 +0100},
    title = {Retrieval Augmented Language Model Pre-Training},
    year = {2020}
}

@article{huang2024mitigating,
    author = {Huang, Jianheng and Cui, Leyang and Wang, Ante and Yang, Chengyi and Liao, Xinting and Song, Linfeng and Yao, Junfeng and Su, Jinsong},
    journal = {ArXiv preprint},
    title = {Mitigating catastrophic forgetting in large language models with self-synthesized rehearsal},
    year = {2024}
}

@inproceedings{jin2024tug,
    author = {Jin, Zhuoran and Cao, Pengfei and Chen, Yubo and Liu, Kang and Jiang, Xiaojian and Xu, Jiexin and Qiuxia, Li and Zhao, Jun},
    booktitle = {Proceedings of the 2024 Joint International Conference on Computational Linguistics, Language Resources and Evaluation (LREC-COLING 2024)},
    title = {Tug-of-War between Knowledge: Exploring and Resolving Knowledge Conflicts in Retrieval-Augmented Language Models},
    year = {2024}
}

@inproceedings{karpukhin2020dense,
    author = {Karpukhin, Vladimir  and
Oguz, Barlas  and
Min, Sewon  and
Lewis, Patrick  and
Wu, Ledell  and
Edunov, Sergey  and
Chen, Danqi  and
Yih, Wen-tau},
    booktitle = {Proc. of EMNLP},
    doi = {10.18653/v1/2020.emnlp-main.550},
    title = {Dense Passage Retrieval for Open-Domain Question Answering},
    year = {2020}
}

@inproceedings{kimsure,
    author = {Kim, Jaehyung and Nam, Jaehyun and Mo, Sangwoo and Park, Jongjin and Lee, Sang-Woo and Seo, Minjoon and Ha, Jung-Woo and Shin, Jinwoo},
    booktitle = {The Twelfth International Conference on Learning Representations},
    title = {SuRe: Summarizing Retrievals using Answer Candidates for Open-domain QA of LLMs},
    year = {2024}
}

@inproceedings{lewis2020retrieval,
    author = {Patrick S. H. Lewis and
Ethan Perez and
Aleksandra Piktus and
Fabio Petroni and
Vladimir Karpukhin and
Naman Goyal and
Heinrich K{\"{u}}ttler and
Mike Lewis and
Wen{-}tau Yih and
Tim Rockt{\"{a}}schel and
Sebastian Riedel and
Douwe Kiela},
    booktitle = {Advances in Neural Information Processing Systems 33: Annual Conference
on Neural Information Processing Systems 2020, NeurIPS 2020, December
6-12, 2020, virtual},
    title = {Retrieval-Augmented Generation for Knowledge-Intensive {NLP} Tasks},
    year = {2020}
}

@inproceedings{liu-etal-2024-ra,
    author = {Liu, Yanming  and
Peng, Xinyue  and
Zhang, Xuhong  and
Liu, Weihao  and
Yin, Jianwei  and
Cao, Jiannan  and
Du, Tianyu},
    booktitle = {Findings of the Association for Computational Linguistics ACL 2024},
    doi = {10.18653/v1/2024.findings-acl.281},
    editor = {Ku, Lun-Wei  and
Martins, Andre  and
Srikumar, Vivek},
    title = {{RA}-{ISF}: Learning to Answer and Understand from Retrieval Augmentation via Iterative Self-Feedback},
    year = {2024}
}

@article{mecklenburg2024injecting,
    author = {Mecklenburg, Nick and Lin, Yiyou and Li, Xiaoxiao and Holstein, Daniel and Nunes, Leonardo and Malvar, Sara and Silva, Bruno and Chandra, Ranveer and Aski, Vijay and Yannam, Pavan Kumar Reddy and others},
    journal = {ArXiv preprint},
    title = {Injecting New Knowledge into Large Language Models via Supervised Fine-Tuning},
    year = {2024}
}

@inproceedings{mok2023large,
    author = {Mok, Jisoo and Do, Jaeyoung and Lee, Sungjin and Taghavi, Tara and Yu, Seunghak and Yoon, Sungroh},
    booktitle = {Proc. of ACL},
    title = {Large-scale lifelong learning of in-context instructions and how to tackle it},
    year = {2023}
}

@inproceedings{rolnick2019experience,
    author = {David Rolnick and
Arun Ahuja and
Jonathan Schwarz and
Timothy P. Lillicrap and
Gregory Wayne},
    booktitle = {Advances in Neural Information Processing Systems 32: Annual Conference
on Neural Information Processing Systems 2019, NeurIPS 2019, December
8-14, 2019, Vancouver, BC, Canada},
    timestamp = {Thu, 21 Jan 2021 15:15:19 +0100},
    title = {Experience Replay for Continual Learning},
    year = {2019}
}

@inproceedings{scialom2022fine,
    author = {Scialom, Thomas  and
Chakrabarty, Tuhin  and
Muresan, Smaranda},
    booktitle = {Proc. of EMNLP},
    title = {Fine-tuned Language Models are Continual Learners},
    year = {2022}
}

@misc{setty2024improvingretrievalragbased,
    author = {Spurthi Setty and Harsh Thakkar and Alyssa Lee and Eden Chung and Natan Vidra},
    journal = {ArXiv preprint},
    title = {Improving Retrieval for RAG based Question Answering Models on Financial Documents},
    year = {2024}
}

@inproceedings{shi2024replug,
    author = {Shi, Weijia and Min, Sewon and Yasunaga, Michihiro and Seo, Minjoon and James, Richard and Lewis, Mike and Zettlemoyer, Luke and Yih, Wen-tau},
    booktitle = {Proceedings of the 2024 Conference of the North American Chapter of the Association for Computational Linguistics: Human Language Technologies (Volume 1: Long Papers)},
    title = {REPLUG: Retrieval-Augmented Black-Box Language Models},
    year = {2024}
}

@inproceedings{singh2021end,
    author = {Devendra Singh Sachan and
Siva Reddy and
William L. Hamilton and
Chris Dyer and
Dani Yogatama},
    booktitle = {Advances in Neural Information Processing Systems 34: Annual Conference
on Neural Information Processing Systems 2021, NeurIPS 2021, December
6-14, 2021, virtual},
    editor = {Marc'Aurelio Ranzato and
Alina Beygelzimer and
Yann N. Dauphin and
Percy Liang and
Jennifer Wortman Vaughan},
    timestamp = {Tue, 03 May 2022 01:00:00 +0200},
    title = {End-to-End Training of Multi-Document Reader and Retriever for Open-Domain
Question Answering},
    year = {2021}
}

@article{siriwardhana-etal-2023-improving,
    author = {Siriwardhana, Shamane  and
Weerasekera, Rivindu  and
Wen, Elliott  and
Kaluarachchi, Tharindu  and
Rana, Rajib  and
Nanayakkara, Suranga},
    doi = {10.1162/tacl_a_00530},
    journal = {Transactions of the Association for Computational Linguistics},
    title = {Improving the Domain Adaptation of Retrieval Augmented Generation ({RAG}) Models for Open Domain Question Answering},
    year = {2023}
}

@article{yan2024corrective,
    author = {Yan, Shi-Qi and Gu, Jia-Chen and Zhu, Yun and Ling, Zhen-Hua},
    journal = {ArXiv preprint},
    title = {Corrective Retrieval Augmented Generation},
    year = {2024}
}

@article{zhang2024self,
    author = {Zhang, Xiaoying and Peng, Baolin and Tian, Ye and Zhou, Jingyan and Zhang, Yipeng and Mi, Haitao and Meng, Helen},
    journal = {ArXiv preprint},
    title = {Self-Tuning: Instructing LLMs to Effectively Acquire New Knowledge through Self-Teaching},
    year = {2024}
}

@inproceedings{zheng-etal-2024-learn,
    author = {Zheng, Junhao  and
Qiu, Shengjie  and
Ma, Qianli},
    booktitle = {Proc. of ACL},
    doi = {10.18653/v1/2024.acl-long.794},
    editor = {Ku, Lun-Wei  and
Martins, Andre  and
Srikumar, Vivek},
    title = {Learn or Recall? Revisiting Incremental Learning with Pre-trained Language Models},
    year = {2024}
}

