@article{andre1998parallel,
  title={A parallel implementation of genetic programming that achieves super-linear performance},
  author={Andre, David and Koza, John R},
  journal={Information Sciences},
  volume={106},
  number={3-4},
  pages={201--218},
  year={1998},
  publisher={Elsevier}
}

@inproceedings{bengio1994use,
  title={Use of genetic programming for the search of a new learning rule for neural networks},
  author={Bengio, Samy and Bengio, Yoshua and Cloutier, Jocelyn},
  booktitle={Proceedings of the First IEEE Conference on Evolutionary Computation. IEEE World Congress on Computational Intelligence},
  pages={324--327},
  year={1994},
  organization={IEEE}
}

@article{bongard2007automated,
  title={Automated reverse engineering of nonlinear dynamical systems},
  author={Bongard, Josh and Lipson, Hod},
  journal={Proceedings of the National Academy of Sciences},
  volume={104},
  number={24},
  pages={9943--9948},
  year={2007},
  publisher={National Acad Sciences}
}

@inproceedings{burlacu2020operon,
  title={Operon C++ an efficient genetic programming framework for symbolic regression},
  author={Burlacu, Bogdan and Kronberger, Gabriel and Kommenda, Michael},
  booktitle={Proceedings of the 2020 Genetic and Evolutionary Computation Conference Companion},
  pages={1562--1570},
  year={2020}
}

@inproceedings{cano2014gpu,
  title={GPU-parallel subtree interpreter for genetic programming},
  author={Cano, Alberto and Ventura, Sebasti{\'a}n},
  booktitle={Proceedings of the Genetic and Evolutionary Computation Conference Companion},
  pages={887--894},
  year={2014}
}

@article{castelli2019gsgp,
  title={GSGP-C++ 2.0: A geometric semantic genetic programming framework},
  author={Castelli, Mauro and Manzoni, Luca},
  journal={SoftwareX},
  volume={10},
  pages={100313},
  year={2019},
  publisher={Elsevier}
}

@article{chitty2017faster,
  title={Faster GPU-based genetic programming using a two-dimensional stack},
  author={Chitty, Darren M},
  journal={Soft Computing},
  volume={21},
  pages={3859--3878},
  year={2017},
  publisher={Springer}
}

@article{cranmer2023interpretable,
  title={Interpretable machine learning for science with PySR and SymbolicRegression.jl},
  author={Cranmer, Miles},
  journal={arXiv preprint arXiv:2305.01582},
  year={2023}
}

@article{fortin2012deap,
  title={DEAP: Evolutionary algorithms made easy},
  author={Fortin, F{\'e}lix-Antoine and De Rainville, Fran{\c{c}}ois-Michel and Gardner, Marc-Andr{\'e} Gardner and Parizeau, Marc and Gagn{\'e}, Christian},
  journal={The Journal of Machine Learning Research},
  volume={13},
  number={1},
  pages={2171--2175},
  year={2012},
  publisher={JMLR. org}
}

@inproceedings{harding2007fast,
  title={Fast genetic programming on GPUs},
  author={Harding, Simon and Banzhaf, Wolfgang},
  booktitle={Genetic Programming: 10th European Conference, EuroGP 2007, Valencia, Spain, April 11-13, 2007. Proceedings 10},
  pages={90--101},
  year={2007},
  organization={Springer}
}

@article{hein2018interpretable,
  title={Interpretable policies for reinforcement learning by genetic programming},
  author={Hein, Daniel and Udluft, Steffen and Runkler, Thomas A},
  journal={Engineering Applications of Artificial Intelligence},
  volume={76},
  pages={158--169},
  year={2018},
  publisher={Elsevier}
}

@article{jordan2021evolving,
  title={Evolving interpretable plasticity for spiking networks},
  author={Jordan, Jakob and Schmidt, Maximilian and Senn, Walter and Petrovici, Mihai A},
  journal={Elife},
  volume={10},
  pages={e66273},
  year={2021},
  publisher={eLife Sciences Publications, Ltd}
}

@book{koza1990genetic,
  title={Genetic programming: A Paradigm for Genetically Breeding Populations of Computer Programs to Solve Problems},
  author={Koza, John R},
  volume={34},
  year={1990},
  publisher={Stanford University, Department of Computer Science Stanford, CA}
}

@inproceedings{koza1992automatic,
  title={Automatic programming of robots using genetic programming},
  author={Koza, John R and Rice, James P},
  booktitle={AAAI},
  volume={92},
  pages={194--207},
  year={1992}
}

@article{koza1994genetic,
  title={Genetic programming as a means for programming computers by natural selection},
  author={Koza, John R},
  journal={Statistics and Computing},
  volume={4},
  pages={87--112},
  year={1994},
  publisher={Springer}
}

@inproceedings{langdon2008simd,
  title={A SIMD interpreter for genetic programming on GPU graphics cards},
  author={Langdon, William B and Banzhaf, Wolfgang},
  booktitle={European Conference on Genetic Programming},
  pages={73--85},
  year={2008},
  organization={Springer}
}

@inproceedings{langdon2010many,
  title={A many threaded CUDA interpreter for genetic programming},
  author={Langdon, William B},
  booktitle={European Conference on Genetic Programming},
  pages={146--158},
  year={2010},
  organization={Springer}
}

@inproceedings{nadizar2024naturally,
  title={Naturally interpretable control policies via graph-based genetic programming},
  author={Nadizar, Giorgia and Medvet, Eric and Wilson, Dennis G},
  booktitle={European Conference on Genetic Programming},
  pages={73--89},
  year={2024},
  organization={Springer}
}

@article{oussaidene1997parallel,
  title={Parallel genetic programming and its application to trading model induction},
  author={Oussaidene, Mouloud and Chopard, Bastien and Pictet, Olivier V and Tomassini, Marco},
  journal={Parallel Computing},
  volume={23},
  number={8},
  pages={1183--1198},
  year={1997},
  publisher={Elsevier}
}

@inproceedings{raymond2023fast,
  title={Fast and efficient local-search for genetic programming based loss function learning},
  author={Raymond, Christian and Chen, Qi and Xue, Bing and Zhang, Mengjie},
  booktitle={Proceedings of the Genetic and Evolutionary Computation Conference},
  pages={1184--1193},
  year={2023}
}

@article{robilliard2009genetic,
  title={Genetic programming on graphics processing units},
  author={Robilliard, Denis and Marion-Poty, Virginie and Fonlupt, Cyril},
  journal={Genetic Programming and Evolvable Machines},
  volume={10},
  pages={447--471},
  year={2009},
  publisher={Springer}
}

@article{sathia2021accelerating,
  title={Accelerating genetic programming using gpus},
  author={Sathia, Vimarsh and Ganesh, Venkataramana and Nanditale, Shankara Rao Thejaswi},
  journal={arXiv preprint arXiv:2110.11226},
  year={2021}
}

@article{schmidt2009distilling,
  title={Distilling free-form natural laws from experimental data},
  author={Schmidt, Michael and Lipson, Hod},
  journal={Science},
  volume={324},
  number={5923},
  pages={81--85},
  year={2009},
  publisher={American Association for the Advancement of Science}
}

@article{stanley2002evolving,
  title={Evolving neural networks through augmenting topologies},
  author={Stanley, Kenneth O and Miikkulainen, Risto},
  journal={Evolutionary Computation},
  volume={10},
  number={2},
  pages={99--127},
  year={2002},
  publisher={MIT Press}
}

@article{trujillo2022gsgp,
  title={Gsgp-cudaâ€”a cuda framework for geometric semantic genetic programming},
  author={Trujillo, Leonardo and Contreras, Jose Manuel Mu{\~n}oz and Hernandez, Daniel E and Castelli, Mauro and Tapia, Juan J},
  journal={SoftwareX},
  volume={18},
  pages={101085},
  year={2022},
  publisher={Elsevier}
}

@article{vries2024discovering,
  title={Discovering Dynamic Symbolic Policies with Genetic Programming},
  author={de Vries, Sigur and Keemink, Sander and van Gerven, Marcel},
  journal={arXiv preprint arXiv:2406.02765},
  year={2024}
}

@inproceedings{wagner2005heuristiclab,
  title={Heuristiclab: A generic and extensible optimization environment},
  author={Wagner, Stefan and Affenzeller, Michael},
  booktitle={Adaptive and Natural Computing Algorithms: Proceedings of the International Conference in Coimbra, Portugal, 2005},
  pages={538--541},
  year={2005},
  organization={Springer}
}

@article{wang2025evogp,
  title={EvoGP: A GPU-accelerated Framework for Tree-Based Genetic Programming},
  author={Wang, Lishuang and Wu, Zhihong and Sun, Kebin and Li, Zhuozhao and Cheng, Ran},
  journal={arXiv preprint arXiv:2501.17168},
  year={2025}
}

