@article{koza1994genetic,
  title={Genetic programming as a means for programming computers by natural selection},
  author={Koza, John R},
  journal={Statistics and Computing},
  volume={4},
  pages={87--112},
  year={1994},
  publisher={Springer}
}

@article{glanois2024survey,
  title={A survey on interpretable reinforcement learning},
  author={Glanois, Claire and Weng, Paul and Zimmer, Matthieu and Li, Dong and Yang, Tianpei and Hao, Jianye and Liu, Wulong},
  journal={Machine Learning},
  pages={1--44},
  year={2024},
  publisher={Springer}
}

@article{loyola2019black,
  title={Black-box vs. white-box: Understanding their advantages and weaknesses from a practical point of view},
  author={Loyola-Gonzalez, Octavio},
  journal={IEEE Access},
  volume={7},
  pages={154096--154113},
  year={2019},
  publisher={IEEE}
}

@article{schmidt2009distilling,
  title={Distilling free-form natural laws from experimental data},
  author={Schmidt, Michael and Lipson, Hod},
  journal={Science},
  volume={324},
  number={5923},
  pages={81--85},
  year={2009},
  publisher={American Association for the Advancement of Science}
}

@article{bongard2007automated,
  title={Automated reverse engineering of nonlinear dynamical systems},
  author={Bongard, Josh and Lipson, Hod},
  journal={Proceedings of the National Academy of Sciences},
  volume={104},
  number={24},
  pages={9943--9948},
  year={2007},
  publisher={National Acad Sciences}
}

@article{cao2000evolutionary,
  title={Evolutionary modeling of systems of ordinary differential equations with genetic programming},
  author={Cao, Hongqing and Kang, Lishan and Chen, Yuping and Yu, Jingxian},
  journal={Genetic Programming and Evolvable Machines},
  volume={1},
  pages={309--337},
  year={2000},
  publisher={Springer}
}

@article{hein2018interpretable,
  title={Interpretable policies for reinforcement learning by genetic programming},
  author={Hein, Daniel and Udluft, Steffen and Runkler, Thomas A},
  journal={Engineering Applications of Artificial Intelligence},
  volume={76},
  pages={158--169},
  year={2018},
  publisher={Elsevier}
}

@article{vries2024discovering,
  title={Discovering Dynamic Symbolic Policies with Genetic Programming},
  author={de Vries, Sigur and Keemink, Sander and van Gerven, Marcel},
  journal={arXiv preprint arXiv:2406.02765},
  year={2024}
}

@inproceedings{real2020automl,
  title={Automl-zero: Evolving machine learning algorithms from scratch},
  author={Real, Esteban and Liang, Chen and So, David and Le, Quoc},
  booktitle={International Conference on Machine Learning},
  pages={8007--8019},
  year={2020},
  organization={PMLR}
}

@article{jordan2021evolving,
  title={Evolving interpretable plasticity for spiking networks},
  author={Jordan, Jakob and Schmidt, Maximilian and Senn, Walter and Petrovici, Mihai A},
  journal={Elife},
  volume={10},
  pages={e66273},
  year={2021},
  publisher={eLife Sciences Publications, Ltd}
}

@inproceedings{harding2007fast,
  title={Fast genetic programming on GPUs},
  author={Harding, Simon and Banzhaf, Wolfgang},
  booktitle={Genetic Programming: 10th European Conference, EuroGP 2007, Valencia, Spain, April 11-13, 2007. Proceedings 10},
  pages={90--101},
  year={2007},
  organization={Springer}
}

@inproceedings{miller2015cartesian,
  title={Cartesian genetic programming},
  author={Miller, Julian and Turner, Andrew},
  booktitle={Proceedings of the Companion Publication of the 2015 Annual Conference on Genetic and Evolutionary Computation},
  pages={179--198},
  year={2015}
}

@book{brameier2007basic,
  title={Basic Concepts of Linear Genetic Programming},
  author={Brameier, Markus F and Banzhaf, Wolfgang},
  year={2007},
  publisher={Springer}
}

@article{andre1998parallel,
  title={A parallel implementation of genetic programming that achieves super-linear performance},
  author={Andre, David and Koza, John R},
  journal={Information Sciences},
  volume={106},
  number={3-4},
  pages={201--218},
  year={1998},
  publisher={Elsevier}
}

@inproceedings{koza1992automatic,
  title={Automatic programming of robots using genetic programming},
  author={Koza, John R and Rice, James P},
  booktitle={AAAI},
  volume={92},
  pages={194--207},
  year={1992}
}

@book{koza1990genetic,
  title={Genetic programming: A Paradigm for Genetically Breeding Populations of Computer Programs to Solve Problems},
  author={Koza, John R},
  volume={34},
  year={1990},
  publisher={Stanford University, Department of Computer Science Stanford, CA}
}

@software{jax2018github,
  author = {James Bradbury and Roy Frostig and Peter Hawkins and Matthew James Johnson and Chris Leary and Dougal Maclaurin and George Necula and Adam Paszke and Jake Vander{P}las and Skye Wanderman-{M}ilne and Qiao Zhang},
  title = {{JAX}: composable transformations of {P}ython+{N}um{P}y programs},
  url = {http://github.com/jax-ml/jax},
  version = {0.3.13},
  year = {2018},
}

@inproceedings{lange2023evosax,
  title={evosax: Jax-based evolution strategies},
  author={Lange, Robert Tjarko},
  booktitle={Proceedings of the Companion Conference on Genetic and Evolutionary Computation},
  pages={659--662},
  year={2023}
}

@article{fortin2012deap,
  title={DEAP: Evolutionary algorithms made easy},
  author={Fortin, F{\'e}lix-Antoine and De Rainville, Fran{\c{c}}ois-Michel and Gardner, Marc-Andr{\'e} Gardner and Parizeau, Marc and Gagn{\'e}, Christian},
  journal={The Journal of Machine Learning Research},
  volume={13},
  number={1},
  pages={2171--2175},
  year={2012},
  publisher={JMLR. org}
}

@article{cranmer2023interpretable,
  title={Interpretable machine learning for science with PySR and SymbolicRegression.jl},
  author={Cranmer, Miles},
  journal={arXiv preprint arXiv:2305.01582},
  year={2023}
}

@article{wang2025evogp,
  title={EvoGP: A GPU-accelerated Framework for Tree-Based Genetic Programming},
  author={Wang, Lishuang and Wu, Zhihong and Sun, Kebin and Li, Zhuozhao and Cheng, Ran},
  journal={arXiv preprint arXiv:2501.17168},
  year={2025}
}

@inproceedings{bengio1994use,
  title={Use of genetic programming for the search of a new learning rule for neural networks},
  author={Bengio, Samy and Bengio, Yoshua and Cloutier, Jocelyn},
  booktitle={Proceedings of the First IEEE Conference on Evolutionary Computation. IEEE World Congress on Computational Intelligence},
  pages={324--327},
  year={1994},
  organization={IEEE}
}

@inproceedings{burlacu2020operon,
  title={Operon C++ an efficient genetic programming framework for symbolic regression},
  author={Burlacu, Bogdan and Kronberger, Gabriel and Kommenda, Michael},
  booktitle={Proceedings of the 2020 Genetic and Evolutionary Computation Conference Companion},
  pages={1562--1570},
  year={2020}
}

@article{la2021contemporary,
  title={Contemporary symbolic regression methods and their relative performance},
  author={La Cava, William and Burlacu, Bogdan and Virgolin, Marco and Kommenda, Michael and Orzechowski, Patryk and de Fran{\c{c}}a, Fabr{\'\i}cio Olivetti and Jin, Ying and Moore, Jason H},
  journal={Advances in neural information processing systems},
  volume={2021},
  number={DB1},
  pages={1},
  year={2021},
  publisher={NIH Public Access}
}

@article{brunton2016discovering,
  title={Discovering governing equations from data by sparse identification of nonlinear dynamical systems},
  author={Brunton, Steven L and Proctor, Joshua L and Kutz, J Nathan},
  journal={Proceedings of the National Academy of Sciences},
  volume={113},
  number={15},
  pages={3932--3937},
  year={2016},
  publisher={National Acad Sciences}
}

@article{kaheman2020sindy,
  title={SINDy-PI: a robust algorithm for parallel implicit sparse identification of nonlinear dynamics},
  author={Kaheman, Kadierdan and Kutz, J Nathan and Brunton, Steven L},
  journal={Proceedings of the Royal Society A},
  volume={476},
  number={2242},
  pages={20200279},
  year={2020},
  publisher={The Royal Society Publishing}
}

@article{brunton2016sparse,
  title={Sparse identification of nonlinear dynamics with control (SINDYc)},
  author={Brunton, Steven L and Proctor, Joshua L and Kutz, J Nathan},
  journal={IFAC-PapersOnLine},
  volume={49},
  number={18},
  pages={710--715},
  year={2016},
  publisher={Elsevier}
}

@article{fasel2022ensemble,
  title={Ensemble-SINDy: Robust sparse model discovery in the low-data, high-noise limit, with active learning and control},
  author={Fasel, Urban and Kutz, J Nathan and Brunton, Bingni W and Brunton, Steven L},
  journal={Proceedings of the Royal Society A},
  volume={478},
  number={2260},
  pages={20210904},
  year={2022},
  publisher={The Royal Society}
}

@inproceedings{topchy2001faster,
  title={Faster genetic programming based on local gradient search of numeric leaf values},
  author={Topchy, Alexander and Punch, William F and others},
  booktitle={Proceedings of the Genetic and Evolutionary Computation Conference},
  volume={155162},
  year={2001},
  organization={Morgan Kaufmann San Francisco, CA}
}

@article{fernandez2003empirical,
  title={An empirical study of multipopulation genetic programming},
  author={Fernandez, Francisco and Tomassini, Marco and Vanneschi, Leonardo},
  journal={Genetic Programming and Evolvable Machines},
  volume={4},
  pages={21--51},
  year={2003},
  publisher={Springer}
}

@article{kidger2022neural,
  title={On neural differential equations},
  author={Kidger, Patrick},
  journal={arXiv preprint arXiv:2202.02435},
  year={2022}
}

@article{chen2023learning,
  title={Learning dynamics from coarse/noisy data with scalable symbolic regression},
  author={Chen, Zhao and Wang, Nan},
  journal={Mechanical Systems and Signal Processing},
  volume={190},
  pages={110147},
  year={2023},
  publisher={Elsevier}
}

@article{wang2023scientific,
  title={Scientific discovery in the age of artificial intelligence},
  author={Wang, Hanchen and Fu, Tianfan and Du, Yuanqi and Gao, Wenhao and Huang, Kexin and Liu, Ziming and Chandak, Payal and Liu, Shengchao and Van Katwyk, Peter and Deac, Andreea and others},
  journal={Nature},
  volume={620},
  number={7972},
  pages={47--60},
  year={2023},
  publisher={Nature Publishing Group UK London}
}

@article{rackauckas2020universal,
  title={Universal differential equations for scientific machine learning},
  author={Rackauckas, Christopher and Ma, Yingbo and Martensen, Julius and Warner, Collin and Zubov, Kirill and Supekar, Rohit and Skinner, Dominic and Ramadhan, Ali and Edelman, Alan},
  journal={arXiv preprint arXiv:2001.04385},
  year={2020}
}

@article{oussaidene1997parallel,
  title={Parallel genetic programming and its application to trading model induction},
  author={Oussaidene, Mouloud and Chopard, Bastien and Pictet, Olivier V and Tomassini, Marco},
  journal={Parallel Computing},
  volume={23},
  number={8},
  pages={1183--1198},
  year={1997},
  publisher={Elsevier}
}

@inproceedings{nadizar2024naturally,
  title={Naturally interpretable control policies via graph-based genetic programming},
  author={Nadizar, Giorgia and Medvet, Eric and Wilson, Dennis G},
  booktitle={European Conference on Genetic Programming},
  pages={73--89},
  year={2024},
  organization={Springer}
}

@inproceedings{fang2010review,
  title={A review of tournament selection in genetic programming},
  author={Fang, Yongsheng and Li, Jun},
  booktitle={International Symposium on Intelligence Computation and Applications},
  pages={181--192},
  year={2010},
  organization={Springer}
}

@inproceedings{puiutta2020explainable,
  title={Explainable reinforcement learning: A survey},
  author={Puiutta, Erika and Veith, Eric MSP},
  booktitle={International Cross-Domain Conference for Machine Learning and Knowledge Extraction},
  pages={77--95},
  year={2020},
  organization={Springer}
}

@book{kepler1997harmony,
  title={The Harmony of the World},
  author={Kepler, Johannes},
  volume={209},
  year={1997},
  publisher={American Philosophical Society}
}

@article{newton1987philosophiae,
  title={Philosophi{\ae} naturalis principia mathematica (Mathematical principles of natural philosophy)},
  author={Newton, Isaac},
  journal={London (1687)},
  volume={1687},
  number={1687},
  pages={1687},
  year={1987}
}

@book{bonnet1781contemplation,
  title={Contemplation de la Nature},
  author={Bonnet, Charles},
  volume={4},
  year={1781},
  publisher={De l'imprimerie de Samuel Fauche, libraire du roi}
}

@article{goel1971volterra,
  title={On the Volterra and other nonlinear models of interacting populations},
  author={Goel, Narendra S and Maitra, Samaresh C and Montroll, Elliott W},
  journal={Reviews of Modern Physics},
  volume={43},
  number={2},
  pages={231},
  year={1971},
  publisher={APS}
}

@article{sutton1995generalization,
  title={Generalization in reinforcement learning: Successful examples using sparse coarse coding},
  author={Sutton, Richard S},
  journal={Advances in Neural Information Processing Systems},
  volume={8},
  year={1995}
}

@software{gymnax2022github,
  author = {Robert Tjarko Lange},
  title = {{gymnax}: A {JAX}-based Reinforcement Learning Environment Library},
  url = {http://github.com/RobertTLange/gymnax},
  version = {0.0.4},
  year = {2022},
}

@article{meurer2017sympy,
  title={SymPy: symbolic computing in Python},
  author={Meurer, Aaron and Smith, Christopher P and Paprocki, Mateusz and {\v{C}}ert{\'\i}k, Ond{\v{r}}ej and Kirpichev, Sergey B and Rocklin, Matthew and Kumar, AMiT and Ivanov, Sergiu and Moore, Jason K and Singh, Sartaj and others},
  journal={PeerJ Computer Science},
  volume={3},
  pages={e103},
  year={2017},
  publisher={PeerJ Inc.}
}

@inproceedings{raymond2023fast,
  title={Fast and efficient local-search for genetic programming based loss function learning},
  author={Raymond, Christian and Chen, Qi and Xue, Bing and Zhang, Mengjie},
  booktitle={Proceedings of the Genetic and Evolutionary Computation Conference},
  pages={1184--1193},
  year={2023}
}

@inproceedings{wagner2005heuristiclab,
  title={Heuristiclab: A generic and extensible optimization environment},
  author={Wagner, Stefan and Affenzeller, Michael},
  booktitle={Adaptive and Natural Computing Algorithms: Proceedings of the International Conference in Coimbra, Portugal, 2005},
  pages={538--541},
  year={2005},
  organization={Springer}
}

@inproceedings{wang2024tensorized,
  title={Tensorized neuroevolution of augmenting topologies for GPU acceleration},
  author={Wang, Lishuang and Zhao, Mengfei and Liu, Enyu and Sun, Kebin and Cheng, Ran},
  booktitle={Proceedings of the Genetic and Evolutionary Computation Conference},
  pages={1156--1164},
  year={2024}
}

@article{stanley2002evolving,
  title={Evolving neural networks through augmenting topologies},
  author={Stanley, Kenneth O and Miikkulainen, Risto},
  journal={Evolutionary Computation},
  volume={10},
  number={2},
  pages={99--127},
  year={2002},
  publisher={MIT Press}
}

@inproceedings{tang2022evojax,
  title={Evojax: Hardware-accelerated neuroevolution},
  author={Tang, Yujin and Tian, Yingtao and Ha, David},
  booktitle={Proceedings of the Genetic and Evolutionary Computation Conference Companion},
  pages={308--311},
  year={2022}
}

@article{montana1995strongly,
  title={Strongly typed genetic programming},
  author={Montana, David J},
  journal={Evolutionary Computation},
  volume={3},
  number={2},
  pages={199--230},
  year={1995},
  publisher={MIT Press One Rogers Street, Cambridge, MA 02142-1209, USA journals-info~…}
}

@article{huang2024evox,
  title={EvoX: A Distributed GPU-accelerated Framework for Scalable Evolutionary Computation},
  author={Huang, Beichen and Cheng, Ran and Li, Zhuozhao and Jin, Yaochu and Tan, Kay Chen},
  journal={IEEE Transactions on Evolutionary Computation},
  year={2024},
  publisher={IEEE}
}

@inproceedings{bechtle2021meta,
  title={Meta learning via learned loss},
  author={Bechtle, Sarah and Molchanov, Artem and Chebotar, Yevgen and Grefenstette, Edward and Righetti, Ludovic and Sukhatme, Gaurav and Meier, Franziska},
  booktitle={25th International Conference on Pattern Recognition (ICPR)},
  pages={4161--4168},
  year={2021},
  organization={IEEE}
}

@article{o2001grammatical,
  title={Grammatical evolution},
  author={O'Neill, Michael and Ryan, Conor},
  journal={IEEE Transactions on Evolutionary Computation},
  volume={5},
  number={4},
  pages={349--358},
  year={2001},
  publisher={IEEE}
}

@inproceedings{cano2014gpu,
  title={GPU-parallel subtree interpreter for genetic programming},
  author={Cano, Alberto and Ventura, Sebasti{\'a}n},
  booktitle={Proceedings of the Genetic and Evolutionary Computation Conference Companion},
  pages={887--894},
  year={2014}
}

@article{robilliard2009genetic,
  title={Genetic programming on graphics processing units},
  author={Robilliard, Denis and Marion-Poty, Virginie and Fonlupt, Cyril},
  journal={Genetic Programming and Evolvable Machines},
  volume={10},
  pages={447--471},
  year={2009},
  publisher={Springer}
}

@inproceedings{langdon2008simd,
  title={A SIMD interpreter for genetic programming on GPU graphics cards},
  author={Langdon, William B and Banzhaf, Wolfgang},
  booktitle={European Conference on Genetic Programming},
  pages={73--85},
  year={2008},
  organization={Springer}
}

@article{trujillo2022gsgp,
  title={Gsgp-cuda—a cuda framework for geometric semantic genetic programming},
  author={Trujillo, Leonardo and Contreras, Jose Manuel Mu{\~n}oz and Hernandez, Daniel E and Castelli, Mauro and Tapia, Juan J},
  journal={SoftwareX},
  volume={18},
  pages={101085},
  year={2022},
  publisher={Elsevier}
}

@article{castelli2019gsgp,
  title={GSGP-C++ 2.0: A geometric semantic genetic programming framework},
  author={Castelli, Mauro and Manzoni, Luca},
  journal={SoftwareX},
  volume={10},
  pages={100313},
  year={2019},
  publisher={Elsevier}
}

@article{towers2024gymnasium,
  title={Gymnasium: A Standard Interface for Reinforcement Learning Environments},
  author={Towers, Mark and Kwiatkowski, Ariel and Terry, Jordan and Balis, John U and De Cola, Gianluca and Deleu, Tristan and Goul{\~a}o, Manuel and Kallinteris, Andreas and Krimmel, Markus and KG, Arjun and others},
  journal={arXiv preprint arXiv:2407.17032},
  year={2024}
}

@inproceedings{langdon2010many,
  title={A many threaded CUDA interpreter for genetic programming},
  author={Langdon, William B},
  booktitle={European Conference on Genetic Programming},
  pages={146--158},
  year={2010},
  organization={Springer}
}

@article{sathia2021accelerating,
  title={Accelerating genetic programming using gpus},
  author={Sathia, Vimarsh and Ganesh, Venkataramana and Nanditale, Shankara Rao Thejaswi},
  journal={arXiv preprint arXiv:2110.11226},
  year={2021}
}

@inproceedings{perkis1994stack,
  title={Stack-based genetic programming},
  author={Perkis, Timothy},
  booktitle={Proceedings of the First IEEE conference on evolutionary computation. IEEE world congress on computational intelligence},
  pages={148--153},
  year={1994},
  organization={IEEE}
}

@article{chitty2017faster,
  title={Faster GPU-based genetic programming using a two-dimensional stack},
  author={Chitty, Darren M},
  journal={Soft Computing},
  volume={21},
  pages={3859--3878},
  year={2017},
  publisher={Springer}
}

@inproceedings{baeta2021tensorgp,
  title={Tensorgp--genetic programming engine in tensorflow},
  author={Baeta, Francisco and Correia, Jo{\~a}o and Martins, Tiago and Machado, Penousal},
  booktitle={Applications of Evolutionary Computation: 24th International Conference, EvoApplications 2021, Held as Part of EvoStar 2021, Virtual Event, April 7--9, 2021, Proceedings 24},
  pages={763--778},
  year={2021},
  organization={Springer}
}