@article{he2024consistency,
  title={Consistency Diffusion Bridge Models},
  author={He, Guande and Zheng, Kaiwen and Chen, Jianfei and Bao, Fan and Zhu, Jun},
  journal={arXiv preprint arXiv:2410.22637},
  year={2024}
}

@article{huang2024flow,
  title={Flow generator matching},
  author={Huang, Zemin and Geng, Zhengyang and Luo, Weijian and Qi, Guo-jun},
  journal={arXiv preprint arXiv:2410.19310},
  year={2024}
}

@article{wang2024implicit,
  title={Implicit Image-to-Image Schr{\"o}dinger Bridge for Image Restoration},
  author={Wang, Yuang and Yoon, Siyeop and Jin, Pengfei and Tivnan, Matthew and Song, Sifan and Chen, Zhennong and Hu, Rui and Zhang, Li and Chen, Zhiqiang and Wu, Dufan and others},
  journal={Zhiqiang and Wu, Dufan, Implicit Image-to-Image Schr{\"o}dinger Bridge for Image Restoration},
  year={2024}
}

@inproceedings{yin2024one,
  title={One-step diffusion with distribution matching distillation},
  author={Yin, Tianwei and Gharbi, Micha{\"e}l and Zhang, Richard and Shechtman, Eli and Durand, Fredo and Freeman, William T and Park, Taesung},
  booktitle={Proceedings of the IEEE/CVF Conference on Computer Vision and Pattern Recognition},
  pages={6613--6623},
  year={2024}
}

@article{zheng2024diffusion,
  title={Diffusion Bridge Implicit Models},
  author={Zheng, Kaiwen and He, Guande and Chen, Jianfei and Bao, Fan and Zhu, Jun},
  journal={arXiv preprint arXiv:2405.15885},
  year={2024}
}

@inproceedings{zhou2024score,
  title={Score identity distillation: Exponentially fast distillation of pretrained diffusion models for one-step generation},
  author={Zhou, Mingyuan and Zheng, Huangjie and Wang, Zhendong and Yin, Mingzhang and Huang, Hai},
  booktitle={Forty-first International Conference on Machine Learning},
  year={2024}
}

