@inproceedings{goodfellow2014generative,
  title={Generative adversarial nets},
  author={Goodfellow, Ian and Pouget-Abadie, Jean and Mirza, Mehdi and Xu, Bing and Warde-Farley, David and Ozair, Sherjil and Courville, Aaron and Bengio, Yoshua},
  booktitle={Advances in neural information processing systems},
  pages={2672--2680},
  year={2014}
}

@inproceedings{amos2022amortizing,
  title={On amortizing convex conjugates for optimal transport},
  author={Amos, Brandon},
  booktitle={The Eleventh International Conference on Learning Representations},
  year={2022}
}

@article{nguyen2020approximation,
  title={Approximation by finite mixtures of continuous density functions that vanish at infinity},
  author={Nguyen, T Tin and Nguyen, Hien D and Chamroukhi, Faicel and McLachlan, Geoffrey J},
  journal={Cogent Mathematics \& Statistics},
  volume={7},
  number={1},
  pages={1750861},
  year={2020},
  publisher={Taylor \& Francis}
}

@article{yan2024perflow,
  title={Perflow: Piecewise rectified flow as universal plug-and-play accelerator},
  author={Yan, Hanshu and Liu, Xingchao and Pan, Jiachun and Liew, Jun Hao and Liu, Qiang and Feng, Jiashi},
  journal={arXiv preprint arXiv:2405.07510},
  year={2024}
}

@inproceedings{liu2023instaflow,
  title={Instaflow: One step is enough for high-quality diffusion-based text-to-image generation},
  author={Liu, Xingchao and Zhang, Xiwen and Ma, Jianzhu and Peng, Jian and others},
  booktitle={The Twelfth International Conference on Learning Representations},
  year={2023}
}

@inproceedings{song2021sde,
  title={Score-Based Generative Modeling through Stochastic Differential Equations},
  author={Song, Yang and Sohl-Dickstein, Jascha and Kingma, Diederik P and Kumar, Abhishek and Ermon, Stefano and Poole, Ben},
  booktitle={International Conference on Learning Representations}
}

@article{posner1975random,
  title={Random coding strategies for minimum entropy},
  author={Posner, Edward},
  journal={IEEE Transactions on Information Theory},
  volume={21},
  number={4},
  pages={388--391},
  year={1975},
  publisher={IEEE}
}

@article{lecun2006tutorial,
  title={A tutorial on energy-based learning},
  author={LeCun, Yann and Chopra, Sumit and Hadsell, Raia and Ranzato, M and Huang, Fujie},
  journal={Predicting structured data},
  volume={1},
  number={0},
  year={2006}
}


@inproceedings{
su2023dual,
title={Dual Diffusion Implicit Bridges for Image-to-Image Translation},
author={Xuan Su and Jiaming Song and Chenlin Meng and Stefano Ermon},
booktitle={The Eleventh International Conference on Learning Representations },
year={2023},
url={https://openreview.net/forum?id=5HLoTvVGDe}
}

@inproceedings{rombach2022high,
  title={High-resolution image synthesis with latent diffusion models},
  author={Rombach, Robin and Blattmann, Andreas and Lorenz, Dominik and Esser, Patrick and Ommer, Bj{\"o}rn},
  booktitle={Proceedings of the IEEE/CVF Conference on Computer Vision and Pattern Recognition},
  pages={10684--10695},
  year={2022}
}



@inproceedings{genevay2019sample,
  title={Sample complexity of sinkhorn divergences},
  author={Genevay, Aude and Chizat, L{\'e}naic and Bach, Francis and Cuturi, Marco and Peyr{\'e}, Gabriel},
  booktitle={The 22nd international conference on artificial intelligence and statistics},
  pages={1574--1583},
  year={2019},
  organization={PMLR}
}

@article{ho2020denoising,
  title={Denoising diffusion probabilistic models},
  author={Ho, Jonathan and Jain, Ajay and Abbeel, Pieter},
  journal={Advances in Neural Information Processing Systems},
  volume={33},
  pages={6840--6851},
  year={2020}
}


@article{bianchini2014existence,
  title={Existence and uniqueness of the gradient flow of the Entropy in the space of probability measures},
  author={Bianchini, Stefano and Dabrowski, Alexander and others},
  journal={RENDICONTI DELL'ISTITUTO DI MATEMATICA DELL'UNIVERSIT{\`A} DI TRIESTE},
  volume={46},
  number={1},
  pages={43--70},
  year={2014}
}

@article{choi2023generative,
  title={Generative Modeling through the Semi-dual Formulation of Unbalanced Optimal Transport},
  author={Choi, Jaemoo and Choi, Jaewoong and Kang, Myungjoo},
  journal={arXiv preprint arXiv:2305.14777},
  year={2023}
}


@inproceedings{bonneel2023survey,
  title={A survey of Optimal Transport for Computer Graphics and Computer Vision},
  author={Bonneel, Nicolas and Digne, Julie},
  booktitle={Computer Graphics Forum},
  volume={42},
  number={2},
  pages={439--460},
  year={2023},
  organization={Wiley Online Library}
}


@article{khamis2023earth,
  title={Earth Movers in The Big Data Era: A Review of Optimal Transport in Machine Learning},
  author={Khamis, Abdelwahed and Tsuchida, Russell and Tarek, Mohamed and Rolland, Vivien and Petersson, Lars},
  journal={arXiv preprint arXiv:2305.05080},
  year={2023}
}


@article{flamary2021pot,
  author  = {R{\'e}mi Flamary and Nicolas Courty and Alexandre Gramfort and Mokhtar Z. Alaya and Aur{\'e}lie Boisbunon and Stanislas Chambon and Laetitia Chapel and Adrien Corenflos and Kilian Fatras and Nemo Fournier and L{\'e}o Gautheron and Nathalie T.H. Gayraud and Hicham Janati and Alain Rakotomamonjy and Ievgen Redko and Antoine Rolet and Antony Schutz and Vivien Seguy and Danica J. Sutherland and Romain Tavenard and Alexander Tong and Titouan Vayer},
  title   = {POT: Python Optimal Transport},
  journal = {Journal of Machine Learning Research},
  year    = {2021},
  volume  = {22},
  number  = {78},
  pages   = {1-8},
  url     = {http://jmlr.org/papers/v22/20-451.html}
}

@inproceedings{dvurechensky2018computational,
  title={Computational optimal transport: Complexity by accelerated gradient descent is better than by Sinkhornâ€™s algorithm},
  author={Dvurechensky, Pavel and Gasnikov, Alexander and Kroshnin, Alexey},
  booktitle={International conference on machine learning},
  pages={1367--1376},
  year={2018},
  organization={PMLR}
}


@article{gelbrich1990formula,
  title={On a formula for the L2 Wasserstein metric between measures on Euclidean and Hilbert spaces},
  author={Gelbrich, Matthias},
  journal={Mathematische Nachrichten},
  volume={147},
  number={1},
  pages={185--203},
  year={1990},
  publisher={Wiley Online Library}
}

@article{cuesta1996lower,
  title={On lower bounds for the L2-Wasserstein metric in a Hilbert space},
  author={Cuesta-Albertos, Juan Antonio and Matr{\'a}n-Bea, C and Tuero-Diaz, A},
  journal={Journal of Theoretical Probability},
  volume={9},
  number={2},
  pages={263--284},
  year={1996},
  publisher={New York: Plenum Press, c1988-}
}


@inproceedings{chen2021likelihood,
  title={Likelihood Training of Schr{\"o}dinger Bridge using Forward-Backward SDEs Theory},
  author={Chen, Tianrong and Liu, Guan-Horng and Theodorou, Evangelos},
  booktitle={International Conference on Learning Representations},
  year={2021}
}

@article{de2021diffusion,
  title={Diffusion Schr{\"o}dinger bridge with applications to score-based generative modeling},
  author={De Bortoli, Valentin and Thornton, James and Heng, Jeremy and Doucet, Arnaud},
  journal={Advances in Neural Information Processing Systems},
  volume={34},
  pages={17695--17709},
  year={2021}
}

@article{gazdieva2022unpaired,
  title={Unpaired image super-resolution with optimal transport maps},
  author={Gazdieva, Milena and Rout, Litu and Korotin, Alexander and Filippov, Alexander and Burnaev, Evgeny},
  journal={arXiv preprint arXiv:2202.01116},
  year={2022}
}

@inproceedings{bunne2023schrodinger,
  title={The Schr{\"o}dinger Bridge between Gaussian Measures has a Closed Form},
  author={Bunne, Charlotte and Hsieh, Ya-Ping and Cuturi, Marco and Krause, Andreas},
  booktitle={International Conference on Artificial Intelligence and Statistics},
  pages={5802--5833},
  year={2023},
  organization={PMLR}
}
@article{peluchetti2023diffusion,
  title={Diffusion bridge mixture transports, Schr{\"o}dinger bridge problems and generative modeling},
  author={Peluchetti, Stefano},
  journal={Journal of Machine Learning Research},
  volume={24},
  number={374},
  pages={1--51},
  year={2023}
}
@article{dowson1982frechet,
  title={The Fr{\'e}chet distance between multivariate normal distributions},
  author={Dowson, DC and Landau, BV666017},
  journal={Journal of multivariate analysis},
  volume={12},
  number={3},
  pages={450--455},
  year={1982},
  publisher={Elsevier}
}


@article{chen2016relation,
  title={On the relation between optimal transport and Schr{\"o}dinger bridges: A stochastic control viewpoint},
  author={Chen, Yongxin and Georgiou, Tryphon T and Pavon, Michele},
  journal={Journal of Optimization Theory and Applications},
  volume={169},
  pages={671--691},
  year={2016},
  publisher={Springer}
}


@inproceedings{
  korotin2022wasserstein,
  title={Wasserstein Iterative Networks for Barycenter Estimation},
  author={Alexander Korotin and Vage Egiazarian and Lingxiao Li and Evgeny Burnaev},
  booktitle={Thirty-Sixth Conference on Neural Information Processing Systems},
  year={2022},
  url={https://openreview.net/forum?id=GiEnzxTnaMN}
}



@inproceedings{wang2021deep,
  title={Deep generative learning via schr{\"o}dinger bridge},
  author={Wang, Gefei and Jiao, Yuling and Xu, Qian and Wang, Yang and Yang, Can},
  booktitle={International Conference on Machine Learning},
  pages={10794--10804},
  year={2021},
  organization={PMLR}
}

@article{vargas2021solving,
  title={Solving schr{\"o}dinger bridges via maximum likelihood},
  author={Vargas, Francisco and Thodoroff, Pierre and Lamacraft, Austen and Lawrence, Neil},
  journal={Entropy},
  volume={23},
  number={9},
  pages={1134},
  year={2021},
  publisher={MDPI}
}



@article{brenier1991polar,
  title={Polar factorization and monotone rearrangement of vector-valued functions},
  author={Brenier, Yann},
  journal={Communications on pure and applied mathematics},
  volume={44},
  number={4},
  pages={375--417},
  year={1991},
  publisher={Wiley Online Library}
}

@InProceedings{xie2019scalable,
  title = {On Scalable and Efficient Computation of Large Scale Optimal Transport},
  author = {Xie, Yujia and Chen, Minshuo and Jiang, Haoming and Zhao, Tuo and Zha, Hongyuan},
  pages = {6882--6892},
  year = {2019},
  editor = {Kamalika Chaudhuri and Ruslan Salakhutdinov}, volume = {97},
  series = {Proceedings of Machine Learning Research}, address = {Long Beach, California, USA},
  month = {09--15 Jun},
  publisher = {PMLR},
  pdf = {http://proceedings.mlr.press/v97/xie19a/xie19a.pdf},
  url = {http://proceedings.mlr.press/v97/xie19a.html}, 
}

@article{pearlmutter1994fast,
  title={Fast exact multiplication by the Hessian},
  author={Pearlmutter, Barak A},
  journal={Neural computation},
  volume={6},
  number={1},
  pages={147--160},
  year={1994},
  publisher={MIT Press}
}

@article{peyre2018mathematical,
  title={Mathematical Foundations of Data Sciences},
  author={Peyr{\'e}, Gabriel},
  journal={def},
  volume={1},
  number={2$\pi$},
  pages={2$\pi$},
  year={2018}
}

@article{milgrom2002envelope,
  title={Envelope theorems for arbitrary choice sets},
  author={Milgrom, Paul and Segal, Ilya},
  journal={Econometrica},
  volume={70},
  number={2},
  pages={583--601},
  year={2002},
  publisher={Wiley Online Library}
}


@article{fenchel1949conjugate,
  title={On conjugate convex functions},
  author={Fenchel, Werner},
  journal={Canadian Journal of Mathematics},
  volume={1},
  number={1},
  pages={73--77},
  year={1949},
  publisher={Cambridge University Press}
}


@article{chartrand2009gradient,
  title={A gradient descent solution to the Monge-Kantorovich problem},
  author={Chartrand, Rick and Wohlberg, Brendt and Vixie, Kevin and Bollt, Erik},
  journal={Applied Mathematical Sciences},
  volume={3},
  number={22},
  pages={1071--1080},
  year={2009}
}

@article{kakade2009duality,
  title={On the duality of strong convexity and strong smoothness: Learning applications and matrix regularization},
  author={Kakade, Sham and Shalev-Shwartz, Shai and Tewari, Ambuj},
  journal={Unpublished Manuscript, http://ttic. uchicago. edu/shai/papers/KakadeShalevTewari09. pdf},
  volume={2},
  number={1},
  year={2009}
}

@article{chen2018optimal,
  title={Optimal control via neural networks: A convex approach},
  author={Chen, Yize and Shi, Yuanyuan and Zhang, Baosen},
  journal={arXiv preprint arXiv:1805.11835},
  year={2018}
}

@book{villani2003topics,
  title={Topics in optimal transportation},
  author={Villani, C{\'e}dric},
  number={58},
  year={2003},
  publisher={American Mathematical Soc.}
}

@article{kingma2014adam,
  title={Adam: A method for stochastic optimization},
  author={Kingma, Diederik P and Ba, Jimmy},
  journal={arXiv preprint arXiv:1412.6980},
  year={2014}
}

@book{rockafellar1970convex,
  title={Convex analysis},
  author={Rockafellar, R Tyrrell},
  volume={28},
  year={1970},
  publisher={Princeton university press}
}

@article{rockafellar1966characterization,
  title={Characterization of the subdifferentials of convex functions},
  author={Rockafellar, Ralph},
  journal={Pacific Journal of Mathematics},
  volume={17},
  number={3},
  pages={497--510},
  year={1966},
  publisher={Mathematical Sciences Publishers}
}

@inproceedings{seguy2017large,
  title={Large Scale Optimal Transport and Mapping Estimation},
  author={Seguy, Vivien and Damodaran, Bharath Bhushan and Flamary, Remi and Courty, Nicolas and Rolet, Antoine and Blondel, Mathieu},
  booktitle={International Conference on Learning Representations},
  year={2018}
}

@inproceedings{li2017mmd,
  title={{MMD} {GAN}: Towards deeper understanding of moment matching network},
  author={Li, Chun-Liang and Chang, Wei-Cheng and Cheng, Yu and Yang, Yiming and P{\'o}czos, Barnab{\'a}s},
  booktitle={Advances in Neural Information Processing Systems},
  pages={2203--2213},
  year={2017}
}

@article{taghvaei20192,
  title={2-{W}asserstein Approximation via Restricted Convex Potentials with Application to Improved Training for {GAN}s},
  author={Taghvaei, Amirhossein and Jalali, Amin},
  journal={arXiv preprint arXiv:1902.07197},
  year={2019}
}


@article{mccann1995existence,
  title={Existence and uniqueness of monotone measure-preserving maps},
  author={McCann, Robert J and others},
  journal={Duke Mathematical Journal},
  volume={80},
  number={2},
  pages={309--324},
  year={1995},
  publisher={Durham, NC: Duke University Press, 1935-}
}


@inproceedings{rakhlin2013online,
  title={Online Learning with Predictable Sequences.},
  author={Rakhlin, Alexander and Sridharan, Karthik},
  booktitle={COLT},
  pages={993--1019},
  year={2013}
}

@article{mirza2014conditional,
  title={Conditional generative adversarial nets},
  author={Mirza, Mehdi and Osindero, Simon},
  journal={arXiv preprint arXiv:1411.1784},
  year={2014}
}

@inproceedings{chen2019gradual,
  title={A gradual, semi-discrete approach to generative network training via explicit {W}asserstein minimization},
  author={Chen, Yucheng and Telgarsky, Matus and Zhang, Chao and Bailey, Bolton and Hsu, Daniel and Peng, Jian},
  booktitle={International Conference on Machine Learning},
  pages={1071--1080},
  year={2019},
  organization={PMLR}
}

@article{bellemare2017cramer,
  title={The cramer distance as a solution to biased {W}asserstein gradients},
  author={Bellemare, Marc G and Danihelka, Ivo and Dabney, Will and Mohamed, Shakir and Lakshminarayanan, Balaji and Hoyer, Stephan and Munos, R{\'e}mi},
  journal={arXiv preprint arXiv:1705.10743},
  year={2017}
}

@article{daskalakis2017training,
  title={Training {GAN}s with optimism},
  author={Daskalakis, Constantinos and Ilyas, Andrew and Syrgkanis, Vasilis and Zeng, Haoyang},
  journal={arXiv preprint arXiv:1711.00141},
  year={2017}
}

@article{yadav2017stabilizing,
  title={Stabilizing adversarial nets with prediction methods},
  author={Yadav, Abhay and Shah, Sohil and Xu, Zheng and Jacobs, David and Goldstein, Tom},
  journal={arXiv preprint arXiv:1705.07364},
  year={2017}
}

@inproceedings{mescheder2017numerics,
  title={The numerics of {GAN}s},
  author={Mescheder, Lars and Nowozin, Sebastian and Geiger, Andreas},
  booktitle={Advances in Neural Information Processing Systems},
  pages={1825--1835},
  year={2017}
}



@inproceedings{li2015generative,
  title={Generative moment matching networks},
  author={Li, Yujia and Swersky, Kevin and Zemel, Rich},
  booktitle={International Conference on Machine Learning},
  pages={1718--1727},
  year={2015}
}


@inproceedings{gulrajani2017improved,
  title={Improved training of {W}asserstein {GAN}s},
  author={Gulrajani, Ishaan and Ahmed, Faruk and Arjovsky, Martin and Dumoulin, Vincent and Courville, Aaron C},
  booktitle={Advances in Neural Information Processing Systems},
  pages={5767--5777},
  year={2017}
}


@article{yarotsky2017error,
  title={Error bounds for approximations with deep ReLU networks},
  author={Yarotsky, Dmitry},
  journal={Neural Networks},
  volume={94},
  pages={103--114},
  year={2017},
  publisher={Elsevier}
}

@inproceedings{tolstikhin2017adagan,
  title={Ada{GAN}: Boosting generative models},
  author={Tolstikhin, Ilya O and Gelly, Sylvain and Bousquet, Olivier and Simon-Gabriel, Carl-Johann and Sch{\"o}lkopf, Bernhard},
  booktitle={Advances in Neural Information Processing Systems},
  pages={5424--5433},
  year={2017}
}


@article{grnarova2017online,
  title={An online learning approach to generative adversarial networks},
  author={Grnarova, Paulina and Levy, Kfir Y and Lucchi, Aurelien and Hofmann, Thomas and Krause, Andreas},
  journal={arXiv preprint arXiv:1706.03269},
  year={2017}
}


@article{arjovsky2017towards,
  title={Towards principled methods for training generative adversarial networks},
  author={Arjovsky, Martin and Bottou, L{\'e}on},
  journal={arXiv preprint arXiv:1701.04862},
  year={2017}
}

@article{arora2017generalization,
  title={Generalization and equilibrium in generative adversarial nets ({GAN}s)},
  author={Arora, Sanjeev and Ge, Rong and Liang, Yingyu and Ma, Tengyu and Zhang, Yi},
  journal={arXiv preprint arXiv:1703.00573},
  year={2017}
}


@article{cuturi2014fast,
  title={Fast computation of {W}asserstein barycenters},
  author={Cuturi, Marco and Doucet, Arnaud},
  year={2014},
  publisher={Journal of Machine Learning Research}
}

@article{solomon2018optimal,
  title={Optimal transport on discrete domains},
  author={Solomon, Justin},
  journal={AMS Short Course on Discrete Differential Geometry},
  year={2018}
}

@article{solomon2015convolutional,
  title={Convolutional {W}asserstein distances: Efficient optimal transportation on geometric domains},
  author={Solomon, Justin and De Goes, Fernando and Peyr{\'e}, Gabriel and Cuturi, Marco and Butscher, Adrian and Nguyen, Andy and Du, Tao and Guibas, Leonidas},
  journal={ACM Transactions on Graphics (TOG)},
  volume={34},
  number={4},
  pages={1--11},
  year={2015},
  publisher={ACM New York, NY, USA}
}

@article{li2020continuous,
  title={Continuous Regularized {W}asserstein Barycenters},
  author={Li, Lingxiao and Genevay, Aude and Yurochkin, Mikhail and Solomon, Justin},
  journal={arXiv preprint arXiv:2008.12534},
  year={2020}
}

@inproceedings{genevay2016stochastic,
  title={Stochastic optimization for large-scale optimal transport},
  author={Genevay, Aude and Cuturi, Marco and Peyr{\'e}, Gabriel and Bach, Francis},
  booktitle={Advances in neural information processing systems},
  pages={3440--3448},
  year={2016}
}


@article{mroueh2019wasserstein,
  title={Wasserstein style transfer},
  author={Mroueh, Youssef},
  journal={arXiv preprint arXiv:1905.12828},
  year={2019}
}

@article{agueh2011barycenters,
  title={Barycenters in the {W}asserstein space},
  author={Agueh, Martial and Carlier, Guillaume},
  journal={SIAM Journal on Mathematical Analysis},
  volume={43},
  number={2},
  pages={904--924},
  year={2011},
  publisher={SIAM}
}

@inproceedings{rabin2011wasserstein,
  title={Wasserstein barycenter and its application to texture mixing},
  author={Rabin, Julien and Peyr{\'e}, Gabriel and Delon, Julie and Bernot, Marc},
  booktitle={International Conference on Scale Space and Variational Methods in Computer Vision},
  pages={435--446},
  year={2011},
  organization={Springer}
}


@article{rabin2011transportation,
  title={Transportation distances on the circle},
  author={Rabin, Julien and Delon, Julie and Gousseau, Yann},
  journal={Journal of Mathematical Imaging and Vision},
  volume={41},
  number={1-2},
  pages={147},
  year={2011},
  publisher={Springer}
}


@inproceedings{mroueh2017fisher,
  title={Fisher {GAN}},
  author={Mroueh, Youssef and Sercu, Tom},
  booktitle={Advances in Neural Information Processing Systems},
  pages={2513--2523},
  year={2017}
}


@article{mroueh2017sobolev,
  title={Sobolev {GAN}},
  author={Mroueh, Youssef and Li, Chun-Liang and Sercu, Tom and Raj, Anant and Cheng, Yu},
  journal={arXiv preprint arXiv:1711.04894},
  year={2017}
}


@article{sonderby2016amortised,
  title={Amortised map inference for image super-resolution},
  author={S{\o}nderby, Casper Kaae and Caballero, Jose and Theis, Lucas and Shi, Wenzhe and Husz{\'a}r, Ferenc},
  journal={arXiv preprint arXiv:1610.04490},
  year={2016}
}

@inproceedings{johnson2016perceptual,
  title={Perceptual losses for real-time style transfer and super-resolution},
  author={Johnson, Justin and Alahi, Alexandre and Fei-Fei, Li},
  booktitle={European conference on computer vision},
  pages={694--711},
  year={2016},
  organization={Springer}
}


@article{burt1983laplacian,
  title={The Laplacian pyramid as a compact image code},
  author={Burt, Peter and Adelson, Edward},
  journal={IEEE Transactions on communications},
  volume={31},
  number={4},
  pages={532--540},
  year={1983},
  publisher={IEEE}
}


@incollection{spence1978job,
  title={Job market signaling},
  author={Spence, Michael},
  booktitle={Uncertainty in economics},
  pages={281--306},
  year={1978},
  publisher={Elsevier}
}

@article{carpenter2017stan,
  title={Stan: A probabilistic programming language},
  author={Carpenter, Bob and Gelman, Andrew and Hoffman, Matthew D and Lee, Daniel and Goodrich, Ben and Betancourt, Michael and Brubaker, Marcus and Guo, Jiqiang and Li, Peter and Riddell, Allen},
  journal={Journal of statistical software},
  volume={76},
  number={1},
  year={2017},
  publisher={Columbia Univ., New York, NY (United States); Harvard Univ., Cambridge, MA~â€¦}
}

@article{arjovsky2017wasserstein,
  title={Wasserstein {GAN}},
  author={Arjovsky, Martin and Chintala, Soumith and Bottou, L{\'e}on},
  journal={arXiv preprint arXiv:1701.07875},
  year={2017}
}

@article{weed2019sharp,
  title={Sharp asymptotic and finite-sample rates of convergence of empirical measures in {W}asserstein distance},
  author={Weed, Jonathan and Bach, Francis and others},
  journal={Bernoulli},
  volume={25},
  number={4A},
  pages={2620--2648},
  year={2019},
  publisher={Bernoulli Society for Mathematical Statistics and Probability}
}

@article{dowson1982frechet,
  title={The Fr{\'e}chet distance between multivariate normal distributions},
  author={Dowson, DC and Landau, BV},
  journal={Journal of multivariate analysis},
  volume={12},
  number={3},
  pages={450--455},
  year={1982},
  publisher={Elsevier}
}


@article{liang2017well,
  title={How Well Can Generative Adversarial Networks ({GAN}) Learn Densities: A Nonparametric View},
  author={Liang, Tengyuan},
  journal={arXiv preprint arXiv:1712.08244},
  year={2017}
}

@inproceedings{liu2019wasserstein,
  title={Wasserstein {GAN} with quadratic transport cost},
  author={Liu, Huidong and Gu, Xianfeng and Samaras, Dimitris},
  booktitle={Proceedings of the IEEE International Conference on Computer Vision},
  pages={4832--4841},
  year={2019}
}

@article{stanczuk2021wasserstein,
  title={Wasserstein {GAN}s Work Because They Fail (to Approximate the {W}asserstein Distance)},
  author={Stanczuk, Jan and Etmann, Christian and Kreusser, Lisa Maria and Schonlieb, Carola-Bibiane},
  journal={arXiv preprint arXiv:2103.01678},
  year={2021}
}

@article{mallasto2019q,
  title={(q, p)-{W}asserstein {GAN}s: Comparing Ground Metrics for {W}asserstein {GAN}s},
  author={Mallasto, Anton and Frellsen, Jes and Boomsma, Wouter and Feragen, Aasa},
  journal={arXiv preprint arXiv:1902.03642},
  year={2019}
}

@article{barron2017continuously,
  title={Continuously differentiable exponential linear units},
  author={Barron, Jonathan T},
  journal={arXiv preprint arXiv:1704.07483},
  year={2017}
}


@article{alvarez2016fixed,
  title={A fixed-point approach to barycenters in {W}asserstein space},
  author={{\'A}lvarez-Esteban, Pedro C and Del Barrio, E and Cuesta-Albertos, JA and Matr{\'a}n, C},
  journal={Journal of Mathematical Analysis and Applications},
  volume={441},
  number={2},
  pages={744--762},
  year={2016},
  publisher={Elsevier}
}

@inproceedings{staib2017parallel,
  title={Parallel streaming {W}asserstein barycenters},
  author={Staib, Matthew and Claici, Sebastian and Solomon, Justin M and Jegelka, Stefanie},
  booktitle={Advances in Neural Information Processing Systems},
  pages={2647--2658},
  year={2017}
}

@inproceedings{nhan2019threeplayer,
  title={Threeplayer {W}asserstein {GAN} via amortised duality},
  author={Nhan Dam, Quan Hoang and Le, Trung and Nguyen, Tu Dinh and Bui, Hung and Phung, Dinh},
  booktitle={Proc. of the 28th Int. Joint Conf. on Artificial Intelligence (IJCAI)},
  year={2019}
}

@inproceedings{roth2017stabilizing,
  title={Stabilizing training of generative adversarial networks through regularization},
  author={Roth, Kevin and Lucchi, Aurelien and Nowozin, Sebastian and Hofmann, Thomas},
  booktitle={Advances in neural information processing systems},
  pages={2018--2028},
  year={2017}
}

@inproceedings{nowozin2016f,
  title={f-{GAN}: Training generative neural samplers using variational divergence minimization},
  author={Nowozin, Sebastian and Cseke, Botond and Tomioka, Ryota},
  booktitle={Advances in neural information processing systems},
  pages={271--279},
  year={2016}
}

@inproceedings{rezende2015variational,
  title={Variational inference with normalizing flows},
  author={Rezende, Danilo and Mohamed, Shakir},
  booktitle={International conference on machine learning},
  pages={1530--1538},
  year={2015},
  organization={PMLR}
}


@inproceedings{salimans2016improved,
  title={Improved techniques for training {GAN}s},
  author={Salimans, Tim and Goodfellow, Ian and Zaremba, Wojciech and Cheung, Vicki and Radford, Alec and Chen, Xi},
  booktitle={Advances in neural information processing systems},
  pages={2234--2242},
  year={2016}
}

@article{schrieber2016dotmark,
  title={Dotmark--a benchmark for discrete optimal transport},
  author={Schrieber, J{\"o}rn and Schuhmacher, Dominic and Gottschlich, Carsten},
  journal={IEEE Access},
  volume={5},
  pages={271--282},
  year={2016},
  publisher={IEEE}
}

@article{alfonsi2020squared,
  title={Squared quadratic {W}asserstein distance: optimal couplings and Lions differentiability},
  author={Alfonsi, Aur{\'e}lien and Jourdain, Benjamin},
  journal={ESAIM: Probability and Statistics},
  volume={24},
  pages={703--717},
  year={2020},
  publisher={EDP Sciences}
}


@article{liang2018well,
  title={On How Well Generative Adversarial Networks Learn Densities: Nonparametric and Parametric Results},
  author={Liang, Tengyuan},
  journal={arXiv preprint arXiv:1811.03179},
  year={2018}
}

@article{mallasto2019well,
  title={How Well Do {WGAN}s Estimate the {W}asserstein Metric?},
  author={Mallasto, Anton and Mont{\'u}far, Guido and Gerolin, Augusto},
  journal={arXiv preprint arXiv:1910.03875},
  year={2019}
}

@article{gangbo1995optimal,
  title={Optimal maps in Monge's mass transport problem},
  author={Gangbo, Wilfrid and McCann, Robert J},
  journal={Comptes Rendus de l'Academie des Sciences-Serie I-Mathematique},
  volume={321},
  number={12},
  pages={1653},
  year={1995},
  publisher={Paris: Gauthier-Villars, c1984-c2001.}
}


@article{kantorovitch1958translocation,
  title={On the translocation of masses},
  author={Kantorovitch, Leonid},
  journal={Management Science},
  volume={5},
  number={1},
  pages={1--4},
  year={1958},
  publisher={INFORMS}
}

@inproceedings{pinetz2019estimation,
  title={On the estimation of the {W}asserstein distance in generative models},
  author={Pinetz, Thomas and Soukup, Daniel and Pock, Thomas},
  booktitle={German Conference on Pattern Recognition},
  pages={156--170},
  year={2019},
  organization={Springer}
}

@inproceedings{zhang2018unreasonable,
  title={The unreasonable effectiveness of deep features as a perceptual metric},
  author={Zhang, Richard and Isola, Phillip and Efros, Alexei A and Shechtman, Eli and Wang, Oliver},
  booktitle={Proceedings of the IEEE conference on computer vision and pattern recognition},
  pages={586--595},
  year={2018}
}


@article{nguyen2010estimating,
  title={Estimating divergence functionals and the likelihood ratio by convex risk minimization},
  author={Nguyen, XuanLong and Wainwright, Martin J and Jordan, Michael I},
  journal={IEEE Transactions on Information Theory},
  volume={56},
  number={11},
  pages={5847--5861},
  year={2010},
  publisher={IEEE}
}

@article{sanjabi2018convergence,
  title={On the convergence and robustness of training {GAN}s with regularized optimal transport},
  author={Sanjabi, Maziar and Ba, Jimmy and Razaviyayn, Meisam and Lee, Jason D},
  journal={arXiv preprint arXiv:1802.08249},
  year={2018}
}

@inproceedings{dvurechenskii2018decentralize,
  title={Decentralize and randomize: Faster algorithm for {W}asserstein barycenters},
  author={Dvurechenskii, Pavel and Dvinskikh, Darina and Gasnikov, Alexander and Uribe, Cesar and Nedich, Angelia},
  booktitle={Advances in Neural Information Processing Systems},
  pages={10760--10770},
  year={2018}
}

@article{chewi2020gradient,
  title={Gradient descent algorithms for Bures-{W}asserstein barycenters},
  author={Chewi, Sinho and Maunu, Tyler and Rigollet, Philippe and Stromme, Austin J},
  journal={arXiv preprint arXiv:2001.01700},
  year={2020}
}

@inproceedings{
  korotin2019wasserstein,
  title={Wasserstein-2 Generative Networks},
  author={Alexander Korotin and Vage Egiazarian and Arip Asadulaev and Alexander Safin and Evgeny Burnaev},
  booktitle={International Conference on Learning Representations},
  year={2021},
  url={https://openreview.net/forum?id=bEoxzW_EXsa}
}

@inproceedings{amos2017input,
  title={Input convex neural networks},
  author={Amos, Brandon and Xu, Lei and Kolter, J Zico},
  booktitle={Proceedings of the 34th International Conference on Machine Learning-Volume 70},
  pages={146--155},
  year={2017},
  organization={JMLR. org}
}

@article{peyre2019computational,
  title={Computational optimal transport},
  author={Peyr{\'e}, Gabriel and Cuturi, Marco and others},
  journal={Foundations and Trends{\textregistered} in Machine Learning},
  volume={11},
  number={5-6},
  pages={355--607},
  year={2019},
  publisher={Now Publishers, Inc.}
}



@article{henry2019martingale,
  title={(Martingale) Optimal Transport and Anomaly Detection with Neural Networks: A Primal-Dual Algorithm},
  author={Henry-Labordere, Pierre},
  journal={Available at SSRN 3370910},
  year={2019}
}


@book{alexandrov2005convex,
  title={Convex polyhedra},
  author={Alexandrov, Aleksandr D},
  year={2005},
  publisher={Springer Science \& Business Media}
}


@inproceedings{makkuva2020optimal,
  title={Optimal transport mapping via input convex neural networks},
  author={Makkuva, Ashok and Taghvaei, Amirhossein and Oh, Sewoong and Lee, Jason},
  booktitle={International Conference on Machine Learning},
  pages={6672--6681},
  year={2020},
  organization={PMLR}
}





@book{villani2008optimal,
  title={Optimal transport: old and new},
  author={Villani, C{\'e}dric},
  volume={338},
  year={2008},
  publisher={Springer Science \& Business Media}
}


@article{singh2018nonparametric,
  title={Nonparametric Density Estimation under Adversarial Losses},
  author={Singh, Shashank and Uppal, Ananya and Li, Boyue and Li, Chun-Liang and Zaheer, Manzil and P{\'o}czos, Barnab{\'a}s},
  journal={arXiv preprint arXiv:1805.08836},
  year={2018}
}

@article{liang2018interaction,
  title={Interaction matters: A note on non-asymptotic local convergence of generative adversarial networks},
  author={Liang, Tengyuan and Stokes, James},
  journal={arXiv preprint arXiv:1802.06132},
  year={2018}
}


@article{luise2018differential,
  title={Differential Properties of Sinkhorn Approximation for Learning with {W}asserstein Distance},
  author={Luise, Giulia and Rudi, Alessandro and Pontil, Massimiliano and Ciliberto, Carlo},
  journal={arXiv preprint arXiv:1805.11897},
  year={2018}
}

@inproceedings{lee2018minimax,
  title={Minimax statistical learning with {W}asserstein distances},
  author={Lee, Jaeho and Raginsky, Maxim},
  booktitle={Advances in Neural Information Processing Systems},
  pages={2688--2698},
  year={2018}
}

@article{lei2019mode,
  title={Mode collapse and regularity of optimal transportation Maps},
  author={Lei, Na and Guo, Yang and An, Dongsheng and Qi, Xin and Luo, Zhongxuan and Yau, Shing-Tung and Gu, Xianfeng},
  journal={arXiv preprint arXiv:1902.02934},
  year={2019}
}

@article{lu2020large,
  title={Large-Scale Optimal Transport via Adversarial Training with Cycle-Consistency},
  author={Lu, Guansong and Zhou, Zhiming and Shen, Jian and Chen, Cheng and Zhang, Weinan and Yu, Yong},
  journal={arXiv preprint arXiv:2003.06635},
  year={2020}
}

@article{liu2021learning,
  title={Learning High Dimensional {W}asserstein Geodesics},
  author={Liu, Shu and Ma, Shaojun and Chen, Yongxin and Zha, Hongyuan and Zhou, Haomin},
  journal={arXiv preprint arXiv:2102.02992},
  year={2021}
}

@article{leygonie2019adversarial,
  title={Adversarial computation of optimal transport maps},
  author={Leygonie, Jacob and She, Jennifer and Almahairi, Amjad and Rajeswar, Sai and Courville, Aaron},
  journal={arXiv preprint arXiv:1906.09691},
  year={2019}
}


% -------------- DENIS --------------

@article{radford2015unsupervised,
  title={Unsupervised representation learning with deep convolutional generative adversarial networks},
  author={Radford, Alec and Metz, Luke and Chintala, Soumith},
  journal={arXiv preprint arXiv:1511.06434},
  year={2015}
}

@article{karras2017progressive,
  title={Progressive growing of {GAN}s for improved quality, stability, and variation},
  author={Karras, Tero and Aila, Timo and Laine, Samuli and Lehtinen, Jaakko},
  journal={arXiv preprint arXiv:1710.10196},
  year={2017}
}

@article{lei2019geometric,
  title={A geometric view of optimal transportation and generative model},
  author={Lei, Na and Su, Kehua and Cui, Li and Yau, Shing-Tung and Gu, Xianfeng David},
  journal={Computer Aided Geometric Design},
  volume={68},
  pages={1--21},
  year={2019},
  publisher={Elsevier}
}


@inproceedings{ledig2017photo,
  title={Photo-realistic single image super-resolution using a generative adversarial network},
  author={Ledig, Christian and Theis, Lucas and Husz{\'a}r, Ferenc and Caballero, Jose and Cunningham, Andrew and Acosta, Alejandro and Aitken, Andrew and Tejani, Alykhan and Totz, Johannes and Wang, Zehan and others},
  booktitle={Proceedings of the IEEE conference on computer vision and pattern recognition},
  pages={4681--4690},
  year={2017}
}


@inproceedings{yeh2017semantic,
  title={Semantic image inpainting with deep generative models},
  author={Yeh, Raymond A and Chen, Chen and Yian Lim, Teck and Schwing, Alexander G and Hasegawa-Johnson, Mark and Do, Minh N},
  booktitle={Proceedings of the IEEE Conference on Computer Vision and Pattern Recognition},
  pages={5485--5493},
  year={2017}
}


@inproceedings{zhu2017unpaired,
  title={Unpaired image-to-image translation using cycle-consistent adversarial networks},
  author={Zhu, Jun-Yan and Park, Taesung and Isola, Phillip and Efros, Alexei A},
  booktitle={Proceedings of the IEEE international conference on computer vision},
  pages={2223--2232},
  year={2017}
}


@article{reed2016generative,
  title={Generative adversarial text to image synthesis},
  author={Reed, Scott and Akata, Zeynep and Yan, Xinchen and Logeswaran, Lajanugen and Schiele, Bernt and Lee, Honglak},
  journal={arXiv preprint arXiv:1605.05396},
  year={2016}
}

@inproceedings{liu2016coupled,
  title={Coupled generative adversarial networks},
  author={Liu, Ming-Yu and Tuzel, Oncel},
  booktitle={Advances in neural information processing systems},
  pages={469--477},
  year={2016}
}

@inproceedings{chen2016infogan,
  title={Infogan: Interpretable representation learning by information maximizing generative adversarial nets},
  author={Chen, Xi and Duan, Yan and Houthooft, Rein and Schulman, John and Sutskever, Ilya and Abbeel, Pieter},
  booktitle={Advances in neural information processing systems},
  pages={2172--2180},
  year={2016}
}

@inproceedings{liu2022flow,
  title={Flow Straight and Fast: Learning to Generate and Transfer Data with Rectified Flow},
  author={Liu, Xingchao and Gong, Chengyue and others},
  booktitle={The Eleventh International Conference on Learning Representations},
  year={2022}
}

@inproceedings{koshizuka2022neural,
  title={Neural Lagrangian Schr$\backslash$"$\{$o$\}$ dinger Bridge: Diffusion Modeling for Population Dynamics},
  author={Koshizuka, Takeshi and Sato, Issei},
  booktitle={The Eleventh International Conference on Learning Representations},
  year={2022}
}

@article{sauer2023stylegan,
  title={Stylegan-t: Unlocking the power of gans for fast large-scale text-to-image synthesis},
  author={Sauer, Axel and Karras, Tero and Laine, Samuli and Geiger, Andreas and Aila, Timo},
  journal={arXiv preprint arXiv:2301.09515},
  year={2023}
}

@inproceedings{radford2021learning,
  title={Learning transferable visual models from natural language supervision},
  author={Radford, Alec and Kim, Jong Wook and Hallacy, Chris and Ramesh, Aditya and Goh, Gabriel and Agarwal, Sandhini and Sastry, Girish and Askell, Amanda and Mishkin, Pamela and Clark, Jack and others},
  booktitle={International conference on machine learning},
  pages={8748--8763},
  year={2021},
  organization={PMLR}
}




@book{schrodinger1931umkehrung,
  title={{\"U}ber die umkehrung der naturgesetze},
  author={Schr{\"o}dinger, Erwin},
  year={1931},
  publisher={Verlag der Akademie der Wissenschaften in Kommission bei Walter De Gruyter u~â€¦}
}

@inproceedings{schrodinger1932theorie,
  title={Sur la th{\'e}orie relativiste de l'{\'e}lectron et l'interpr{\'e}tation de la m{\'e}canique quantique},
  author={Schr{\"o}dinger, Erwin},
  booktitle={Annales de l'institut Henri Poincar{\'e}},
  volume={2},
  number={4},
  pages={269--310},
  year={1932}
}


@article{metz2016unrolled,
  title={Unrolled generative adversarial networks},
  author={Metz, Luke and Poole, Ben and Pfau, David and Sohl-Dickstein, Jascha},
  journal={arXiv preprint arXiv:1611.02163},
  year={2016}
}


@article{hutter2021minimax,
  title={Minimax estimation of smooth optimal transport maps},
  author={H{\"u}tter, Jan-Christian and Rigollet, Philippe},
  year={2021}
}

@article{pooladian2021entropic,
  title={Entropic estimation of optimal transport maps},
  author={Pooladian, Aram-Alexandre and Niles-Weed, Jonathan},
  journal={arXiv preprint arXiv:2109.12004},
  year={2021}
}

@article{manole2021plugin,
  title={Plugin estimation of smooth optimal transport maps},
  author={Manole, Tudor and Balakrishnan, Sivaraman and Niles-Weed, Jonathan and Wasserman, Larry},
  journal={arXiv preprint arXiv:2107.12364},
  year={2021}
}

@article{deb2021rates,
  title={Rates of estimation of optimal transport maps using plug-in estimators via barycentric projections},
  author={Deb, Nabarun and Ghosal, Promit and Sen, Bodhisattva},
  journal={Advances in Neural Information Processing Systems},
  volume={34},
  pages={29736--29753},
  year={2021}
}

@article{ReinhardAGS01,
  author    = {Erik Reinhard and
               Michael Ashikhmin and
               Bruce Gooch and
               Peter Shirley},
  title     = {Color Transfer between Images},
  journal   = {{IEEE} Computer Graphics and Applications},
  volume    = {21},
  number    = {5},
  pages     = {34--41},
  year      = {2001},
  url       = {https://doi.org/10.1109/38.946629},
  doi       = {10.1109/38.946629},
  timestamp = {Sat, 20 May 2017 00:25:50 +0200},
  biburl    = {https://dblp.org/rec/bib/journals/cga/ReinhardAGS01},
  bibsource = {dblp computer science bibliography, https://dblp.org}
}

@article{PapadakisPC11,
  author    = {Nicolas Papadakis and
               Edoardo Provenzi and
               Vicent Caselles},
  title     = {A Variational Model for Histogram Transfer of Color Images},
  journal   = {{IEEE} Trans. Image Processing},
  volume    = {20},
  number    = {6},
  pages     = {1682--1695},
  year      = {2011},
  url       = {https://doi.org/10.1109/TIP.2010.2095869},
  doi       = {10.1109/TIP.2010.2095869},
  timestamp = {Wed, 14 Nov 2018 10:38:23 +0100},
  biburl    = {https://dblp.org/rec/bib/journals/tip/PapadakisPC11},
  bibsource = {dblp computer science bibliography, https://dblp.org}
}

@inproceedings{NeumannN05,
  author    = {Attila Neumann and
               L{\'{a}}szl{\'{o}} Neumann},
  title     = {Color Style Transfer Techniques using Hue, Lightness and Saturation
               Histogram Matching},
  booktitle = {Computational Aesthetics 2005: Eurographics Workshop on Computational
               Aesthetics in Graphics, Visualization and Imaging 2005, Girona, Spain,
               May 18-20, 2005},
  pages     = {111--122},
  year      = {2005},
  url       = {https://doi.org/10.2312/COMPAESTH/COMPAESTH05/111-122},
  doi       = {10.2312/COMPAESTH/COMPAESTH05/111-122},
  timestamp = {Thu, 25 May 2017 00:43:04 +0200},
  biburl    = {https://dblp.org/rec/bib/conf/cae/NeumannN05},
  bibsource = {dblp computer science bibliography, https://dblp.org}
}

@article{PouliR11,
  author    = {Tania Pouli and
               Erik Reinhard},
  title     = {Progressive color transfer for images of arbitrary dynamic range},
  journal   = {Computers {\&} Graphics},
  volume    = {35},
  number    = {1},
  pages     = {67--80},
  year      = {2011},
  url       = {https://doi.org/10.1016/j.cag.2010.11.003},
  doi       = {10.1016/j.cag.2010.11.003},
  timestamp = {Wed, 17 May 2017 10:56:17 +0200},
  biburl    = {https://dblp.org/rec/bib/journals/cg/PouliR11},
  bibsource = {dblp computer science bibliography, https://dblp.org}
}

@article{korotin2019integral,
  title={Integral Mixability: a Tool for Efficient Online Aggregation of Functional and Probabilistic Forecasts},
  author={Korotin, Alexander and V'yugin, Vladimir and Burnaev, Evgeny},
  journal={arXiv preprint arXiv:1912.07048},
  year={2019}
}

@inproceedings{
    korotin2023kernel,
    title={Kernel Neural Optimal Transport},
    author={Korotin, Alexander and Selikhanovych, Daniil and Burnaev, Evgeny},
    booktitle={International Conference on Learning Representations},
    year={2023},
    url={https://openreview.net/forum?id=Zuc_MHtUma4}
}

@article{sejdinovic2013equivalence,
  title={Equivalence of distance-based and RKHS-based statistics in hypothesis testing},
  author={Sejdinovic, Dino and Sriperumbudur, Bharath and Gretton, Arthur and Fukumizu, Kenji},
  journal={The annals of statistics},
  pages={2263--2291},
  year={2013},
  publisher={JSTOR}
}


@article{
fan2021scalable,
    title={Neural Monge Map estimation and its applications},
    author={Jiaojiao Fan and Shu Liu and Shaojun Ma and Hao-Min Zhou and Yongxin Chen},
    journal={Transactions on Machine Learning Research},
    issn={2835-8856},
    year={2023},
    url={https://openreview.net/forum?id=2mZSlQscj3},
    note={Featured Certification}
}


@inproceedings{rout2021generative,
  title={Generative Modeling with Optimal Transport Maps},
  author={Rout, Litu and Korotin, Alexander and Burnaev, Evgeny},
  booktitle={International Conference on Learning Representations},
  year={2021}
}


@article{korotin2021neural,
  title={Do neural optimal transport solvers work? a continuous wasserstein-2 benchmark},
  author={Korotin, Alexander and Li, Lingxiao and Genevay, Aude and Solomon, Justin M and Filippov, Alexander and Burnaev, Evgeny},
  journal={Advances in Neural Information Processing Systems},
  volume={34},
  pages={14593--14605},
  year={2021}
}

@inproceedings{
korotin2022kantorovich,
title={Kantorovich Strikes Back! Wasserstein {GAN}s are not Optimal Transport?},
author={Alexander Korotin and Alexander Kolesov and Evgeny Burnaev},
booktitle={Thirty-sixth Conference on Neural Information Processing Systems Datasets and Benchmarks Track},
year={2022},
url={https://openreview.net/forum?id=VtEEpi-dGlt}
}


@inproceedings{
korotin2021continuous,
title={Continuous Wasserstein-2 Barycenter Estimation without Minimax Optimization},
author={Alexander Korotin and Lingxiao Li and Justin Solomon and Evgeny Burnaev},
booktitle={International Conference on Learning Representations},
year={2021},
url={https://openreview.net/forum?id=3tFAs5E-Pe}
}

@article{srivastava2018scalable,
  title={Scalable Bayes via barycenter in {W}asserstein space},
  author={Srivastava, Sanvesh and Li, Cheng and Dunson, David B},
  journal={The Journal of Machine Learning Research},
  volume={19},
  number={1},
  pages={312--346},
  year={2018},
  publisher={JMLR. org}
}



@article{santambrogio2015optimal,
  title={Optimal transport for applied mathematicians},
  author={Santambrogio, Filippo},
  journal={Birk{\"a}user, NY},
  volume={55},
  number={58-63},
  pages={94},
  year={2015},
  publisher={Springer}
}

@inproceedings{srivastava2015wasp,
  title={WASP: Scalable Bayes via barycenters of subset posteriors},
  author={Srivastava, Sanvesh and Cevher, Volkan and Dinh, Quoc and Dunson, David},
  booktitle={Artificial Intelligence and Statistics},
  pages={912--920},
  year={2015}
}

@article{huang2020convex,
  title={Convex Potential Flows: Universal Probability Distributions with Optimal Transport and Convex Optimization},
  author={Huang, Chin-Wei and Chen, Ricky TQ and Tsirigotis, Christos and Courville, Aaron},
  journal={arXiv preprint arXiv:2012.05942},
  year={2020}
}

@inproceedings{luo2018wgan,
  title={W{GAN} domain adaptation for EEG-based emotion recognition},
  author={Luo, Yun and Zhang, Si-Yang and Zheng, Wei-Long and Lu, Bao-Liang},
  booktitle={International Conference on Neural Information Processing},
  pages={275--286},
  year={2018},
  organization={Springer}
}

@article{liu2016stein,
  title={Stein variational gradient descent: A general purpose bayesian inference algorithm},
  author={Liu, Qiang and Wang, Dilin},
  journal={arXiv preprint arXiv:1608.04471},
  year={2016}
}


@article{cao2019multi,
  title={Multi-marginal {W}asserstein {GAN}},
  author={Cao, Jiezhang and Mo, Langyuan and Zhang, Yifan and Jia, Kui and Shen, Chunhua and Tan, Mingkui},
  journal={arXiv preprint arXiv:1911.00888},
  year={2019}
}

@inproceedings{liu2018two,
  title={A two-step computation of the exact {GAN} {W}asserstein distance},
  author={Liu, Huidong and Xianfeng, GU and Samaras, Dimitris},
  booktitle={International Conference on Machine Learning},
  pages={3159--3168},
  year={2018},
  organization={PMLR}
}



@inproceedings{wu2018wasserstein,
  title={Wasserstein divergence for {GAN}s},
  author={Wu, Jiqing and Huang, Zhiwu and Thoma, Janine and Acharya, Dinesh and Van Gool, Luc},
  booktitle={Proceedings of the European Conference on Computer Vision (ECCV)},
  pages={653--668},
  year={2018}
}

@inproceedings{shen2018wasserstein,
  title={Wasserstein distance guided representation learning for domain adaptation},
  author={Shen, Jian and Qu, Yanru and Zhang, Weinan and Yu, Yong},
  booktitle={Proceedings of the AAAI Conference on Artificial Intelligence},
  volume={32},
  number={1},
  year={2018}
}

@incollection{robert1999metropolis,
  title={The metropolisâ€”hastings algorithm},
  author={Robert, Christian P and Casella, George},
  booktitle={Monte Carlo Statistical Methods},
  pages={231--283},
  year={1999},
  publisher={Springer}
}

@inproceedings{liu2015faceattributes,
 title = {Deep Learning Face Attributes in the Wild},
 author = {Liu, Ziwei and Luo, Ping and Wang, Xiaogang and Tang, Xiaoou},
 booktitle = {Proceedings of International Conference on Computer Vision (ICCV)},
 month = {December},
 year = {2015} 
}

@article{cohen2020estimating,
  title={Estimating Barycenters of Measures in High Dimensions},
  author={Cohen, Samuel and Arbel, Michael and Deisenroth, Marc Peter},
  journal={arXiv preprint arXiv:2007.07105},
  year={2020}
}

@inproceedings{lucic2018gans,
  title={Are {GAN}s created equal? a large-scale study},
  author={Lucic, Mario and Kurach, Karol and Michalski, Marcin and Gelly, Sylvain and Bousquet, Olivier},
  booktitle={Advances in neural information processing systems},
  pages={700--709},
  year={2018}
}

@article{fan2020scalable,
  title={Scalable Computations of {W}asserstein Barycenter via Input Convex Neural Networks},
  author={Fan, Jiaojiao and Taghvaei, Amirhossein and Chen, Yongxin},
  journal={arXiv preprint arXiv:2007.04462},
  year={2020}
}

@inproceedings{rabin2014adaptive,
  title={Adaptive color transfer with relaxed optimal transport},
  author={Rabin, Julien and Ferradans, Sira and Papadakis, Nicolas},
  booktitle={2014 IEEE International Conference on Image Processing (ICIP)},
  pages={4852--4856},
  year={2014},
  organization={IEEE}
}

@article{HeLCYS19,
  author    = {Mingming He and
               Jing Liao and
               Dongdong Chen and
               Lu Yuan and
               Pedro V. Sander},
  title     = {Progressive Color Transfer With Dense Semantic Correspondences},
  journal   = {{ACM} Trans. Graph.},
  volume    = {38},
  number    = {2},
  pages     = {13:1--13:18},
  year      = {2019},
  url       = {https://doi.org/10.1145/3292482},
  doi       = {10.1145/3292482},
  timestamp = {Thu, 09 Jan 2020 08:16:33 +0100},
  biburl    = {https://dblp.org/rec/bib/journals/tog/HeLCYS19},
  bibsource = {dblp computer science bibliography, https://dblp.org}
}

@article{paty2019regularity,
  title={Regularity as Regularization: Smooth and Strongly Convex Brenier Potentials in Optimal Transport},
  author={Paty, Fran{\c{c}}ois-Pierre and d'Aspremont, Alexandre and Cuturi, Marco},
  journal={arXiv preprint arXiv:1905.10812},
  year={2019}
}

@article{courty2016optimal,
  title={Optimal transport for domain adaptation},
  author={Courty, Nicolas and Flamary, R{\'e}mi and Tuia, Devis and Rakotomamonjy, Alain},
  journal={IEEE transactions on pattern analysis and machine intelligence},
  volume={39},
  number={9},
  pages={1853--1865},
  year={2016},
  publisher={IEEE}
}


@inproceedings{courty2017joint,
  title={Joint distribution optimal transportation for domain adaptation},
  author={Courty, Nicolas and Flamary, R{\'e}mi and Habrard, Amaury and Rakotomamonjy, Alain},
  booktitle={Advances in Neural Information Processing Systems},
  pages={3730--3739},
  year={2017}
}


@article{redko2018optimal,
  title={Optimal transport for multi-source domain adaptation under target shift},
  author={Redko, Ievgen and Courty, Nicolas and Flamary, R{\'e}mi and Tuia, Devis},
  journal={arXiv preprint arXiv:1803.04899},
  year={2018}
}


@inproceedings{bhushan2018deepjdot,
  title={Deepjdot: Deep joint distribution optimal transport for unsupervised domain adaptation},
  author={Bhushan Damodaran, Bharath and Kellenberger, Benjamin and Flamary, R{\'e}mi and Tuia, Devis and Courty, Nicolas},
  booktitle={Proceedings of the European Conference on Computer Vision (ECCV)},
  pages={447--463},
  year={2018}
}

@article{chen2021stochastic,
  title={Stochastic control liaisons: Richard sinkhorn meets gaspard monge on a schrodinger bridge},
  author={Chen, Yongxin and Georgiou, Tryphon T and Pavon, Michele},
  journal={SIAM Review},
  volume={63},
  number={2},
  pages={249--313},
  year={2021},
  publisher={SIAM}
}

@article{pavon2021data,
  title={The Data-Driven Schr{\"o}dinger Bridge},
  author={Pavon, Michele and Trigila, Giulio and Tabak, Esteban G},
  journal={Communications on Pure and Applied Mathematics},
  volume={74},
  number={7},
  pages={1545--1573},
  year={2021},
  publisher={Wiley Online Library}
}

@article{gozlan2017kantorovich,
  title={Kantorovich duality for general transport costs and applications},
  author={Gozlan, Nathael and Roberto, Cyril and Samson, Paul-Marie and Tetali, Prasad},
  journal={Journal of Functional Analysis},
  volume={273},
  number={11},
  pages={3327--3405},
  year={2017},
  publisher={Elsevier}
}

@article{backhoff2019existence,
  title={Existence, duality, and cyclical monotonicity for weak transport costs},
  author={Backhoff-Veraguas, Julio and Beiglb{\"o}ck, Mathias and Pammer, Gudmun},
  journal={Calculus of Variations and Partial Differential Equations},
  volume={58},
  number={6},
  pages={1--28},
  year={2019},
  publisher={Springer}
}

@inproceedings{kantorovich1942translocation,
  title={On the translocation of masses},
  author={Kantorovich, Leonid V},
  booktitle={Dokl. Akad. Nauk. USSR (NS)},
  volume={37},
  pages={199--201},
  year={1942}
}

@article{mallasto2022entropy,
  title={Entropy-regularized 2-Wasserstein distance between Gaussian measures},
  author={Mallasto, Anton and Gerolin, Augusto and Minh, H{\`a} Quang},
  journal={Information Geometry},
  volume={5},
  number={1},
  pages={289--323},
  year={2022},
  publisher={Springer}
}

@article{paty2022algorithms,
  title={Algorithms for Weak Optimal Transport with an Application to Economics},
  author={Paty, Fran{\c{c}}ois-Pierre and Chon{\'e}, Philippe and Kramarz, Francis},
  journal={arXiv preprint arXiv:2205.09825},
  year={2022}
}

@inproceedings{
    asadulaev2022neural,
    title={Neural Optimal Transport with General Cost Functionals},
    author={Arip Asadulaev and Alexander Korotin and Vage Egiazarian and Petr Mokrov and Evgeny Burnaev},
    booktitle={The Twelfth International Conference on Learning Representations},
    year={2024},
    url={https://openreview.net/forum?id=gIiz7tBtYZ}
}

@article{cuturi2013sinkhorn,
  title={Sinkhorn distances: Lightspeed computation of optimal transport},
  author={Cuturi, Marco},
  journal={Advances in neural information processing systems},
  volume={26},
  year={2013}
}

% inproceedings{cuturi2014fast,
%  title={Fast computation of Wasserstein barycenters},
  author={Cuturi, Marco and Doucet, Arnaud},
  booktitle={International conference on machine learning},
  pages={685--693},
  year={2014},
  organization={PMLR}
}

@article{dvurechenskii2018decentralize,
  title={Decentralize and randomize: Faster algorithm for Wasserstein barycenters},
  author={Dvurechenskii, Pavel and Dvinskikh, Darina and Gasnikov, Alexander and Uribe, Cesar and Nedich, Angelia},
  journal={Advances in Neural Information Processing Systems},
  volume={31},
  year={2018}
}

@article{staib2017parallel,
  title={Parallel streaming Wasserstein barycenters},
  author={Staib, Matthew and Claici, Sebastian and Solomon, Justin M and Jegelka, Stefanie},
  journal={Advances in Neural Information Processing Systems},
  volume={30},
  year={2017}
}


@article{daniels2021score,
  title={Score-based generative neural networks for large-scale optimal transport},
  author={Daniels, Max and Maunu, Tyler and Hand, Paul},
  journal={Advances in neural information processing systems},
  volume={34},
  pages={12955--12965},
  year={2021}
}

@article{janati2020entropic,
  title={Entropic optimal transport between unbalanced Gaussian measures has a closed form},
  author={Janati, Hicham and Muzellec, Boris and Peyr{\'e}, Gabriel and Cuturi, Marco},
  journal={Advances in neural information processing systems},
  volume={33},
  pages={10468--10479},
  year={2020}
}

@book{karatzas2012brownian,
  title={Brownian motion and stochastic calculus},
  author={Karatzas, Ioannis and Shreve, Steven},
  volume={113},
  year={2012},
  publisher={Springer Science \& Business Media}
}


@article{backhoff2022applications,
  title={Applications of weak transport theory},
  author={Backhoff-Veraguas, Julio and Pammer, Gudmund},
  journal={Bernoulli},
  volume={28},
  number={1},
  pages={370--394},
  year={2022},
  publisher={Bernoulli Society for Mathematical Statistics and Probability}
}

@article{petersen2008matrix,
  title={The matrix cookbook},
  author={Petersen, Kaare Brandt and Pedersen, Michael Syskind and others},
  journal={Technical University of Denmark},
  volume={7},
  number={15},
  pages={510},
  year={2008}
}

@article{kingma2018glow,
  title={Glow: Generative flow with invertible 1x1 convolutions},
  author={Kingma, Durk P and Dhariwal, Prafulla},
  journal={Advances in neural information processing systems},
  volume={31},
  year={2018}
}


@inproceedings{
    gazdieva2023extremal,
    title={Extremal Domain Translation with Neural Optimal Transport},
    author={Milena Gazdieva and Alexander Korotin and Daniil Selikhanovych and Evgeny Burnaev},
    booktitle={Thirty-seventh Conference on Neural Information Processing Systems},
    year={2023},
    url={https://openreview.net/forum?id=vZRiMjo826}
}

@inproceedings{yang2018scalable,
  title={Scalable Unbalanced Optimal Transport using Generative Adversarial Networks},
  author={Yang, Karren D and Uhler, Caroline},
  booktitle={International Conference on Learning Representations},
  year={2018}
}




@article{fortet1940resolution,
  title={R{\'e}solution d'un syst{\`e}me d'{\'e}quations de M. Schr{\"o}dinger},
  author={Fortet, Robert},
  journal={Journal de Math{\'e}matiques Pures et Appliqu{\'e}es},
  volume={19},
  number={1-4},
  pages={83--105},
  year={1940}
}

@article{vargas2023transport,
  title={Transport, Variational Inference and Diffusions: with Applications to Annealed Flows and Schr$\backslash$" odinger Bridges},
  author={Vargas, Francisco and N{\"u}sken, Nikolas},
  journal={arXiv preprint arXiv:2307.01050},
  year={2023}
}

@article{dempster1977maximum,
  title={Maximum likelihood from incomplete data via the EM algorithm},
  author={Dempster, Arthur P and Laird, Nan M and Rubin, Donald B},
  journal={Journal of the royal statistical society: series B (methodological)},
  volume={39},
  number={1},
  pages={1--22},
  year={1977},
  publisher={Wiley Online Library}
}


@article{ruschendorf1995convergence,
  title={Convergence of the iterative proportional fitting procedure},
  author={Ruschendorf, Ludger},
  journal={The Annals of Statistics},
  pages={1160--1174},
  year={1995},
  publisher={JSTOR}
}


@article{kullback1968probability,
  title={Probability densities with given marginals},
  author={Kullback, Solomon},
  journal={The Annals of Mathematical Statistics},
  volume={39},
  number={4},
  pages={1236--1243},
  year={1968},
  publisher={JSTOR}
}



@phdthesis{genevay2019entropy,
  title={Entropy-regularized optimal transport for machine learning},
  author={Genevay, Aude},
  year={2019},
  school={Paris Sciences et Lettres (ComUE)}
}

@book{bishop2006pattern,
  title={Pattern recognition and machine learning},
  author={Bishop, Christopher M and Nasrabadi, Nasser M},
  volume={4},
  number={4},
  year={2006},
  publisher={Springer}
}

@article{song2021train,
  title={How to train your energy-based models},
  author={Song, Yang and Kingma, Diederik P},
  journal={arXiv preprint arXiv:2101.03288},
  year={2021}
}

@article{chen2020controlling,
  title={Controlling uncertainty: Schr{\"o}dingerâ€™s inference method and the optimal steering of probability distributions},
  author={Chen, Y and Georgiou, TT and Pavon, M},
  journal={IEEE Control Syst. Mag},
  year={2020}
}

@article{pariset2023unbalanced,
  title={Unbalanced Diffusion Schr$\backslash$" odinger Bridge},
  author={Pariset, Matteo and Hsieh, Ya-Ping and Bunne, Charlotte and Krause, Andreas and De Bortoli, Valentin},
  journal={arXiv preprint arXiv:2306.09099},
  year={2023}
}


@article{chen2015optimal,
  title={Optimal steering of a linear stochastic system to a final probability distribution, Part I},
  author={Chen, Yongxin and Georgiou, Tryphon T and Pavon, Michele},
  journal={IEEE Transactions on Automatic Control},
  volume={61},
  number={5},
  pages={1158--1169},
  year={2015},
  publisher={IEEE}
}



@inproceedings{gushchin2023building,
  title={Building the Bridge of Schr$\backslash$" odinger: A Continuous Entropic Optimal Transport Benchmark},
  author={Gushchin, Nikita and Kolesov, Alexander and Mokrov, Petr and Karpikova, Polina and Spiridonov, Andrey and Burnaev, Evgeny and Korotin, Alexander},
  booktitle={Thirty-seventh Conference on Neural Information Processing Systems Datasets and Benchmarks Track},
  year={2023}
}

@article{rigollet2022sample,
  title={On the sample complexity of entropic optimal transport},
  author={Rigollet, Philippe and Stromme, Austin J},
  journal={arXiv preprint arXiv:2206.13472},
  year={2022}
}

@inproceedings{stromme2023sampling,
  title={Sampling From a Schr{\"o}dinger Bridge},
  author={Stromme, Austin},
  booktitle={International Conference on Artificial Intelligence and Statistics},
  pages={4058--4067},
  year={2023},
  organization={PMLR}
}


@inproceedings{fatras2020learning,
  title={Learning with minibatch Wasserstein: asymptotic and gradient properties},
  author={Fatras, Kilian and Zine, Younes and Flamary, R{\'e}mi and Gribonval, Remi and Courty, Nicolas},
  booktitle={International Conference on Artificial Intelligence and Statistics},
  pages={2131--2141},
  year={2020},
  organization={PMLR}
}



@article{rizzo2016energy,
  title={Energy distance},
  author={Rizzo, Maria L and Sz{\'e}kely, G{\'a}bor J},
  journal={wiley interdisciplinary reviews: Computational statistics},
  volume={8},
  number={1},
  pages={27--38},
  year={2016},
  publisher={Wiley Online Library}
}


@inproceedings{karras2019style,
  title={A style-based generator architecture for generative adversarial networks},
  author={Karras, Tero and Laine, Samuli and Aila, Timo},
  booktitle={Proceedings of the IEEE/CVF conference on computer vision and pattern recognition},
  pages={4401--4410},
  year={2019}
}

@book{mohri2018foundations,
  title={Foundations of machine learning},
  author={Mohri, Mehryar and Rostamizadeh, Afshin and Talwalkar, Ameet},
  year={2018},
  publisher={MIT press}
}



@article{xie2022accelerated,
  title={An accelerated stochastic algorithm for solving the optimal transport problem},
  author={Xie, Yiling and Luo, Yiling and Huo, Xiaoming},
  journal={arXiv preprint arXiv:2203.00813},
  year={2022}
}

@inproceedings{
    latorre2021the,
    title={The Effect of the Intrinsic Dimension on the Generalization of Quadratic Classifiers},
    author={Fabian Latorre and Leello Tadesse Dadi and Paul Rolland and Volkan Cevher},
    booktitle={Advances in Neural Information Processing Systems},
    editor={A. Beygelzimer and Y. Dauphin and P. Liang and J. Wortman Vaughan},
    year={2021},
    url={https://openreview.net/forum?id=_hKvtsqItc}
}

@book{shalev2014understanding,
  title={Understanding machine learning: From theory to algorithms},
  author={Shalev-Shwartz, Shai and Ben-David, Shai},
  year={2014},
  publisher={Cambridge university press}
}

@article{chen2023provably,
  title={Provably Convergent Schr{\"o}dinger Bridge with Applications to Probabilistic Time Series Imputation},
  author={Chen, Yu and Deng, Wei and Fang, Shikai and Li, Fengpei and Yang, Tianjiao Nicole and Zhang, Yikai and Rasul, Kashif and Zhe, Shandian and Schneider, Anderson and Nevmyvaka, Yuriy},
  year={2023}
}


@article{nguyen2022unbalanced,
  title={On Unbalanced Optimal Transport: Gradient Methods, Sparsity and Approximation Error},
  author={Nguyen, Quang Minh and Nguyen, Hoang H and Zhou, Yi and Nguyen, Lam M},
  journal={arXiv preprint arXiv:2202.03618},
  year={2022}
}



@book{kloeden1992,
author = {Kloeden, Peter E.},
address = {Berlin},
booktitle = {Numerical solution of stochastic differential equations},
isbn = {0387540628},
keywords = {Stochastic differential equations -- Numerical solutions},
language = {eng},
publisher = {Springer},
series = {Applications of mathematics; v. 23},
title = {Numerical solution of stochastic differential equations / Peter E. Kloeden, Eckhard Platen},
year = {1992},
}


@inproceedings{pidhorskyi2020adversarial,
  title={Adversarial latent autoencoders},
  author={Pidhorskyi, Stanislav and Adjeroh, Donald A and Doretto, Gianfranco},
  booktitle={Proceedings of the IEEE/CVF Conference on Computer Vision and Pattern Recognition},
  pages={14104--14113},
  year={2020}
}


@inproceedings{
    korotin2023neural,
    title={Neural Optimal Transport},
    author={Korotin, Alexander and Selikhanovych, Daniil and Burnaev, Evgeny},
    booktitle={International Conference on Learning Representations},
    year={2023},
    url={https://openreview.net/forum?id=d8CBRlWNkqH}
}

@inproceedings{gushchin2023entropic,
  title={Entropic neural optimal transport via diffusion processes},
  author={Gushchin, Nikita and Kolesov, Alexander and Korotin, Alexander and Vetrov, Dmitry and Burnaev, Evgeny},
  booktitle={Advances in Neural Information Processing Systems},
  year={2023}
}

@inproceedings{
    mokrov2023energy,
    title={Energy-guided Entropic Neural Optimal Transport},
    author={Petr Mokrov and Alexander Korotin and Alexander Kolesov and Nikita Gushchin and Evgeny Burnaev},
    booktitle={The Twelfth International Conference on Learning Representations},
    year={2024},
    url={https://openreview.net/forum?id=d6tUsZeVs7}
}

@article{leonard2013survey,
  title={A survey of the schr$\backslash$" odinger problem and some of its connections with optimal transport},
  author={L{\'e}onard, Christian},
  journal={arXiv preprint arXiv:1308.0215},
  year={2013}
}

@book{williams2006gaussian,
  title={Gaussian processes for machine learning},
  author={Williams, Christopher KI and Rasmussen, Carl Edward},
  volume={2},
  number={3},
  year={2006},
  publisher={MIT press Cambridge, MA}
}

@article{tong2023simulation,
  title={Simulation-free Schr$\backslash$" odinger bridges via score and flow matching},
  author={Tong, Alexander and Malkin, Nikolay and Fatras, Kilian and Atanackovic, Lazar and Zhang, Yanlei and Huguet, Guillaume and Wolf, Guy and Bengio, Yoshua},
  journal={arXiv preprint arXiv:2307.03672},
  year={2023}
}

@inproceedings{bunne2022proximal,
  title={Proximal optimal transport modeling of population dynamics},
  author={Bunne, Charlotte and Papaxanthos, Laetitia and Krause, Andreas and Cuturi, Marco},
  booktitle={International Conference on Artificial Intelligence and Statistics},
  pages={6511--6528},
  year={2022},
  organization={PMLR}
}

@inproceedings{tong2020trajectorynet,
  title={Trajectorynet: A dynamic optimal transport network for modeling cellular dynamics},
  author={Tong, Alexander and Huang, Jessie and Wolf, Guy and Van Dijk, David and Krishnaswamy, Smita},
  booktitle={International conference on machine learning},
  pages={9526--9536},
  year={2020},
  organization={PMLR}
}

@incollection{PINSKY2011391,
title = {8 - Brownian Motion and Related Processes},
editor = {Mark A. Pinsky and Samuel Karlin},
booktitle = {An Introduction to Stochastic Modeling (Fourth Edition)},
publisher = {Academic Press},
edition = {Fourth Edition},
address = {Boston},
pages = {391-446},
year = {2011},
isbn = {978-0-12-381416-6},
doi = {https://doi.org/10.1016/B978-0-12-381416-6.00008-3},
url = {https://www.sciencedirect.com/science/article/pii/B9780123814166000083},
author = {Mark A. Pinsky and Samuel Karlin}
}

@inproceedings{
    shi2023diffusion,
    title={Diffusion Schr\"odinger Bridge Matching},
    author={Yuyang Shi and Valentin De Bortoli and Andrew Campbell and Arnaud Doucet},
    booktitle={Thirty-seventh Conference on Neural Information Processing Systems},
    year={2023},
    url={https://openreview.net/forum?id=qy07OHsJT5}
}

@inproceedings{
    kim2023unpaired,
    title={Unpaired Image-to-Image Translation via Neural Schr\"odinger Bridge},
    author={Beomsu Kim and Gihyun Kwon and Kwanyoung Kim and Jong Chul Ye},
    booktitle={The Twelfth International Conference on Learning Representations},
    year={2024},
    url={https://openreview.net/forum?id=uQBW7ELXfO}
}

@article{bunne2021learning,
  title={Learning single-cell perturbation responses using neural optimal transport},
  author={Bunne, Charlotte and Stark, Stefan G and Gut, Gabriele and del Castillo, Jacobo Sarabia and Lehmann, Kjong-Van and Pelkmans, Lucas and Krause, Andreas and R{\"a}tsch, Gunnar},
  journal={bioRxiv},
  pages={2021--12},
  year={2021},
  publisher={Cold Spring Harbor Laboratory}
}

@article{liu20232,
  title={I$^2$SB: Image-to-Image Schr$\backslash$" odinger Bridge},
  author={Liu, Guan-Horng and Vahdat, Arash and Huang, De-An and Theodorou, Evangelos A and Nie, Weili and Anandkumar, Anima},
  journal={arXiv preprint arXiv:2302.05872},
  year={2023}
}

@article{gushchin2024adversarial,
  title={Adversarial Schr$\backslash$" odinger Bridge Matching},
  author={Gushchin, Nikita and Selikhanovych, Daniil and Kholkin, Sergei and Burnaev, Evgeny and Korotin, Alexander},
  journal={arXiv preprint arXiv:2405.14449},
  year={2024}
}

@article{chen2023schrodinger,
  title={Schrodinger bridges beat diffusion models on text-to-speech synthesis},
  author={Chen, Zehua and He, Guande and Zheng, Kaiwen and Tan, Xu and Zhu, Jun},
  journal={arXiv preprint arXiv:2312.03491},
  year={2023}
}

@inproceedings{tong2024simulation,
  title={Simulation-Free Schr{\"o}dinger Bridges via Score and Flow Matching},
  author={Tong, Alexander Y and Malkin, Nikolay and Fatras, Kilian and Atanackovic, Lazar and Zhang, Yanlei and Huguet, Guillaume and Wolf, Guy and Bengio, Yoshua},
  booktitle={International Conference on Artificial Intelligence and Statistics},
  pages={1279--1287},
  year={2024},
  organization={PMLR}
}

@inproceedings{igashovretrobridge,
  title={RetroBridge: Modeling Retrosynthesis with Markov Bridges},
  author={Igashov, Ilia and Schneuing, Arne and Segler, Marwin and Bronstein, Michael M and Correia, Bruno},
  booktitle={The Twelfth International Conference on Learning Representations}
}

%article{de2021diffusion,
%  title={Diffusion schr{\"o}dinger bridge with applications to score-based generative modeling},
  author={De Bortoli, Valentin and Thornton, James and Heng, Jeremy and Doucet, Arnaud},
  journal={Advances in Neural Information Processing Systems},
  volume={34},
  pages={17695--17709},
  year={2021}
}

%%article{liu2022flow,
%  title={Flow straight and fast: Learning to generate and transfer data with rectified flow},
  author={Liu, Xingchao and Gong, Chengyue and Liu, Qiang},
  journal={arXiv preprint arXiv:2209.03003},
  year={2022}
}

@article{esser2024scaling,
  title={Scaling rectified flow transformers for high-resolution image synthesis},
  author={Esser, Patrick and Kulal, Sumith and Blattmann, Andreas and Entezari, Rahim and M{\"u}ller, Jonas and Saini, Harry and Levi, Yam and Lorenz, Dominik and Sauer, Axel and Boesel, Frederic and others},
  journal={arXiv preprint arXiv:2403.03206},
  year={2024}
}

@article{peluchetti2024bm,
  title={BM$^2$: Coupled Schr$\backslash$"$\{$o$\}$ dinger Bridge Matching},
  author={Peluchetti, Stefano},
  journal={arXiv preprint arXiv:2409.09376},
  year={2024}
}

@article{de2024schr,
  title={Schr$\backslash$" odinger Bridge Flow for Unpaired Data Translation},
  author={De Bortoli, Valentin and Korshunova, Iryna and Mnih, Andriy and Doucet, Arnaud},
  journal={arXiv preprint arXiv:2409.09347},
  year={2024}
}

@inproceedings{karimi2024sinkhorn,
  title={Sinkhorn Flow as Mirror Flow: A Continuous-Time Framework for Generalizing the Sinkhorn Algorithm},
  author={Karimi, Mohammad Reza and Hsieh, Ya-Ping and Krause, Andreas},
  booktitle={International Conference on Artificial Intelligence and Statistics},
  pages={4186--4194},
  year={2024},
  organization={PMLR}
}

%%% article{kullback1968probability,
%%  title={Probability densities with given marginals},
  author={Kullback, Solomon},
  journal={The Annals of Mathematical Statistics},
  volume={39},
  number={4},
  pages={1236--1243},
  year={1968},
  publisher={JSTOR}
}

@inproceedings{
vargas2024transport,
title={Transport meets Variational Inference: Controlled Monte Carlo Diffusions},
author={Francisco Vargas and Shreyas Padhy and Denis Blessing and Nikolas N{\"u}sken},
booktitle={The Twelfth International Conference on Learning Representations},
year={2024},
url={https://openreview.net/forum?id=PP1rudnxiW}
}

@inproceedings{ronneberger2015u,
  title={U-net: Convolutional networks for biomedical image segmentation},
  author={Ronneberger, Olaf and Fischer, Philipp and Brox, Thomas},
  booktitle={Medical image computing and computer-assisted intervention--MICCAI 2015: 18th international conference, Munich, Germany, October 5-9, 2015, proceedings, part III 18},
  pages={234--241},
  year={2015},
  organization={Springer}
}

@inproceedings{mescheder2018training,
  title={Which training methods for GANs do actually converge?},
  author={Mescheder, Lars and Geiger, Andreas and Nowozin, Sebastian},
  booktitle={International conference on machine learning},
  pages={3481--3490},
  year={2018},
  organization={PMLR}
}

@inproceedings{xiaotackling,
  title={Tackling the Generative Learning Trilemma with Denoising Diffusion GANs},
  author={Xiao, Zhisheng and Kreis, Karsten and Vahdat, Arash},
  booktitle={International Conference on Learning Representations}
}

@inproceedings{jayasumana2024rethinking,
  title={Rethinking fid: Towards a better evaluation metric for image generation},
  author={Jayasumana, Sadeep and Ramalingam, Srikumar and Veit, Andreas and Glasner, Daniel and Chakrabarti, Ayan and Kumar, Sanjiv},
  booktitle={Proceedings of the IEEE/CVF Conference on Computer Vision and Pattern Recognition},
  pages={9307--9315},
  year={2024}
}
@article{leonard2014reciprocal,
  title={Reciprocal processes. A measure-theoretical point of view},
  author={L{\'e}onard, Christian and R{\oe}lly, Sylvie and Zambrini, Jean-Claude},
  journal={Probability Surveys},
  volume={11},
  pages={237--269},
  year={2014}
}

@inproceedings{brekelmans2023schrodinger,
  title={On Schr{\"o}dinger Bridge Matching and Expectation Maximization},
  author={Brekelmans, Rob and Neklyudov, Kirill},
  booktitle={NeurIPS 2023 Workshop Optimal Transport and Machine Learning},
  year={2023}
}

@book{ibe2013markov,
  title={Markov processes for stochastic modeling},
  author={Ibe, Oliver},
  year={2013},
  publisher={Newnes}
}
@article{peluchetti2023non,
  title={Non-denoising forward-time diffusions},
  author={Peluchetti, Stefano},
  journal={arXiv preprint arXiv:2312.14589},
  year={2023}
}

@article{song2020denoising,
  title={Denoising diffusion implicit models},
  author={Song, Jiaming and Meng, Chenlin and Ermon, Stefano},
  journal={arXiv preprint arXiv:2010.02502},
  year={2020}
}
@inproceedings{wolf2020transformers,
  title={Transformers: State-of-the-art natural language processing},
  author={Wolf, Thomas and Debut, Lysandre and Sanh, Victor and Chaumond, Julien and Delangue, Clement and Moi, Anthony and Cistac, Pierric and Rault, Tim and Louf, R{\'e}mi and Funtowicz, Morgan and others},
  booktitle={Proceedings of the 2020 conference on empirical methods in natural language processing: system demonstrations},
  pages={38--45},
  year={2020}
}

@inproceedings{lipmanflow,
  title={Flow Matching for Generative Modeling},
  author={Lipman, Yaron and Chen, Ricky TQ and Ben-Hamu, Heli and Nickel, Maximilian and Le, Matthew},
  booktitle={The Eleventh International Conference on Learning Representations}
}

@inproceedings{liuflow,
  title={Flow Straight and Fast: Learning to Generate and Transfer Data with Rectified Flow},
  author={Liu, Xingchao and Gong, Chengyue and others},
  booktitle={The Eleventh International Conference on Learning Representations}
}

@inproceedings{zhoudenoising,
  title={Denoising Diffusion Bridge Models},
  author={Zhou, Linqi and Lou, Aaron and Khanna, Samar and Ermon, Stefano},
  booktitle={The Twelfth International Conference on Learning Representations}
}

@article{de2023augmented,
  title={Augmented bridge matching},
  author={De Bortoli, Valentin and Liu, Guan-Horng and Chen, Tianrong and Theodorou, Evangelos A and Nie, Weilie},
  journal={arXiv preprint arXiv:2311.06978},
  year={2023}
}

@article{kingma2021variational,
  title={Variational diffusion models},
  author={Kingma, Diederik and Salimans, Tim and Poole, Ben and Ho, Jonathan},
  journal={Advances in neural information processing systems},
  volume={34},
  pages={21696--21707},
  year={2021}
}

@article{su2022dual,
  title={Dual diffusion implicit bridges for image-to-image translation},
  author={Su, Xuan and Song, Jiaming and Meng, Chenlin and Ermon, Stefano},
  journal={arXiv preprint arXiv:2203.08382},
  year={2022}
}

@article{meng2021sdedit,
  title={Sdedit: Image synthesis and editing with stochastic differential equations},
  author={Meng, Chenlin and Song, Yang and Song, Jiaming and Wu, Jiajun and Zhu, Jun-Yan and Ermon, Stefano},
  journal={arXiv preprint arXiv:2108.01073},
  year={2021}
}

@article{zhou2023denoising,
  title={Denoising diffusion bridge models},
  author={Zhou, Linqi and Lou, Aaron and Khanna, Samar and Ermon, Stefano},
  journal={arXiv preprint arXiv:2309.16948},
  year={2023}
}

@article{he2024consistency,
  title={Consistency Diffusion Bridge Models},
  author={He, Guande and Zheng, Kaiwen and Chen, Jianfei and Bao, Fan and Zhu, Jun},
  journal={arXiv preprint arXiv:2410.22637},
  year={2024}
}

@book{doob1984classical,
  title={Classical potential theory and its probabilistic counterpart},
  author={Doob, Joseph L and Doob, JI},
  volume={262},
  year={1984},
  publisher={Springer}
}

@inproceedings{songdenoising,
  title={Denoising Diffusion Implicit Models},
  author={Song, Jiaming and Meng, Chenlin and Ermon, Stefano},
  booktitle={International Conference on Learning Representations}
}

@inproceedings{pavon1991free,
  title={On free energy, stochastic control, and Schr{\"o}dinger processes},
  author={Pavon, Michele and Wakolbinger, Anton},
  booktitle={Modeling, Estimation and Control of Systems with Uncertainty: Proceedings of a Conference held in Sopron, Hungary, September 1990},
  pages={334--348},
  year={1991},
  organization={Springer}
}

@inproceedings{sohl2015deep,
  title={Deep unsupervised learning using nonequilibrium thermodynamics},
  author={Sohl-Dickstein, Jascha and Weiss, Eric and Maheswaranathan, Niru and Ganguli, Surya},
  booktitle={International conference on machine learning},
  pages={2256--2265},
  year={2015},
  organization={PMLR}
}

@inproceedings{saharia2022palette,
  title={Palette: Image-to-image diffusion models},
  author={Saharia, Chitwan and Chan, William and Chang, Huiwen and Lee, Chris and Ho, Jonathan and Salimans, Tim and Fleet, David and Norouzi, Mohammad},
  booktitle={ACM SIGGRAPH 2022 conference proceedings},
  pages={1--10},
  year={2022}
}

@article{anderson1982reverse,
  title={Reverse-time diffusion equation models},
  author={Anderson, Brian DO},
  journal={Stochastic Processes and their Applications},
  volume={12},
  number={3},
  pages={313--326},
  year={1982},
  publisher={Elsevier}
}

@article{yue2024resshift,
  title={Resshift: Efficient diffusion model for image super-resolution by residual shifting},
  author={Yue, Zongsheng and Wang, Jianyi and Loy, Chen Change},
  journal={Advances in Neural Information Processing Systems},
  volume={36},
  year={2024}
}

@article{kawar2022denoising,
  title={Denoising diffusion restoration models},
  author={Kawar, Bahjat and Elad, Michael and Ermon, Stefano and Song, Jiaming},
  journal={Advances in Neural Information Processing Systems},
  volume={35},
  pages={23593--23606},
  year={2022}
}

@inproceedings{song2023pseudoinverse,
  title={Pseudoinverse-guided diffusion models for inverse problems},
  author={Song, Jiaming and Vahdat, Arash and Mardani, Morteza and Kautz, Jan},
  booktitle={International Conference on Learning Representations},
  year={2023}
}

@article{wang2022zero,
  title={Zero-shot image restoration using denoising diffusion null-space model},
  author={Wang, Yinhuai and Yu, Jiwen and Zhang, Jian},
  journal={arXiv preprint arXiv:2212.00490},
  year={2022}
}

@inproceedings{
lipman2023flow,
title={Flow Matching for Generative Modeling},
author={Yaron Lipman and Ricky T. Q. Chen and Heli Ben-Hamu and Maximilian Nickel and Matthew Le},
booktitle={The Eleventh International Conference on Learning Representations },
year={2023},
url={https://openreview.net/forum?id=PqvMRDCJT9t}
}

@inproceedings{
liu2023flow,
title={Flow Straight and Fast: Learning to Generate and Transfer Data with Rectified Flow},
author={Xingchao Liu and Chengyue Gong and qiang liu},
booktitle={The Eleventh International Conference on Learning Representations },
year={2023},
url={https://openreview.net/forum?id=XVjTT1nw5z}
}

@inproceedings{
zhou2024denoising,
title={Denoising Diffusion Bridge Models},
author={Linqi Zhou and Aaron Lou and Samar Khanna and Stefano Ermon},
booktitle={The Twelfth International Conference on Learning Representations},
year={2024},
url={https://openreview.net/forum?id=FKksTayvGo}
}

@inproceedings{isola2017image,
  title={Image-to-image translation with conditional adversarial networks},
  author={Isola, Phillip and Zhu, Jun-Yan and Zhou, Tinghui and Efros, Alexei A},
  booktitle={Proceedings of the IEEE conference on computer vision and pattern recognition},
  pages={1125--1134},
  year={2017}
}

@article{vasiljevic2019diode,
  title={Diode: A dense indoor and outdoor depth dataset},
  author={Vasiljevic, Igor and Kolkin, Nick and Zhang, Shanyi and Luo, Ruotian and Wang, Haochen and Dai, Falcon Z and Daniele, Andrea F and Mostajabi, Mohammadreza and Basart, Steven and Walter, Matthew R and others},
  journal={arXiv preprint arXiv:1908.00463},
  year={2019}
}

@inproceedings{deng2009imagenet,
  title={Imagenet: A large-scale hierarchical image database},
  author={Deng, Jia and Dong, Wei and Socher, Richard and Li, Li-Jia and Li, Kai and Fei-Fei, Li},
  booktitle={2009 IEEE conference on computer vision and pattern recognition},
  pages={248--255},
  year={2009},
  organization={Ieee}
}

@article{heusel2017gans,
  title={Gans trained by a two time-scale update rule converge to a local nash equilibrium},
  author={Heusel, Martin and Ramsauer, Hubert and Unterthiner, Thomas and Nessler, Bernhard and Hochreiter, Sepp},
  journal={Advances in neural information processing systems},
  volume={30},
  year={2017}
}

@article{barratt2018note,
  title={A note on the inception score},
  author={Barratt, Shane and Sharma, Rishi},
  journal={arXiv preprint arXiv:1801.01973},
  year={2018}
}

@inproceedings{zhang2018unreasonable,
  title={The unreasonable effectiveness of deep features as a perceptual metric},
  author={Zhang, Richard and Isola, Phillip and Efros, Alexei A and Shechtman, Eli and Wang, Oliver},
  booktitle={Proceedings of the IEEE conference on computer vision and pattern recognition},
  pages={586--595},
  year={2018}
}

@inproceedings{jayasumana2024rethinking,
  title={Rethinking fid: Towards a better evaluation metric for image generation},
  author={Jayasumana, Sadeep and Ramalingam, Srikumar and Veit, Andreas and Glasner, Daniel and Chakrabarti, Ayan and Kumar, Sanjiv},
  booktitle={Proceedings of the IEEE/CVF Conference on Computer Vision and Pattern Recognition},
  pages={9307--9315},
  year={2024}
}

@inproceedings{
yin2024improved,
title={Improved Distribution Matching Distillation for Fast Image Synthesis},
author={Tianwei Yin and Micha{\"e}l Gharbi and Taesung Park and Richard Zhang and Eli Shechtman and Fredo Durand and William T. Freeman},
booktitle={The Thirty-eighth Annual Conference on Neural Information Processing Systems},
year={2024},
url={https://openreview.net/forum?id=tQukGCDaNT}
}

@inproceedings{
wang2023zeroshot,
title={Zero-Shot Image Restoration Using Denoising Diffusion Null-Space Model},
author={Yinhuai Wang and Jiwen Yu and Jian Zhang},
booktitle={The Eleventh International Conference on Learning Representations },
year={2023},
url={https://openreview.net/forum?id=mRieQgMtNTQ}
}

@article{dhariwal2021diffusion,
  title={Diffusion models beat gans on image synthesis},
  author={Dhariwal, Prafulla and Nichol, Alexander},
  journal={Advances in neural information processing systems},
  volume={34},
  pages={8780--8794},
  year={2021}
}

@inproceedings{shi2022conditional,
  title={Conditional simulation using diffusion Schr{\"o}dinger bridges},
  author={Shi, Yuyang and De Bortoli, Valentin and Deligiannidis, George and Doucet, Arnaud},
  booktitle={Uncertainty in Artificial Intelligence},
  pages={1792--1802},
  year={2022},
  organization={PMLR}
}

@inproceedings{
liu2022let,
title={Let us Build Bridges:  Understanding and Extending Diffusion Generative Models},
author={Xingchao Liu and Lemeng Wu and Mao Ye and qiang liu},
booktitle={NeurIPS 2022 Workshop on Score-Based Methods},
year={2022},
url={https://openreview.net/forum?id=0ef0CRKC9uZ}
}

@inproceedings{somnath2023aligned,
  title={Aligned diffusion Schr{\"o}dinger bridges},
  author={Somnath, Vignesh Ram and Pariset, Matteo and Hsieh, Ya-Ping and Martinez, Maria Rodriguez and Krause, Andreas and Bunne, Charlotte},
  booktitle={Uncertainty in Artificial Intelligence},
  pages={1985--1995},
  year={2023},
  organization={PMLR}
}

@article{kong2025a2sb,
  title={A2SB: Audio-to-Audio Schrodinger Bridges},
  author={Kong, Zhifeng and Shih, Kevin J and Nie, Weili and Vahdat, Arash and Lee, Sang-gil and Santos, Joao Felipe and Jukic, Ante and Valle, Rafael and Catanzaro, Bryan},
  journal={arXiv preprint arXiv:2501.11311},
  year={2025}
}

@inproceedings{li2023bbdm,
  title={Bbdm: Image-to-image translation with brownian bridge diffusion models},
  author={Li, Bo and Xue, Kaitao and Liu, Bin and Lai, Yu-Kun},
  booktitle={Proceedings of the IEEE/CVF conference on computer vision and pattern Recognition},
  pages={1952--1961},
  year={2023}
}

@inproceedings{yin2024one,
  title={One-step diffusion with distribution matching distillation},
  author={Yin, Tianwei and Gharbi, Micha{\"e}l and Zhang, Richard and Shechtman, Eli and Durand, Fredo and Freeman, William T and Park, Taesung},
  booktitle={Proceedings of the IEEE/CVF Conference on Computer Vision and Pattern Recognition},
  pages={6613--6623},
  year={2024}
}

@inproceedings{zhou2024score,
  title={Score identity distillation: Exponentially fast distillation of pretrained diffusion models for one-step generation},
  author={Zhou, Mingyuan and Zheng, Huangjie and Wang, Zhendong and Yin, Mingzhang and Huang, Hai},
  booktitle={Forty-first International Conference on Machine Learning},
  year={2024}
}

@article{wang2024implicit,
  title={Implicit Image-to-Image Schr{\"o}dinger Bridge for Image Restoration},
  author={Wang, Yuang and Yoon, Siyeop and Jin, Pengfei and Tivnan, Matthew and Song, Sifan and Chen, Zhennong and Hu, Rui and Zhang, Li and Chen, Zhiqiang and Wu, Dufan and others},
  journal={Zhiqiang and Wu, Dufan, Implicit Image-to-Image Schr{\"o}dinger Bridge for Image Restoration},
  year={2024}
}

@inproceedings{
song2021denoising,
title={Denoising Diffusion Implicit Models},
author={Jiaming Song and Chenlin Meng and Stefano Ermon},
booktitle={International Conference on Learning Representations},
year={2021},
url={https://openreview.net/forum?id=St1giarCHLP}
}

@article{zheng2024diffusion,
  title={Diffusion Bridge Implicit Models},
  author={Zheng, Kaiwen and He, Guande and Chen, Jianfei and Bao, Fan and Zhu, Jun},
  journal={arXiv preprint arXiv:2405.15885},
  year={2024}
}

@article{huang2024flow,
  title={Flow generator matching},
  author={Huang, Zemin and Geng, Zhengyang and Luo, Weijian and Qi, Guo-jun},
  journal={arXiv preprint arXiv:2410.19310},
  year={2024}
}
