@dataset{2019Gas,
  title = {Gas {{Turbine CO}} and {{NOx Emission Data Set}}},
  year = {2019},
  date = {2019},
  publisher = {UCI Machine Learning Repository},
  doi = {10.24432/C5WC95},
}

@inproceedings{agarwal2021towards,
  title = {Towards the Unification and Robustness of Perturbation and Gradient Based Explanations},
  booktitle = {Proceedings of the 38th International Conference on Machine Learning},
  author = {Agarwal, Sushant and Jabbari, Shahin and Agarwal, Chirag and Upadhyay, Sohini and Wu, Steven and Lakkaraju, Himabindu},
  year = {2021},
  date = {2021-07-18/2021-07-24},
  series = {Proceedings of Machine Learning Research},
  volume = {139},
  pages = {110--119},
  publisher = {PMLR},
  url = {https://proceedings.mlr.press/v139/agarwal21c.html}
}

@misc{agarwal2022rethinking,
  title = {Rethinking Stability for Attribution-Based Explanations},
  author = {Agarwal, Chirag and Johnson, Nari and Pawelczyk, Martin and Krishna, Satyapriya and Saxena, Eshika and Zitnik, Marinka and Lakkaraju, Himabindu},
  year = {2022},
  date = {2022},
  eprint = {2203.06877},
  eprinttype = {arXiv},
  eprintclass = {cs.LG},
  url = {https://arxiv.org/abs/2203.06877}
}

@online{agarwal2023openxai,
  title = {{{OpenXAI}}: {{Towards}} a {{Transparent Evaluation}} of {{Model Explanations}}},
  shorttitle = {{{OpenXAI}}},
  author = {Agarwal, Chirag and Krishna, Satyapriya and Saxena, Eshika and Pawelczyk, Martin and Johnson, Nari and Puri, Isha and Zitnik, Marinka and Lakkaraju, Himabindu},
  year = {2023},
  date = {2023-01-16},
  eprint = {2206.11104},
  eprinttype = {arXiv},
  eprintclass = {cs},
  url = {http://arxiv.org/abs/2206.11104},
  pubstate = {prepublished}
}

@article{agnar1994casebased,
  title = {Case-Based Reasoning: Foundational Issues, Methodological Variations, and System Approaches},
  author = {Aamodt, Agnar and Plaza, Enric},
  date = {1994-03},
  year = {1994},
  journaltitle = {Ai Communications},
  shortjournal = {AI Commun.},
  publisher = {IOS Press},
  location = {NLD},
  issn = {0921-7126},
  issue_date = {March 1994},
  pagetotal = {21}
}

@misc{ahn2023uncertainty,
  title = {Uncertainty Quantification for Local Model Explanations without Model Access},
  author = {Ahn, Surin and Grana, Justin and Tamene, Yafet and Holsheimer, Kristian},
  year = {2023},
  date = {2023},
  eprint = {2301.05761},
  eprinttype = {arXiv},
  eprintclass = {cs.LG}
}

@article{band2023medical,
  title = {Application of Explainable Artificial Intelligence in Medical Health: {{A}} Systematic Review of Interpretability Methods},
  author = {S Band, Shahab and Yarahmadi, Atefeh and Hsu, Chung-Chian and Biyari, Meghdad and Sookhak, Mehdi and Ameri, Rasoul and Dehzangi, Iman and Chronopoulos, Anthony Theodore and Liang, Huey-Wen},
  year = {2023},
  date = {2023},
  journaltitle = {Informatics in Medicine Unlocked},
  issn = {2352-9148},
  doi = {10.1016/j.imu.2023.101286},
}

@dataset{birla2022vehicles,
  title = {Vehicle Dataset},
  author = {Birla, Nehal and Verma, Nishant and Kushawa, Nikhil},
  year = {2022},
  date = {2022},
  url = {https://www.kaggle.com/datasets/nehalbirla/vehicle-dataset-from-cardekho},
  version = {4}
}

@article{bjorklund2023slisemap,
  title = {{{SLISEMAP}}: {{Supervised}} Dimensionality Reduction through Local Explanations},
  shorttitle = {{{SLISEMAP}}},
  author = {Björklund, Anton and Mäkelä, Jarmo and Puolamäki, Kai},
  year = {2023},
  date = {2023-01},
  journaltitle = {Machine Learning},
  shortjournal = {Mach Learn},
  issn = {0885-6125, 1573-0565},
  doi = {10.1007/s10994-022-06261-1},
}

@inproceedings{bjorklund2024SLIPMAP,
  title = {{{SLIPMAP}}: {{Fast}} and~{{Robust Manifold Visualisation}} for~{{Explainable AI}}},
  shorttitle = {{{SLIPMAP}}},
  author = {Björklund, Anton and Seppäläinen, Lauri and Puolamäki, Kai},
  year = {2024},
  date = {2024},
  doi = {10.1007/978-3-031-58553-1_18},
  isbn = {978-3-031-58553-1}
}

@inproceedings{bobek2021introducing,
  title = {Introducing Uncertainty into Explainable {{AI}} Methods},
  booktitle = {Computational Science – {{ICCS}} 2021},
  author = {Bobek, Szymon and Nalepa, Grzegorz J.},
  year = {2021},
  date = {2021},
  isbn = {978-3-030-77980-1}
}

@article{bon2023Being,
  title = {Being {{Bayesian}} in the 2020s: Opportunities and Challenges in the Practice of Modern Applied {{Bayesian}} Statistics.},
  author = {Bon, Joshua J. and Bretherton, Adam and Buchhorn, Katie and Cramb, Susanna and Drovandi, Christopher and Hassan, Conor and Jenner, Adrianne L. and Mayfield, Helen J. and McGree, James M. and Mengersen, Kerrie and Price, Aiden and Salomone, Robert and Santos-Fernandez, Edgar and Vercelloni, Julie and Wang, Xiaoyu},
  year = {2023},
  date = {2023-05-15},
  journaltitle = {Philosophical transactions. Series A, Mathematical, physical, and engineering sciences},
  shortjournal = {Philos Trans A Math Phys Eng Sci},
  eprint = {36970822},
  eprinttype = {pmid},
  pages = {20220156},
  location = {England},
  issn = {1471-2962 1364-503X},
  doi = {10.1098/rsta.2022.0156},
  pmcid = {PMC10041356}
}

@inproceedings{bounia2023approximating,
  title = {Approximating Probabilistic Explanations via Supermodular Minimization},
  author = {Bounia, Louenas and Koriche, Frédéric},
  year = {2023},
  date = {2023},
  url = {\url{https://proceedings.mlr.press/v216/bounia23a.html}},
  cdate = {1672531200000}
}

@inproceedings{chen2018learning,
  title = {Learning to Explain: {{An}} Information-Theoretic Perspective on Model Interpretation},
  booktitle = {Proceedings of the 35th International Conference on Machine Learning},
  author = {Chen, Jianbo and Song, Le and Wainwright, Martin and Jordan, Michael},
  year = {2018},
  date = {2018-07-10/2018-07-15},
  series = {Proceedings of Machine Learning Research},
  url = {https://proceedings.mlr.press/v80/chen18j.html}
}

@dataset{CMS:opendata,
  title = {Simulated Data QCD\_Pt-15to3000\_TuneZ2star\_Flat\_8TeV\_pythia6 in {{AODSIM}} Format for 2012 Collision Data},
  author = {{CMS Collaboration}},
  year = {2017},
  date = {2017},
  publisher = {CERN Open Data Portal},
  url = {http://opendata.cern.ch/record/8882}
}

@report{cms2013performance,
  title = {Performance of Quark/Gluon Discrimination in 8 {{TeV}} Pp Data},
  author = {{CMS collaboration}},
  year = {2013},
  date = {2013},
  number = {CMS-PAS-JME-13-002},
  institution = {CERN},
  location = {Geneva},
  url = {https://cds.cern.ch/record/1599732}
}

@inproceedings{dombrowski2019explanations,
  title = {Explanations Can Be Manipulated and Geometry Is to Blame},
  author = {Dombrowski, Ann-Kathrin and Alber, Maximillian and Anders, Christopher and Ackermann, Marcel and Müller, Klaus-Robert and Kessel, Pan},
  year = {2019},
  date = {2019},
  url = {\url{https://proceedings.neurips.cc/paper_files/paper/2019/file/bb836c01cdc9120a9c984c525e4b1a4a-Paper.pdf}}
}

@inproceedings{dosilovic2018survey,
  title = {Explainable Artificial Intelligence: {{A}} Survey},
  author = {Došilović, Filip Karlo and Brčić, Mario and Hlupić, Nikica},
  year = {2018},
  date = {2018},
  doi = {10.23919/MIPRO.2018.8400040}
}

@incollection{elomaa2010covering,
  title = {Covering {{Analysis}} of the {{Greedy Algorithm}} for {{Partial Cover}}},
  author = {Elomaa, Tapio and Kujala, Jussi},
  year = {2010},
  date = {2010},
  doi = {10.1007/978-3-642-12476-1_7},
  isbn = {978-3-642-12476-1}
}

@article{guidotti2018survey,
  title = {A Survey of Methods for Explaining Black Box Models},
  author = {Guidotti, Riccardo and Monreale, Anna and Ruggieri, Salvatore and Turini, Franco and Giannotti, Fosca and Pedreschi, Dino},
  year = {2018},
  date = {2018-08},
  journaltitle = {Acm Computing Surveys},
  shortjournal = {ACM Comput. Surv.},
  issn = {0360-0300},
  doi = {10.1145/3236009},
  articleno = {93},
  issue_date = {September 2019},
  pagetotal = {42}
}

@article{ilev2001approximation,
  title = {An Approximation Guarantee of the Greedy Descent Algorithm for Minimizing a Supermodular Set Function},
  author = {Il'ev, Victor P.},
  year = {2001},
  date = {2001},
  journaltitle = {Discrete Applied Mathematics},
  issn = {0166-218X},
  doi = {10.1016/S0166-218X(00)00366-8},
}

@article{johnson1974approximation,
  title = {Approximation Algorithms for Combinatorial Problems},
  author = {Johnson, David S.},
  year = {1974},
  date = {1974},
  journaltitle = {Journal of Computer and System Sciences},
  issn = {0022-0000},
  doi = {10.1016/S0022-0000(74)80044-9},
}

@inproceedings{kim2016examples,
  title = {Examples Are Not Enough, Learn to Criticize! {{Criticism}} for {{Interpretability}}},
  author = {Kim, Been and Khanna, Rajiv and Koyejo, Oluwasanmi O},
  year = {2016},
  date = {2016},
  url = {\url{https://proceedings.neurips.cc/paper_files/paper/2016/file/5680522b8e2bb01943234bce7bf84534-Paper.pdf}}
}

@article{konemann2011unified,
  title = {A {{Unified Approach}} to {{Approximating Partial Covering Problems}}},
  author = {Könemann, Jochen and Parekh, Ojas and Segev, Danny},
  year = {2011},
  date = {2011-04-01},
  journaltitle = {Algorithmica},
  shortjournal = {Algorithmica},
  issn = {1432-0541},
  doi = {10.1007/s00453-009-9317-0},
}

@inproceedings{lakkaraju2019faithful,
  title = {Faithful and Customizable Explanations of Black Box Models},
  booktitle = {Proceedings of the 2019 {{AAAI}}/{{ACM}} Conference on {{AI}}, Ethics, and Society},
  author = {Lakkaraju, Himabindu and Kamar, Ece and Caruana, Rich and Leskovec, Jure},
  year = {2019},
  date = {2019},
  series = {Aies '19},
  pages = {131--138},
  publisher = {Association for Computing Machinery},
  location = {New York, NY, USA},
  doi = {10.1145/3306618.3314229},
  isbn = {978-1-4503-6324-2},
  pagetotal = {8}
}

@inproceedings{lakkaraju2020robust,
  title = {Robust and Stable Black Box Explanations},
  author = {Lakkaraju, Himabindu and Arsov, Nino and Bastani, Osbert},
  year = {2020},
  date = {2020-07-13/2020-07-18},
  series = {Proceedings of Machine Learning Research},
  url = {https://proceedings.mlr.press/v119/lakkaraju20a.html}
}

@misc{laugel2018defining,
      title={Defining Locality for Surrogates in Post-hoc Interpretablity}, 
      author={Thibault Laugel and Xavier Renard and Marie-Jeanne Lesot and Christophe Marsala and Marcin Detyniecki},
      year={2018},
      eprint={1806.07498},
      archivePrefix={arXiv},
      primaryClass={cs.LG},
      url={https://arxiv.org/abs/1806.07498}, 
}

@article{li2022Optimal,
  title = {Optimal {{Local Explainer Aggregation}} for {{Interpretable Prediction}}},
  author = {Li, Qiaomei and Cummings, Rachel and Mintz, Yonatan},
  year = {2022},
  date = {2022-06-28},
  journaltitle = {Proceedings of the AAAI Conference on Artificial Intelligence},
  shortjournal = {AAAI},
  doi = {10.1609/aaai.v36i11.21458},
}

@inproceedings{liberty2017greedy,
  title = {Greedy Minimization of Weakly Supermodular Set Functions},
  booktitle = {Approximation, Randomization, and Combinatorial Optimization. {{Algorithms}} and Techniques ({{APPROX}}/{{RANDOM}} 2017)},
  author = {Liberty, Edo and Sviridenko, Maxim},
  year = {2017},
  date = {2017},
  series = {Leibniz International Proceedings in Informatics (Lipics)},
  volume = {81},
  pages = {19:1--19:11},
  publisher = {Schloss Dagstuhl – Leibniz-Zentrum für Informatik},
  location = {Dagstuhl, Germany},
  issn = {1868-8969},
  doi = {10.4230/LIPIcs.APPROX-RANDOM.2017.19},
  isbn = {978-3-95977-044-6},
  urn = {urn:nbn:de:0030-drops-75682}
}

@inproceedings{lundberg2017unified,
  title = {A {{Unified Approach}} to {{Interpreting Model Predictions}}},
  author = {Lundberg, Scott M and Lee, Su-In},
  year = {2017},
  date = {2017},
  url = {\url{https://proceedings.neurips.cc/paper/2017/file/8a20a8621978632d76c43dfd28b67767-Paper.pdf}}
}

@incollection{mccormick2005submodular,
  title = {Submodular Function Minimization},
  author = {McCormick, S. Thomas},
  year = {2005},
  date = {2005},
  issn = {0927-0507},
  doi = {10.1016/S0927-0507(05)12007-6},
}

@software{mitchell2024pulp,
  title = {{{PuLP}}:  {{A}} Python {{Linear Programming API}}},
  author = {Mitchell, Stuart and Kean, Anita and Mason, Andew and O'Sullivan, Michael and Phillips, Antony and Peschiera, Franco},
  year = {2024},
  date = {2024},
  url = {https://github.com/coin-or/pulp},
  version = {2.8.0}
}

@article{moriwaki2018mordred,
  title = {Mordred: A Molecular Descriptor Calculator},
  shorttitle = {Mordred},
  author = {Moriwaki, Hirotomo and Tian, Yu-Shi and Kawashita, Norihito and Takagi, Tatsuya},
  year = {2018},
  date = {2018-12},
  journaltitle = {Journal of Cheminformatics},
  shortjournal = {J Cheminform},
  issn = {1758-2946},
  doi = {10.1186/s13321-018-0258-y},
}

@misc{narayanan2024prototype,
  title = {Prototype-Based Methods in Explainable {{AI}} and Emerging Opportunities in the Geosciences},
  author = {Narayanan, Anushka and Bergen, Karianne J.},
  year = {2024},
  date = {2024},
  eprint = {2410.19856},
  eprinttype = {arXiv},
  eprintclass = {cs.LG},
  url = {https://arxiv.org/abs/2410.19856}
}

@article{nemhauser1978analysis,
  title = {An Analysis of Approximations for Maximizing Submodular Set Functions—{{I}}},
  author = {Nemhauser, G. L. and Wolsey, L. A. and Fisher, M. L.},
  year = {1978},
  date = {1978-12-01},
  journaltitle = {Mathematical Programming},
  shortjournal = {Mathematical Programming},
  issn = {1436-4646},
  doi = {10.1007/BF01588971},
}

@article{oikarinenDetectingVirtualConcept2021,
  title = {Detecting Virtual Concept Drift of Regressors without Ground Truth Values},
  author = {Oikarinen, Emilia and Tiittanen, Henri and Henelius, Andreas and Puolamäki, Kai},
  year = {2021},
  date = {2021-05},
  journaltitle = {Data Mining and Knowledge Discovery},
  shortjournal = {Data Min Knowl Disc},
  issn = {1384-5810, 1573-756X},
  doi = {10.1007/s10618-021-00739-7},
}

@article{peng2022industrial,
  title = {Industrial Big Data-Driven Mechanical Performance Prediction for Hot-Rolling Steel Using Lower Upper Bound Estimation Method},
  author = {Peng, Gongzhuang and Cheng, Yinliang and Zhang, Yufei and Shao, Jian and Wang, Hongwei and Shen, Weiming},
  year = {2022},
  date = {2022},
  journaltitle = {Journal of Manufacturing Systems},
  issn = {0278-6125},
  doi = {10.1016/j.jmsy.2022.08.014},
}

@dataset{rajarshi2017life,
  title = {Life {{Expectancy}} ({{WHO}})},
  author = {Rajarshi, Kumar},
  date = {2017},
  url = {https://www.kaggle.com/datasets/kumarajarshi/life-expectancy-who},
  version = {1}
}

@article{ramakrishnan2014Quantum,
  title = {Quantum Chemistry Structures and Properties of 134 Kilo Molecules},
  author = {Ramakrishnan, Raghunathan and Dral, Pavlo O. and Rupp, Matthias and von Lilienfeld, O. Anatole},
  year = {2014},
  date = {2014-08-05},
  journaltitle = {Scientific Data},
  shortjournal = {Sci Data},
  issn = {2052-4463},
  doi = {10.1038/sdata.2014.22},
}

@inproceedings{ribeiro2016,
  title = {"{{Why Should I Trust You}}?": {{Explaining}} the {{Predictions}} of {{Any Classifier}}},
  shorttitle = {"{{Why Should I Trust You}}?},
  author = {Ribeiro, Marco Tulio and Singh, Sameer and Guestrin, Carlos},
  year = {2016},
  date = {2016-08-13},
  location = {San Francisco California USA},
  doi = {10.1145/2939672.2939778},
  eventtitle = {{{KDD}} '16: {{The}} 22nd {{ACM SIGKDD International Conference}} on {{Knowledge Discovery}} and {{Data Mining}}},
  isbn = {978-1-4503-4232-2}
}

@article{seppalainen2023using,
  doi = {10.1371/journal.pone.0297714},
  author = {Seppäläinen, Lauri AND Björklund, Anton AND Besel, Vitus AND Puolamäki, Kai},
  journal = {PLOS ONE},
  publisher = {Public Library of Science},
  title = {Using slisemap to interpret physical data},
  year = {2024} 
}

@article{setzu2021glocalx,
  title = {{{GLocalX}} - from Local to Global Explanations of Black Box {{AI}} Models},
  author = {Setzu, Mattia and Guidotti, Riccardo and Monreale, Anna and Turini, Franco and Pedreschi, Dino and Giannotti, Fosca},
  year = {2021},
  date = {2021},
  journaltitle = {Artificial Intelligence},
  issn = {0004-3702},
  doi = {10.1016/j.artint.2021.103457},
}

@inproceedings{shankar2019alime,
  title = {{{ALIME}}: {{Autoencoder}} Based Approach for Local Interpretability},
  author = {Shankaranarayana, Sharath M. and Runje, Davor},
  year = {2019},
  date = {2019},
  isbn = {978-3-030-33607-3},
  doi = {10.1007/978-3-030-33607-3_49}
}

@misc{slack2021reliable,
 author = {Slack, Dylan and Hilgard, Anna and Singh, Sameer and Lakkaraju, Himabindu},
 title = {Reliable Post hoc Explanations: Modeling Uncertainty in Explainability},
 url = {https://proceedings.neurips.cc/paper_files/paper/2021/file/4e246a381baf2ce038b3b0f82c7d6fb4-Paper.pdf},
 year = {2021}
}

@article{slavik1997improved,
  title = {Improved Performance of the Greedy Algorithm for Partial Cover},
  author = {Slavík, Petr},
  date = {1997},
  journaltitle = {Information Processing Letters},
  volume = {64},
  number = {5},
  pages = {251--254},
  issn = {0020-0190},
  doi = {10.1016/S0020-0190(97)00182-8},
}

@misc{smilkov2017smoothgrad,
      title={SmoothGrad: removing noise by adding noise}, 
      author={Daniel Smilkov and Nikhil Thorat and Been Kim and Fernanda Viégas and Martin Wattenberg},
      year={2017},
      eprint={1706.03825},
      archivePrefix={arXiv},
      primaryClass={cs.LG},
      url={https://arxiv.org/abs/1706.03825}, 
}

@misc{szegedy2014intriguing,
  title = {Intriguing Properties of Neural Networks},
  author = {Szegedy, Christian and Zaremba, Wojciech and Sutskever, Ilya and Bruna, Joan and Erhan, Dumitru and Goodfellow, Ian and Fergus, Rob},
  year = {2014},
  date = {2014},
  eprint = {1312.6199},
  eprinttype = {arXiv},
  eprintclass = {cs.CV},
  url = {https://arxiv.org/abs/1312.6199}
}

@article{thuy2023explainability,
  title = {Explainability through Uncertainty: {{Trustworthy}} Decision-Making with Neural Networks},
  author = {Thuy, Arthur and Benoit, Dries F.},
  date = {2023},
  journaltitle = {European Journal of Operational Research},
  issn = {0377-2217},
  doi = {10.1016/j.ejor.2023.09.009},
}

@misc{vanderlinden2019global,
  title = {Global Aggregations of Local Explanations for Black Box Models},
  author = {van der Linden, Ilse and Haned, Hinda and Kanoulas, Evangelos},
  year = {2019},
  date = {2019},
  eprint = {1907.03039},
  eprinttype = {arXiv},
  eprintclass = {cs.IR},
  url = {https://arxiv.org/abs/1907.03039}
}

@article{wang2021show,
  title = {Show or Suppress? {{Managing}} Input Uncertainty in Machine Learning Model Explanations},
  author = {Wang, Danding and Zhang, Wencan and Lim, Brian Y.},
  year = {2021},
  date = {2021},
  journaltitle = {Artificial Intelligence},
  issn = {0004-3702},
  doi = {10.1016/j.artint.2021.103456},
}

@misc{whiteson2014higgs,
  author       = {Whiteson, Daniel},
  title        = {{HIGGS}},
  year         = {2014},
  howpublished = {UCI Machine Learning Repository},
  doi         = {10.24432/C5V312}
}

@misc{xenopoulos2022topological,
  title = {Topological Representations of Local Explanations},
  author = {Xenopoulos, Peter and Chan, Gromit and Doraiswamy, Harish and Nonato, Luis Gustavo and Barr, Brian and Silva, Claudio},
  date = {2022},
  eprint = {2201.02155},
  eprinttype = {arXiv},
  eprintclass = {cs.LG}
}

@misc{zafar2019dlime,
  author    = {Muhammad Rehman Zafar and Naimul Mefraz Khan},
  title     = {DLIME: A Deterministic Local Interpretable Model-Agnostic Explanations Approach for Computer-Aided Diagnosis Systems},
  booktitle = {In proceeding of ACM SIGKDD Workshop on Explainable AI/ML (XAI) for Accountability, Fairness, and Transparency},
  year      = {2019},
}

@inproceedings{zhao2021baylime,
  title = {{{BayLIME}}: {{Bayesian}} Local Interpretable Model-Agnostic Explanations},
  author = {Zhao, Xingyu and Huang, Wei and Huang, Xiaowei and Robu, Valentin and Flynn, David},
  year = {2021},
  date = {2021-07-27/2021-07-30},
  series = {Proceedings of Machine Learning Research},
  url = {\url{https://proceedings.mlr.press/v161/zhao21a.html}}
}
