@article{agnar1994casebased,
  title = {Case-Based Reasoning: Foundational Issues, Methodological Variations, and System Approaches},
  author = {Aamodt, Agnar and Plaza, Enric},
  date = {1994-03},
  year = {1994},
  journaltitle = {Ai Communications},
  shortjournal = {AI Commun.},
  publisher = {IOS Press},
  location = {NLD},
  issn = {0921-7126},
  issue_date = {March 1994},
  pagetotal = {21}
}

@article{bjorklund2023slisemap,
  title = {{{SLISEMAP}}: {{Supervised}} Dimensionality Reduction through Local Explanations},
  shorttitle = {{{SLISEMAP}}},
  author = {Björklund, Anton and Mäkelä, Jarmo and Puolamäki, Kai},
  year = {2023},
  date = {2023-01},
  journaltitle = {Machine Learning},
  shortjournal = {Mach Learn},
  issn = {0885-6125, 1573-0565},
  doi = {10.1007/s10994-022-06261-1},
}

@inproceedings{bjorklund2024SLIPMAP,
  title = {{{SLIPMAP}}: {{Fast}} and~{{Robust Manifold Visualisation}} for~{{Explainable AI}}},
  shorttitle = {{{SLIPMAP}}},
  author = {Björklund, Anton and Seppäläinen, Lauri and Puolamäki, Kai},
  year = {2024},
  date = {2024},
  doi = {10.1007/978-3-031-58553-1_18},
  isbn = {978-3-031-58553-1}
}

@inproceedings{dombrowski2019explanations,
  title = {Explanations Can Be Manipulated and Geometry Is to Blame},
  author = {Dombrowski, Ann-Kathrin and Alber, Maximillian and Anders, Christopher and Ackermann, Marcel and Müller, Klaus-Robert and Kessel, Pan},
  year = {2019},
  date = {2019},
  url = {\url{https://proceedings.neurips.cc/paper_files/paper/2019/file/bb836c01cdc9120a9c984c525e4b1a4a-Paper.pdf}}
}

@inproceedings{dosilovic2018survey,
  title = {Explainable Artificial Intelligence: {{A}} Survey},
  author = {Došilović, Filip Karlo and Brčić, Mario and Hlupić, Nikica},
  year = {2018},
  date = {2018},
  doi = {10.23919/MIPRO.2018.8400040}
}

@article{guidotti2018survey,
  title = {A Survey of Methods for Explaining Black Box Models},
  author = {Guidotti, Riccardo and Monreale, Anna and Ruggieri, Salvatore and Turini, Franco and Giannotti, Fosca and Pedreschi, Dino},
  year = {2018},
  date = {2018-08},
  journaltitle = {Acm Computing Surveys},
  shortjournal = {ACM Comput. Surv.},
  issn = {0360-0300},
  doi = {10.1145/3236009},
  articleno = {93},
  issue_date = {September 2019},
  pagetotal = {42}
}

@inproceedings{kim2016examples,
  title = {Examples Are Not Enough, Learn to Criticize! {{Criticism}} for {{Interpretability}}},
  author = {Kim, Been and Khanna, Rajiv and Koyejo, Oluwasanmi O},
  year = {2016},
  date = {2016},
  url = {\url{https://proceedings.neurips.cc/paper_files/paper/2016/file/5680522b8e2bb01943234bce7bf84534-Paper.pdf}}
}

@misc{laugel2018defining,
      title={Defining Locality for Surrogates in Post-hoc Interpretablity}, 
      author={Thibault Laugel and Xavier Renard and Marie-Jeanne Lesot and Christophe Marsala and Marcin Detyniecki},
      year={2018},
      eprint={1806.07498},
      archivePrefix={arXiv},
      primaryClass={cs.LG},
      url={https://arxiv.org/abs/1806.07498}, 
}

@inproceedings{lundberg2017unified,
  title = {A {{Unified Approach}} to {{Interpreting Model Predictions}}},
  author = {Lundberg, Scott M and Lee, Su-In},
  year = {2017},
  date = {2017},
  url = {\url{https://proceedings.neurips.cc/paper/2017/file/8a20a8621978632d76c43dfd28b67767-Paper.pdf}}
}

@inproceedings{ribeiro2016,
  title = {"{{Why Should I Trust You}}?": {{Explaining}} the {{Predictions}} of {{Any Classifier}}},
  shorttitle = {"{{Why Should I Trust You}}?},
  author = {Ribeiro, Marco Tulio and Singh, Sameer and Guestrin, Carlos},
  year = {2016},
  date = {2016-08-13},
  location = {San Francisco California USA},
  doi = {10.1145/2939672.2939778},
  eventtitle = {{{KDD}} '16: {{The}} 22nd {{ACM SIGKDD International Conference}} on {{Knowledge Discovery}} and {{Data Mining}}},
  isbn = {978-1-4503-4232-2}
}

@article{setzu2021glocalx,
  title = {{{GLocalX}} - from Local to Global Explanations of Black Box {{AI}} Models},
  author = {Setzu, Mattia and Guidotti, Riccardo and Monreale, Anna and Turini, Franco and Pedreschi, Dino and Giannotti, Fosca},
  year = {2021},
  date = {2021},
  journaltitle = {Artificial Intelligence},
  issn = {0004-3702},
  doi = {10.1016/j.artint.2021.103457},
}

@inproceedings{shankar2019alime,
  title = {{{ALIME}}: {{Autoencoder}} Based Approach for Local Interpretability},
  author = {Shankaranarayana, Sharath M. and Runje, Davor},
  year = {2019},
  date = {2019},
  isbn = {978-3-030-33607-3},
  doi = {10.1007/978-3-030-33607-3_49}
}

@misc{slack2021reliable,
 author = {Slack, Dylan and Hilgard, Anna and Singh, Sameer and Lakkaraju, Himabindu},
 title = {Reliable Post hoc Explanations: Modeling Uncertainty in Explainability},
 url = {https://proceedings.neurips.cc/paper_files/paper/2021/file/4e246a381baf2ce038b3b0f82c7d6fb4-Paper.pdf},
 year = {2021}
}

@misc{smilkov2017smoothgrad,
      title={SmoothGrad: removing noise by adding noise}, 
      author={Daniel Smilkov and Nikhil Thorat and Been Kim and Fernanda Viégas and Martin Wattenberg},
      year={2017},
      eprint={1706.03825},
      archivePrefix={arXiv},
      primaryClass={cs.LG},
      url={https://arxiv.org/abs/1706.03825}, 
}

@misc{szegedy2014intriguing,
  title = {Intriguing Properties of Neural Networks},
  author = {Szegedy, Christian and Zaremba, Wojciech and Sutskever, Ilya and Bruna, Joan and Erhan, Dumitru and Goodfellow, Ian and Fergus, Rob},
  year = {2014},
  date = {2014},
  eprint = {1312.6199},
  eprinttype = {arXiv},
  eprintclass = {cs.CV},
  url = {https://arxiv.org/abs/1312.6199}
}

@misc{vanderlinden2019global,
  title = {Global Aggregations of Local Explanations for Black Box Models},
  author = {van der Linden, Ilse and Haned, Hinda and Kanoulas, Evangelos},
  year = {2019},
  date = {2019},
  eprint = {1907.03039},
  eprinttype = {arXiv},
  eprintclass = {cs.IR},
  url = {https://arxiv.org/abs/1907.03039}
}

@misc{zafar2019dlime,
  author    = {Muhammad Rehman Zafar and Naimul Mefraz Khan},
  title     = {DLIME: A Deterministic Local Interpretable Model-Agnostic Explanations Approach for Computer-Aided Diagnosis Systems},
  booktitle = {In proceeding of ACM SIGKDD Workshop on Explainable AI/ML (XAI) for Accountability, Fairness, and Transparency},
  year      = {2019},
}

@inproceedings{zhao2021baylime,
  title = {{{BayLIME}}: {{Bayesian}} Local Interpretable Model-Agnostic Explanations},
  author = {Zhao, Xingyu and Huang, Wei and Huang, Xiaowei and Robu, Valentin and Flynn, David},
  year = {2021},
  date = {2021-07-27/2021-07-30},
  series = {Proceedings of Machine Learning Research},
  url = {\url{https://proceedings.mlr.press/v161/zhao21a.html}}
}

