@inproceedings{BarnettCB20,
  author       = {Lee A. Barnett and
                  David M. Cerna and
                  Armin Biere},
  editor       = {Nicolas Peltier and
                  Viorica Sofronie{-}Stokkermans},
  title        = {Covered Clauses Are Not Propagation Redundant},
  booktitle    = {Automated Reasoning - 10th International Joint Conference, {IJCAR}
                  2020, Paris, France, July 1-4, 2020, Proceedings, Part {I}},
  series       = {Lecture Notes in Computer Science},
  volume       = {12166},
  pages        = {32--47},
  publisher    = {Springer},
  year         = {2020},
  url          = {https://doi.org/10.1007/978-3-030-51074-9\_3},
  doi          = {10.1007/978-3-030-51074-9\_3},
  timestamp    = {Sun, 06 Oct 2024 20:57:16 +0200},
  biburl       = {https://dblp.org/rec/conf/cade/BarnettCB20.bib},
  bibsource    = {dblp computer science bibliography, https://dblp.org}
}

@incollection{BiereJK21,
  author       = {Armin Biere and
                  Matti J{\"{a}}rvisalo and
                  Benjamin Kiesl},
  editor       = {Armin Biere and
                  Marijn Heule and
                  Hans van Maaren and
                  Toby Walsh},
  title        = {Preprocessing in {SAT} Solving},
  booktitle    = {Handbook of Satisfiability - Second Edition},
  series       = {Frontiers in Artificial Intelligence and Applications},
  volume       = {336},
  pages        = {391--435},
  publisher    = {{IOS} Press},
  year         = {2021},
  url          = {https://doi.org/10.3233/FAIA200992},
  doi          = {10.3233/FAIA200992},
  timestamp    = {Fri, 06 May 2022 08:06:04 +0200},
  biburl       = {https://dblp.org/rec/series/faia/BiereJK21.bib},
  bibsource    = {dblp computer science bibliography, https://dblp.org}
}

@inproceedings{DBLP:conf/ruleml/FurnkranzK15,
  author       = {Johannes F{\"{u}}rnkranz and
                  Tom{\'{a}}s Kliegr},
  xeditor       = {Nick Bassiliades and
                  Georg Gottlob and
                  Fariba Sadri and
                  Adrian Paschke and
                  Dumitru Roman},
  title        = {A Brief Overview of Rule Learning},
  booktitle    = {RuleML 2015},
  series       = {Lecture Notes in Computer Science},
  volume       = {9202},
  pages        = {54--69},
  publisher    = {Springer},
  year         = {2015},
  url          = {https://doi.org/10.1007/978-3-319-21542-6\_4},
  doi          = {10.1007/978-3-319-21542-6\_4},
  timestamp    = {Sun, 02 Jun 2019 21:16:17 +0200},
  biburl       = {https://dblp.org/rec/conf/ruleml/FurnkranzK15.bib},
  bibsource    = {dblp computer science bibliography, https://dblp.org}
}

@article{DBLP:journals/vldb/GalarragaTHS15,
  author       = {Luis Gal{\'{a}}rraga and
                  Christina Teflioudi and
                  Katja Hose and
                  Fabian M. Suchanek},
  title        = {Fast rule mining in ontological knowledge bases with {AMIE+}},
  journal      = {{VLDB} J.},
  volume       = {24},
  number       = {6},
  pages        = {707--730},
  year         = {2015},
  xurl          = {https://doi.org/10.1007/s00778-015-0394-1},
  xxdoi          = {10.1007/s00778-015-0394-1},
  timestamp    = {Sat, 09 Apr 2022 12:25:47 +0200},
  bibxurl       = {https://dblp.org/rec/journals/vldb/GalarragaTHS15.bib},
  bibsource    = {dblp computer science bibliography, https://dblp.org}
}

@inproceedings{HeuleJB10a,
  author       = {Marijn Heule and
                  Matti J{\"{a}}rvisalo and
                  Armin Biere},
  editor       = {Andrei Voronkov and
                  Geoff Sutcliffe and
                  Matthias Baaz and
                  Christian G. Ferm{\"{u}}ller},
  title        = {Covered Clause Elimination},
  booktitle    = {Short papers for 17th International Conference on Logic for Programming,
                  Artificial intelligence, and Reasoning, LPAR-17-short, Yogyakarta,
                  Indonesia, October 10-15, 2010},
  series       = {EPiC Series in Computing},
  volume       = {13},
  pages        = {41--46},
  publisher    = {EasyChair},
  year         = {2010},
  url          = {https://doi.org/10.29007/cl8s},
  doi          = {10.29007/CL8S},
  timestamp    = {Sun, 15 Aug 2021 00:16:53 +0200},
  biburl       = {https://dblp.org/rec/conf/lpar/HeuleJB10a.bib},
  bibsource    = {dblp computer science bibliography, https://dblp.org}
}

@inproceedings{HoderKKV12,
  author       = {Krystof Hoder and
                  Zurab Khasidashvili and
                  Konstantin Korovin and
                  Andrei Voronkov},
  editor       = {Gianpiero Cabodi and
                  Satnam Singh},
  title        = {Preprocessing techniques for first-order clausification},
  booktitle    = {Formal Methods in Computer-Aided Design, {FMCAD} 2012, Cambridge,
                  UK, October 22-25, 2012},
  pages        = {44--51},
  publisher    = {{IEEE}},
  year         = {2012},
  url          = {https://ieeexplore.ieee.org/document/6462554/},
  timestamp    = {Mon, 09 Aug 2021 15:21:44 +0200},
  biburl       = {https://dblp.org/rec/conf/fmcad/HoderKKV12.bib},
  bibsource    = {dblp computer science bibliography, https://dblp.org}
}

@inproceedings{KhasidashviliK16,
  author       = {Zurab Khasidashvili and
                  Konstantin Korovin},
  editor       = {Nadia Creignou and
                  Daniel Le Berre},
  title        = {Predicate Elimination for Preprocessing in First-Order Theorem Proving},
  booktitle    = {Theory and Applications of Satisfiability Testing - {SAT} 2016 - 19th
                  International Conference, Bordeaux, France, July 5-8, 2016, Proceedings},
  series       = {Lecture Notes in Computer Science},
  volume       = {9710},
  pages        = {361--372},
  publisher    = {Springer},
  year         = {2016},
  url          = {https://doi.org/10.1007/978-3-319-40970-2\_22},
  doi          = {10.1007/978-3-319-40970-2\_22},
  timestamp    = {Tue, 14 May 2019 10:00:41 +0200},
  biburl       = {https://dblp.org/rec/conf/sat/KhasidashviliK16.bib},
  bibsource    = {dblp computer science bibliography, https://dblp.org}
}

@inproceedings{KieslSTB16,
  author       = {Benjamin Kiesl and
                  Martina Seidl and
                  Hans Tompits and
                  Armin Biere},
  editor       = {Nicola Olivetti and
                  Ashish Tiwari},
  title        = {Super-Blocked Clauses},
  booktitle    = {Automated Reasoning - 8th International Joint Conference, {IJCAR}
                  2016, Coimbra, Portugal, June 27 - July 2, 2016, Proceedings},
  series       = {Lecture Notes in Computer Science},
  volume       = {9706},
  pages        = {45--61},
  publisher    = {Springer},
  year         = {2016},
  url          = {https://doi.org/10.1007/978-3-319-40229-1\_5},
  doi          = {10.1007/978-3-319-40229-1\_5},
  timestamp    = {Mon, 26 Jun 2023 20:45:22 +0200},
  biburl       = {https://dblp.org/rec/conf/cade/KieslSTB16.bib},
  bibsource    = {dblp computer science bibliography, https://dblp.org}
}

@article{Kullmann99,
  author       = {Oliver Kullmann},
  title        = {On a Generalization of Extended Resolution},
  journal      = {Discret. Appl. Math.},
  volume       = {96-97},
  pages        = {149--176},
  year         = {1999},
  url          = {https://doi.org/10.1016/S0166-218X(99)00037-2},
  doi          = {10.1016/S0166-218X(99)00037-2},
  timestamp    = {Thu, 11 Feb 2021 23:25:01 +0100},
  biburl       = {https://dblp.org/rec/journals/dam/Kullmann99.bib},
  bibsource    = {dblp computer science bibliography, https://dblp.org}
}

@article{VukmirovicBH23,
  author       = {Petar Vukmirovic and
                  Jasmin Blanchette and
                  Marijn J. H. Heule},
  title        = {SAT-Inspired Eliminations for Superposition},
  journal      = {{ACM} Trans. Comput. Log.},
  volume       = {24},
  number       = {1},
  pages        = {7:1--7:25},
  year         = {2023},
  url          = {https://doi.org/10.1145/3565366},
  doi          = {10.1145/3565366},
  timestamp    = {Sun, 16 Apr 2023 20:31:20 +0200},
  biburl       = {https://dblp.org/rec/journals/tocl/VukmirovicBH23.bib},
  bibsource    = {dblp computer science bibliography, https://dblp.org}
}

@article{aleph,
  title={The {ALEPH} manual},
  author={Ashwin Srinivasan},
  journal={Machine Learning at the Computing Laboratory, Oxford University},
  year={2001}
}

@inproceedings{aspal,
  author    = {Domenico Corapi and
               Alessandra Russo and
               Emil Lupu},
  xeditor     = {Stephen Muggleton and
               Alireza Tamaddoni{-}Nezhad and
               Francesca A. Lisi},
  title     = {Inductive Logic Programming in Answer Set Programming},
  booktitle = {Inductive Logic Programming - 21st International Conference},
  xseries    = {Lecture Notes in Computer Science},
  xvolume    = {7207},
  pages     = {91--97},
  xpublisher = {Springer},
  year      = {2011}
}

@article{aspsynth,
author = {Bembenek, Aaron and Greenberg, Michael and Chong, Stephen},
title = {From {SMT} to {ASP}: Solver-Based Approaches to Solving Datalog Synthesis-as-Rule-Selection Problems},
year = {2023},
issue_date = {January 2023},
publisher = {Association for Computing Machinery},
address = {New York, NY, USA},
volume = {7},
number = {POPL},
url = {https://doi.org/10.1145/3571200},
doi = {10.1145/3571200},
journal = {Proc. ACM Program. Lang.},
month = {jan},
articleno = {7},
numpages = {33},
keywords = {satisfiability, Datalog, inductive logic programming, program synthesis}
}

@article{atom,
  author    = {John Ahlgren and
               Shiu Yin Yuen},
  title     = {Efficient program synthesis using constraint satisfaction in inductive
               logic programming},
  journal   = {J. Machine Learning Res.},
  xvolume    = {14},
  number    = {1},
  pages     = {3649--3682},
  year      = {2013}
}

@inproceedings{hexmil,
  author    = {Tobias Kaminski and
               Thomas Eiter and
               Katsumi Inoue},
  title     = {Meta-Interpretive Learning Using HEX-Programs},
  booktitle = {Proceedings of the Twenty-Eighth International Joint Conference on
               Artificial Intelligence, {IJCAI} 2019},
  pages     = {6186--6190},
  zpublisher = {ijcai.org},
  year      = {2019},
  url       = {https://doi.org/10.24963/ijcai.2019/860},
  doi       = {10.24963/ijcai.2019/860},
  timestamp = {Tue, 20 Aug 2019 16:18:18 +0200},
  biburl    = {https://dblp.org/rec/conf/ijcai/KaminskiEI19.bib},
  bibsource = {dblp computer science bibliography, https://dblp.org}
}

@article{ilasp4,
  title={Conflict-driven inductive logic programming},
  author={Law, Mark},
  journal={Theory and Practice of Logic Programming},
  volume={23},
  number={2},
  pages={387--414},
  year={2023},
  publisher={Cambridge University Press}
}

@article{ilpintro,
  author    = {Andrew Cropper and
               Sebastijan Dumančić},
  title     = {Inductive Logic Programming At 30: {A} New Introduction},
  journal   = {Journal of Artififical Intelligence Research},
  volume    = {74},
  pages     = {765--850},
  year      = {2022},
  url       = {https://doi.org/10.1613/jair.1.13507},
  doi       = {10.1613/jair.1.13507},
  timestamp = {Fri, 24 Jun 2022 12:49:26 +0200},
  biburl    = {https://dblp.org/rec/journals/jair/CropperD22.bib},
  bibsource = {dblp computer science bibliography, https://dblp.org}
}

@article{inspire,
  author       = {Peter Sch{\"{u}}ller and
                  Mishal Benz},
  title        = {Best-effort inductive logic programming via fine-grained cost-based
                  hypothesis generation - The inspire system at the inductive logic
                  programming competition},
  journal   = {Machine Learning},
  volume       = {107},
  number       = {7},
  pages        = {1141--1169},
  year         = {2018},
  url          = {https://doi.org/10.1007/s10994-018-5708-2},
  doi          = {10.1007/S10994-018-5708-2},
  timestamp    = {Mon, 02 Mar 2020 16:29:16 +0100},
  biburl       = {https://dblp.org/rec/journals/ml/SchullerB18.bib},
  bibsource    = {dblp computer science bibliography, https://dblp.org}
}

@inproceedings{musper,
  author       = {Andrew Cropper and
                  C{\'{e}}line Hocquette},
  xeditor       = {Ulle Endriss and
                  Francisco S. Melo and
                  Kerstin Bach and
                  Alberto Jos{\'{e}} Bugar{\'{\i}}n Diz and
                  Jose Maria Alonso{-}Moral and
                  Sen{\'{e}}n Barro and
                  Fredrik Heintz},
  title        = {Learning Logic Programs by Finding Minimal Unsatisfiable Subprograms},
  booktitle    = {{ECAI} 2024 - 27th European Conference on Artificial Intelligence},
  xseries       = {Frontiers in Artificial Intelligence and Applications},
  volume       = {392},
  pages        = {4295--4302},
  publisher    = {{IOS} Press},
  year         = {2024},
  url          = {https://doi.org/10.3233/FAIA241004},
  doi          = {10.3233/FAIA241004},
  timestamp    = {Fri, 25 Oct 2024 12:13:46 +0200},
  biburl       = {https://dblp.org/rec/conf/ecai/CropperH24.bib},
  bibsource    = {dblp computer science bibliography, https://dblp.org}
}

@inproceedings{probfoil,
  author    = {Luc {De Raedt} and
               Anton Dries and
               Ingo Thon and
               Guy Van den Broeck and
               Mathias Verbeke},
  xeditor     = {Qiang Yang and
               Michael J. Wooldridge},
  title     = {Inducing Probabilistic Relational Rules from Probabilistic Examples},
  booktitle = {Proceedings of the Twenty-Fourth International Joint Conference on
               Artificial Intelligence, {IJCAI} 2015, Buenos Aires, Argentina, July
               25-31, 2015},
  pages     = {1835--1843},
  xpublisher = {{AAAI} Press},
  year      = {2015}
}

@article{progol,
  author       = {Stephen H. Muggleton},
  title        = {Inverse Entailment and {Progol}},
  journal      = {New Generation Computing},
  volume       = {13},
  number       = {3{\&}4},
  pages        = {245--286},
  year         = {1995},
  url          = {https://doi.org/10.1007/BF03037227},
  doi          = {10.1007/BF03037227},
  timestamp    = {Sat, 30 Apr 2022 12:43:30 +0200},
  biburl       = {https://dblp.org/rec/journals/ngc/Muggleton95.bib},
  bibsource    = {dblp computer science bibliography, https://dblp.org}
}

@article{prosynth,
  author       = {Mukund Raghothaman and
                  Jonathan Mendelson and
                  David Zhao and
                  Mayur Naik and
                  Bernhard Scholz},
  title        = {Provenance-guided synthesis of Datalog programs},
  journal      = {Proc. {ACM} Program. Lang.},
  volume       = {4},
  number       = {{POPL}},
  pages        = {62:1--62:27},
  year         = {2020},
  url          = {https://doi.org/10.1145/3371130},
  doi          = {10.1145/3371130},
  timestamp    = {Sun, 12 Nov 2023 02:17:41 +0100},
  biburl       = {https://dblp.org/rec/journals/pacmpl/RaghothamanMZNS20.bib},
  bibsource    = {dblp computer science bibliography, https://dblp.org}
}

@article{quickfoil,
  author    = {Qiang Zeng and
               Jignesh M. Patel and
               David Page},
  title     = {QuickFOIL: Scalable Inductive Logic Programming},
  journal   = {Proc. {VLDB} Endow.},
  xvolume    = {8},
  number    = {3},
  pages     = {197--208},
  year      = {2014}
}

@article{rdfrules,
  author       = {V{\'{a}}clav Zeman and
                  Tom{\'{a}}s Kliegr and
                  Vojtech Sv{\'{a}}tek},
  title        = {RDFRules: Making {RDF} rule mining easier and even more efficient},
  journal      = {Semantic Web},
  volume       = {12},
  number       = {4},
  pages        = {569--602},
  year         = {2021},
  url          = {https://doi.org/10.3233/SW-200413},
  doi          = {10.3233/SW-200413},
  timestamp    = {Mon, 28 Aug 2023 21:19:08 +0200},
  biburl       = {https://dblp.org/rec/journals/semweb/ZemanKS21.bib},
  bibsource    = {dblp computer science bibliography, https://dblp.org}
}

@article{tilde,
  title={Top-down induction of first-order logical decision trees},
  author={Blockeel, Hendrik and De Raedt, Luc},
  journal={Artificial intelligence},
  volume={101},
  number={1-2},
  pages={285--297},
  year={1998},
  publisher={Elsevier}
}

@article{xhail,
  author    = {Oliver Ray},
  title     = {Nonmonotonic abductive inductive learning},
  journal   = {J. Applied Logic},
  xvolume    = {7},
  number    = {3},
  pages     = {329--340},
  year      = {2009}
}

