@INPROCEEDINGS{10621113,
  author={Xu, Minghui and Zhang, Jiahao and Guo, Hechuan and Cheng, Xiuzhen and Yu, Dongxiao and Hu, Qin and Li, Yijun and Wu, Yipu},
  booktitle={IEEE INFOCOM 2024 - IEEE Conference on Computer Communications}, 
  title={FileDES: A Secure, Scalable and Succinct Decentralized Encrypted Storage Network}, 
  year={2024},
  volume={},
  number={},
  pages={261-270},
  keywords={Wide area networks;Privacy;Data privacy;Protocols;Costs;Scalability;Memory;Decentralized storage network;blockchain;data sharing;proof of storage;scalability;Sybil attacks},
  doi={10.1109/INFOCOM52122.2024.10621113}}

@inproceedings{bost2016ovarphiovarsigma,
  title={$\sum$o$\varphi$o$\varsigma$: Forward secure searchable encryption},
  author={Bost, Raphael},
  booktitle={Proc. ACM SIGSAC Conference on Computer and Communications Security (CCS'16)},
  pages={1143--1154},
  year={2016},
  organization = {ACM}
}

@inproceedings{bost2017forward,
  title={Forward and backward private searchable encryption from constrained cryptographic primitives},
  author={Bost, Rapha{\"e}l and Minaud, Brice and Ohrimenko, Olga},
  booktitle={Proc. ACM SIGSAC Conference on Computer and Communications Security (CCS'17)},
  pages={1465--1482},
  year={2017},
  organization = {ACM}
}

@article{cao2019protecting,
  title={Protecting spatiotemporal event privacy in continuous location-based services},
  author={Cao, Yang and Xiao, Yonghui and Xiong, Li and Bai, Liquan and Yoshikawa, Masatoshi},
  journal={IEEE Transactions on Knowledge and Data Engineering},
  volume={33},
  number={8},
  pages={3141--3154},
  year={2019},
  publisher={IEEE}
}

@inproceedings{cash2013highly,
  title={Highly-scalable searchable symmetric encryption with support for boolean queries},
  author={Cash, David and Jarecki, Stanislaw and Jutla, Charanjit and Krawczyk, Hugo and Ro{\c{s}}u, Marcel-C{\u{a}}t{\u{a}}lin and Steiner, Michael},
  booktitle={Advances in Cryptology--CRYPTO 2013: 33rd Annual Cryptology Conference, Santa Barbara, CA, USA, August 18-22, 2013. Proceedings, Part I},
  pages={353--373},
  year={2013},
  organization={Springer}
}

@inproceedings{cash2015leakage,
  title={Leakage-abuse attacks against searchable encryption},
  author={Cash, David and Grubbs, Paul and Perry, Jason and Ristenpart, Thomas},
  booktitle={Proc. ACM SIGSAC conference on computer and communications security (CCS'15)},
  pages={668--679},
  year={2015},
  organization={ACM}
}

@inproceedings{cui2019geo,
  title={When geo-text meets security: privacy-preserving boolean spatial keyword queries},
  author={Cui, Ningning and Li, Jianxin and Yang, Xiaochun and Wang, Bin and Reynolds, Mark and Xiang, Yong},
  booktitle={Proc.  IEEE Conference on Data Engineering (ICDE'19)},
  pages={1046--1057},
  year={2019},
  organization={IEEE}
}

@article{etemad2018efficient,
  title={Efficient Dynamic Searchable Encryption with Forward Privacy},
  author={Etemad, Mohammad and K{\"u}p{\c{c}}{\"u}, Alptekin and Papamanthou, Charalampos and Evans, David},
  journal={Proc. Privacy Enhancing Technologies},
  volume={1},
  pages={5--20},
  year={2018}
}

@inproceedings{green2015forward,
  title={Forward secure asynchronous messaging from puncturable encryption},
  author={Green, Matthew D and Miers, Ian},
  booktitle={Proc. IEEE Symposium on Security and Privacy (S\&P'15)},
  pages={305--320},
  year={2015},
  organization={IEEE}
}

@inproceedings{grubbs2017leakage,
  title={Leakage-abuse attacks against order-revealing encryption},
  author={Grubbs, Paul and Sekniqi, Kevin and Bindschaedler, Vincent and Naveed, Muhammad and Ristenpart, Thomas},
  booktitle={Proc. IEEE Symposium on Security and Privacy (S\&P'17)},
  pages={655--672},
  year={2017},
  organization={IEEE}
}

@inproceedings{gui2019encrypted,
  title={Encrypted databases: New volume attacks against range queries},
  author={Gui, Zichen and Johnson, Oliver and Warinschi, Bogdan},
  booktitle={Proc. ACM SIGSAC Conference on Computer and Communications Security (CCS'19)},
  pages={361--378},
  year={2019}
}

@article{guo2022search,
  title={Search geometric ranges efficiently as keywords over encrypted spatial data},
  author={Guo, Ruoyang and Qin, Bo and Wu, Yuncheng and Chen, Hong and Li, Cuiping},
  journal={High-Confidence Computing},
  volume={2},
  number={2},
  pages={100058},
  year={2022},
  publisher={Elsevier}
}

@article{guo2023forward,
  title={Forward Private Verifiable Dynamic Searchable Symmetric Encryption with Efficient Conjunctive Query},
  author={Guo, Cheng and Li, Wenfeng and Tang, Xinyu and Choo, Kim-Kwang Raymond and Liu, Yining},
  journal={IEEE Transactions on Dependable and Secure Computing},
  year={2023},
  publisher={IEEE}
}

@inproceedings{huang2021netr,
  title={NETR-Tree: An Efficient Framework for Social-Based Time-Aware Spatial Keyword Query},
  author={Huang, Xiuqi and Gao, Yuanning and Gao, Xiaofeng and Chen, Guihai},
  booktitle={Proc.  IEEE Conference on Web Services (ICWS'21)},
  pages={198--207},
  year={2021},
  organization={IEEE}
}

@article{kermanshahi2020geometric,
  title={Geometric range search on encrypted data with forward/backward security},
  author={Kermanshahi, Shabnam Kasra and Sun, Shi-Feng and Liu, Joseph K and Steinfeld, Ron and Nepal, Surya and Lau, Wang Fat and Au, Man Ho Allen},
  journal={IEEE Transactions on Dependable and Secure Computing},
  volume={19},
  number={1},
  pages={698--716},
  year={2020},
  publisher={IEEE}
}

@article{kermanshahi2022geometric,
  title={Geometric range search on encrypted data with forward/backward security},
  author={Kermanshahi, Shabnam Kasra and Sun, Shi-Feng and Liu, Joseph K and Steinfeld, Ron and Nepal, Surya and Lau, Wang Fat and Au, Man Ho Allen},
  journal={IEEE Transactions on Dependable and Secure Computing},
  volume={19},
  number={1},
  pages={698--716},
  year={2022},
  publisher={IEEE}
}

@inproceedings{kerschbaum2014optimal,
  title={Optimal average-complexity ideal-security order-preserving encryption},
  author={Kerschbaum, Florian and Schr{\"o}pfer, Axel},
  booktitle={Proc. ACM SIGSAC Conference on Computer and Communications Security (CCS'14)},
  pages={275--286},
  year={2014}
}

@inproceedings{kim2017forward,
  title={Forward secure dynamic searchable symmetric encryption with efficient updates},
  author={Kim, Kee Sung and Kim, Minkyu and Lee, Dongsoo and Park, Je Hong and Kim, Woo-Hwan},
  booktitle={Proc. ACM SIGSAC Conference on Computer and Communications Security (CCS'16)},
  pages={1449--1463},
  year={2017},
  organization = {ACM}
}

@inproceedings{li2019insecurity,
  author={Li, Rui and Liu, Alex X. and Liu, Ying and Xu, Huanle and Yuan, Huaqiang},
  booktitle={Proc.  IEEE Conference on Data Engineering (ICDE'19)}, 
  title={Insecurity and Hardness of Nearest Neighbor Queries Over Encrypted Data}, 
  year={2019},
  volume={},
  number={},
  pages={1614-1617},
  doi={10.1109/ICDE.2019.00155}}

@article{li2021forward,
  title={Forward and backward secure keyword search with flexible keyword shielding},
  author={Li, Zhijun and Ma, Jianfeng and Miao, Yinbin and Liu, Ximeng and Choo, Kim-Kwang Raymond},
  journal={Information Sciences},
  volume={576},
  pages={507--521},
  year={2021},
  publisher={Elsevier}
}

@article{li2021towards,
  title={Towards efficient verifiable boolean search over encrypted cloud data},
  author={Li, Feng and Ma, Jianfeng and Miao, Yinbin and Zhiquan, Liu and Choo, Kim-Kwang Raymond and Liu, Ximeng and Deng, Robert},
  journal={IEEE Transactions on Cloud Computing},
  year={2021},
  publisher={IEEE}
}

@article{li2022adaptively,
  title={Adaptively secure and fast processing of conjunctive queries over encrypted data},
  author={Li, Rui and Liu, Alex X},
  journal={IEEE Transactions on Knowledge and Data Engineering},
  volume={34},
  number={4},
  pages={1588--1602},
  year={2022},
  publisher={IEEE}
}

@article{li2023enabling,
  title={Enabling Efficient Privacy-Preserving Spatio-Temporal Location-Based Services for Smart Cities},
  author={Li, Zhijun and Ma, Jianfeng and Miao, Yinbin and Wang, Xiangyu and Li, Jiayi and Xu, Chao},
  journal={IEEE Internet of Things Journal},
  year={2023},
  publisher={IEEE}
}

@article{li2023vrfms,
  title={VRFMS: verifiable ranked fuzzy multi-keyword search over encrypted data},
  author={Li, Xinghua and Tong, Qiuyun and Zhao, Jinwei and Miao, Yinbin and Ma, Siqi and Weng, Jian and Ma, Jianfeng and Choo, Kim-Kwang Raymond},
  journal={IEEE Transactions on Services Computing},
  volume={16},
  number={1},
  pages={698--710},
  year={2023},
  publisher={IEEE}
}

@article{miao2023efficient,
  title={Efficient Privacy-Preserving Spatial Range Query over Outsourced Encrypted Data},
  author={Miao, Yinbin and Yang, Yutao and Li, Xinghua and Liu, Zhiquan and Li, Hongwei and Choo, Kim-Kwang Raymond and Deng, Robert H},
  journal={IEEE Transactions on Information Forensics and Security},
  year={2023},
  publisher={IEEE}
}

@article{song2018forward,
  title={Forward private searchable symmetric encryption with optimized I/O efficiency},
  author={Song, Xiangfu and Dong, Changyu and Yuan, Dandan and Xu, Qiuliang and Zhao, Minghao},
  journal={IEEE Transactions on Dependable and Secure Computing},
  year={2018},
  volume={},
  number={},
  pages={1-1},}
  publisher={IEEE}
  doi={10.1109/TDSC.2018.2822294},
  ISSN={1545-5971}
}

@inproceedings{stefanov2014practical,
  title={Practical Dynamic Searchable Encryption with Small Leakage.},
  author={Stefanov, Emil and Papamanthou, Charalampos and Shi, Elaine},
  booktitle={Proc. ISOC Network and Distributed System Security Symposium (NDSS'14)},
  volume={71},
  pages={72--75},
  year={2014}
  }

@inproceedings{sun2018practical,
  title={Practical backward-secure searchable encryption from symmetric puncturable encryption},
  author={Sun, Shi-Feng and Yuan, Xingliang and Liu, Joseph K and Steinfeld, Ron and Sakzad, Amin and Vo, Viet and Nepal, Surya},
  booktitle={Proc. ACM SIGSAC Conference on Computer and Communications Security (CCS'18)},
  pages={763--780},
  year={2018},
  organization = {ACM}
}

@article{tong2023verifiable,
  title={Verifiable fuzzy multi-keyword search over encrypted data with adaptive security},
  author={Tong, Qiuyun and Miao, Yinbin and Weng, Jian and Liu, Ximeng and Choo, Kim-Kwang Raymond and Deng, Robert H},
  journal={IEEE Transactions on Knowledge and Data Engineering},
  volume={35},
  number={5},
  pages={5386--5399},
  year={2023},
  publisher={IEEE}
}

@inproceedings{wang2015circular,
  title={Circular range search on encrypted spatial data},
  author={Wang, Boyang and Li, Ming and Wang, Haitao and Li, Hui},
  booktitle={Proc. 2015 IEEE Conference on Communications and Network Security (CNS)},
  pages={182--190},
  year={2015},
  organization={IEEE}
}

@article{wang2021enabling,
  title={Enabling efficient spatial keyword queries on encrypted data with strong security guarantees},
  author={Wang, Xiangyu and Ma, Jianfeng and Li, Feng and Liu, Ximeng and Miao, Yinbin and Deng, Robert H},
  journal={IEEE Transactions on Information Forensics and Security},
  volume={16},
  pages={4909--4923},
  year={2021},
  publisher={IEEE}
}

@article{wang2022forward,
  title={Forward/backward and Content Private DSSE for Spatial Keyword Queries},
  author={Wang, Xiangyu and Ma, Jianfeng and Liu, Ximeng and Miao, Yinbin and Liu, Yang and Deng, Robert H},
  journal={IEEE Transactions on Dependable and Secure Computing},
  year={2022},
  publisher={IEEE}
}

@article{wang2022quickn,
  title={QuickN: Practical and Secure Nearest Neighbor Search on Encrypted Large-Scale Data},
  author={Wang, Boyang and Hou, Yantian and Li, Ming},
  journal={IEEE Transactions on Cloud Computing},
  volume={10},
  number={3},
  pages={2066--2078},
  year={2022},
  publisher={IEEE}
}

@inproceedings{wong2009secure,
  title={Secure kNN computation on encrypted databases},
  author={Wong, Wai Kit and Cheung, David Wai-lok and Kao, Ben and Mamoulis, Nikos},
  booktitle={Proc. ACM SIGMOD International Conference on Management of data (SIGMOD'09)},
  pages={139--152},
  year={2009}
}

@article{wu2022forward,
  title={A forward and backward private oblivious RAM for storage outsourcing on edge-cloud computing},
  author={Wu, Zhiqiang and Cai, Zhubin and Tang, Xiaoyong and Xu, Yuming and Deng, Tan},
  journal={Journal of Parallel and Distributed Computing},
  volume={166},
  pages={1--14},
  year={2022},
  publisher={Elsevier}
}

@inproceedings{wu2023obi,
  title={OBI: a multi-path oblivious RAM for forward-and-backward-secure searchable encryption.},
  author={Wu, Zhiqiang and Li, Rui},
  booktitle={NDSS},
  year={2023}
}

@article{xu2018enabling,
  title={Enabling efficient and geometric range query with access control over encrypted spatial data},
  author={Xu, Guowen and Li, Hongwei and Dai, Yuanshun and Yang, Kan and Lin, Xiaodong},
  journal={IEEE Transactions on Information Forensics and Security},
  volume={14},
  number={4},
  pages={870--885},
  year={2018},
  publisher={IEEE}
}

@inproceedings{yang2022lightweight,
  title={Lightweight Privacy-Preserving Spatial Keyword Query over Encrypted Cloud Data},
  author={Yang, Yutao and Miao, Yinbin and Choo, Kim-Kwang Raymond and Deng, Robert H},
  booktitle={Proc. IEEE Conference on Distributed Computing Systems (ICDCS'22)},
  pages={392--402},
  year={2022},
  organization={IEEE}
}

@inproceedings{zhang2016all,
  title={All your queries are belong to us: The power of file-injection attacks on searchable encryption},
  author={Zhang, Yupeng and Katz, Jonathan and Papamanthou, Charalampos},
  booktitle={Proc. {USENIX} Security Symposium ({USENIX} Security'16)},
  pages={707--720},
  year={2016},
  publisher = {{USENIX}}
}

@inproceedings{zhang2019towards,
  title={Towards efficient verifiable forward secure searchable symmetric encryption},
  author={Zhang, Zhongjun and Wang, Jianfeng and Wang, Yunling and Su, Yaping and Chen, Xiaofeng},
  booktitle={Proc. European Symposium on Research in Computer Security (ESORICS'19)},
  pages={304--321},
  year={2019},
  organization={Springer}
}

@article{zhang2022efficient,
  title={Efficient and Privacy-Preserving Spatial Keyword Similarity Query Over Encrypted Data},
  author={Zhang, Songnian and Ray, Suprio and Lu, Rongxing and Guan, Yunguo and Zheng, Yandong and Shao, Jun},
  journal={IEEE Transactions on Dependable and Secure Computing},
  year={2022},
  publisher={IEEE}
}

@article{zhu2021privacy,
  title={A privacy-preserving framework for outsourcing location-based services to the cloud},
  author={Zhu, Xiaojie and Ayday, Erman and Vitenberg, Roman},
  journal={IEEE Transactions on Dependable and Secure Computing},
  volume={18},
  number={1},
  pages={384--399},
  year={2021},
  publisher={IEEE}
}

@article{zuo2020forward,
  title={Forward and Backward Private DSSE for Range Queries},
  author={Zuo, Cong and Sun, Shifeng and Liu, Joseph K and Shao, Jun and Pieprzyk, Josef and Xu, Lei},
  journal={IEEE Transactions on Dependable and Secure Computing},
  year={2020},
  publisher={IEEE}
}

