@article{liang2023privacy,
  title={Privacy-preserving bloom filter-based keyword search over large encrypted cloud data},
  author={Liang, Yanrong and Ma, Jianfeng and Miao, Yinbin and Kuang, Da and Meng, Xiangdong and Deng, Robert H},
  journal={IEEE Transactions on Computers},
  volume={72},
  number={11},
  pages={3086--3098},
  year={2023},
  publisher={IEEE}
}
@article{hilbert1935stetige,
  title={{\"U}ber die stetige Abbildung einer Linie auf ein Fl{\"a}chenst{\"u}ck},
  author={Hilbert, David and Hilbert, David},
  journal={Dritter Band: Analysis{\textperiodcentered} Grundlagen der Mathematik{\textperiodcentered} Physik Verschiedenes: Nebst Einer Lebensgeschichte},
  pages={1--2},
  year={1935},
  publisher={Springer}
}
@article{dou2024dynamic,
  title={Dynamic Searchable Symmetric Encryption With Strong Security and Robustness},
  author={Dou, Haochen and Dan, Zhenwu and Xu, Peng and Wang, Wei and Xu, Shuning and Chen, Tianyang and Jin, Hai},
  journal={IEEE Transactions on Information Forensics and Security},
  year={2024},
  publisher={IEEE}
}
@article{fan1998summary,
  title={Summary cache: A scalable wide-area web cache sharing protocol},
  author={Fan, Li and Cao, Pei and Almeida, Jussara and Broder, Andrei Z},
  journal={ACM SIGCOMM Computer Communication Review},
  volume={28},
  number={4},
  pages={254--265},
  year={1998},
  publisher={ACM New York, NY, USA}
}
@article{mullin1983second,
  title={A second look at Bloom filters},
  author={Mullin, James K},
  journal={Communications of the ACM},
  volume={26},
  number={8},
  pages={570--571},
  year={1983},
  publisher={ACM New York, NY, USA}
}
@inproceedings{pandey2021vector,
  title={Vector quotient filters: Overcoming the time/space trade-off in filter design},
  author={Pandey, Prashant and Conway, Alex and Durie, Joe and Bender, Michael A and Farach-Colton, Martin and Johnson, Rob},
  booktitle={Proc. ACM SIGMOD International Conference on Management of data (SIGMOD'21)},
  pages={1386--1399},
  year={2021}
}
@inproceedings{liang2019urbanfm,
  title={Urbanfm: Inferring fine-grained urban flows},
  author={Liang, Yuxuan and Ouyang, Kun and Jing, Lin and Ruan, Sijie and Liu, Ye and Zhang, Junbo and Rosenblum, David S and Zheng, Yu},
  booktitle={Proc. ACM SIGKDD international conference on knowledge discovery \& data mining (KDD'19)},
  pages={3132--3142},
  year={2019}
}
@article{almeida2007scalable,
  title={Scalable bloom filters},
  author={Almeida, Paulo S{\'e}rgio and Baquero, Carlos and Pregui{\c{c}}a, Nuno and Hutchison, David},
  journal={Information Processing Letters},
  volume={101},
  number={6},
  pages={255--261},
  year={2007},
  publisher={Elsevier}
}
@article{cao2015scalable,
  title={A scalable framework for spatiotemporal analysis of location-based social media data},
  author={Cao, Guofeng and Wang, Shaowen and Hwang, Myunghwa and Padmanabhan, Anand and Zhang, Zhenhua and Soltani, Kiumars},
  journal={Computers, Environment and Urban Systems},
  volume={51},
  pages={70--82},
  year={2015},
  publisher={Elsevier}
}
@inproceedings{wang2014maple,
  title={Maple: Scalable multi-dimensional range search over encrypted cloud data with tree-based index},
  author={Wang, Boyang and Hou, Yantian and Li, Ming and Wang, Haitao and Li, Hui},
  booktitle={Proc. ACM symposium on Information, computer and communications security (ASIACCS'14)},
  pages={111--122},
  year={2014}
}
@inproceedings{zheng2020practical,
  title={Practical and secure circular range search on private spatial data},
  author={Zheng, Zhihao and Cao, Zhenfu and Shen, Jiachen},
  booktitle={Proc. IEEE International Conference on Trust, Security and Privacy in Computing and Communications (TrustCom'20)},
  pages={639--645},
  year={2020},
  organization={IEEE}
}
@article{li2019efficient,
  title={Efficient and secure multi-dimensional geometric range query over encrypted data in cloud},
  author={Li, Xingxin and Zhu, Youwen and Wang, Jian and Zhang, Ji},
  journal={Journal of Parallel and Distributed Computing},
  volume={131},
  pages={44--54},
  year={2019},
  publisher={Elsevier}
}

@article{etemad2017efficient,
  title={Efficient dynamic searchable encryption with forward privacy},
  author={Etemad, Mohammad and K{\"u}p{\c{c}}{\"u}, Alptekin and Papamanthou, Charalampos and Evans, David},
  journal={arXiv preprint arXiv:1710.00208},
  year={2017}
}
@inproceedings{boneh2011functional,
  title={Functional encryption: Definitions and challenges},
  author={Boneh, Dan and Sahai, Amit and Waters, Brent},
  booktitle={Proc.Theory of Cryptography Conference (TCC'11)},
  pages={253--273},
  year={2011},
  organization={Springer}
}@inproceedings{wu2023obi,
  title={OBI: a multi-path oblivious RAM for forward-and-backward-secure searchable encryption.},
  author={Wu, Zhiqiang and Li, Rui},
  booktitle={NDSS},
  year={2023}
}
@article{wu2022forward,
  title={A forward and backward private oblivious RAM for storage outsourcing on edge-cloud computing},
  author={Wu, Zhiqiang and Cai, Zhubin and Tang, Xiaoyong and Xu, Yuming and Deng, Tan},
  journal={Journal of Parallel and Distributed Computing},
  volume={166},
  pages={1--14},
  year={2022},
  publisher={Elsevier}
}
@inproceedings{zhang2019towards,
  title={Towards efficient verifiable forward secure searchable symmetric encryption},
  author={Zhang, Zhongjun and Wang, Jianfeng and Wang, Yunling and Su, Yaping and Chen, Xiaofeng},
  booktitle={Proc. European Symposium on Research in Computer Security (ESORICS'19)},
  pages={304--321},
  year={2019},
  organization={Springer}
}
@article{guo2022search,
  title={Search geometric ranges efficiently as keywords over encrypted spatial data},
  author={Guo, Ruoyang and Qin, Bo and Wu, Yuncheng and Chen, Hong and Li, Cuiping},
  journal={High-Confidence Computing},
  volume={2},
  number={2},
  pages={100058},
  year={2022},
  publisher={Elsevier}
}@article{voigt2017eu,
  title={The eu general data protection regulation (gdpr)},
  author={Voigt, Paul and Von dem Bussche, Axel},
  journal={A Practical Guide, 1st Ed., Cham: Springer International Publishing},
  volume={10},
  number={3152676},
  pages={10--5555},
  year={2017},
  publisher={Springer}
}
@article{yan2020volunteered,
  title={Volunteered geographic information research in the first decade: a narrative review of selected journal articles in GIScience},
  author={Yan, Yingwei and Feng, Chen-Chieh and Huang, Wei and Fan, Hongchao and Wang, Yi-Chen and Zipf, Alexander},
  journal={International Journal of Geographical Information Science},
  volume={34},
  number={9},
  pages={1765--1791},
  year={2020},
  publisher={Taylor \& Francis}
}
@article{wang2023efficient,
  title={Efficient Location-Based Skyline Queries With Secure R-Tree Over Encrypted Data},
  author={Wang, Zuan and Ding, Xiaofeng and Lu, Junfeng and Zhang, Liang and Zhou, Pan and Choo, Kim-Kwang Raymond and Jin, Hai},
  journal={IEEE Transactions on Knowledge and Data Engineering},
  year={2023},
  publisher={IEEE}
}
@article{xie2021privacy,
  title={Privacy-preserving location-based data queries in fog-enhanced sensor networks},
  author={Xie, Hongcheng and Guo, Yu and Jia, Xiaohua},
  journal={IEEE Internet of Things Journal},
  volume={9},
  number={14},
  pages={12285--12299},
  year={2021},
  publisher={IEEE}
}
@article{luo2022efficient,
  title={Efficient time-interval augmented spatial keyword queries on road networks},
  author={Luo, Changyin and Wang, Pengfei and Li, Yanhong and Zheng, Bolong and Li, Guohui},
  journal={Information Sciences},
  volume={593},
  pages={505--526},
  year={2022},
  publisher={Elsevier}
}
@inproceedings{huang2021netr,
  title={NETR-Tree: An Efficient Framework for Social-Based Time-Aware Spatial Keyword Query},
  author={Huang, Xiuqi and Gao, Yuanning and Gao, Xiaofeng and Chen, Guihai},
  booktitle={Proc.  IEEE Conference on Web Services (ICWS'21)},
  pages={198--207},
  year={2021},
  organization={IEEE}
}
@inproceedings{chen2018time,
  title={Time-aware boolean spatial keyword queries},
  author={Chen, Gang and Zhao, Jingwen and Gao, Yunjun and Chen, Lei and Chen, Rui},
  booktitle={Proc.  IEEE Conference on Data Engineering (ICDE'18)}, 
  title={Time-Aware Boolean Spatial Keyword Queries (Extended Abstract)}, 
  year={2018},
  volume={},
  number={},
  pages={1781-1782},
  publisher={IEEE}
}
@article{huang2021privacy,
  title={Privacy-preserving spatio-temporal keyword search for outsourced location-based services},
  author={Huang, Qinlong and Du, Jiabao and Yan, Guanyu and Yang, Yixian and Wei, Qinglin},
  journal={IEEE Transactions on Services Computing},
  volume={15},
  number={6},
  pages={3443--3456},
  year={2021},
  publisher={IEEE}
}
@inproceedings{li2019insecurity,
  author={Li, Rui and Liu, Alex X. and Liu, Ying and Xu, Huanle and Yuan, Huaqiang},
  booktitle={Proc.  IEEE Conference on Data Engineering (ICDE'19)}, 
  title={Insecurity and Hardness of Nearest Neighbor Queries Over Encrypted Data}, 
  year={2019},
  volume={},
  number={},
  pages={1614-1617},
  doi={10.1109/ICDE.2019.00155}}
@inproceedings{yang2022lightweight,
  title={Lightweight Privacy-Preserving Spatial Keyword Query over Encrypted Cloud Data},
  author={Yang, Yutao and Miao, Yinbin and Choo, Kim-Kwang Raymond and Deng, Robert H},
  booktitle={Proc. IEEE Conference on Distributed Computing Systems (ICDCS'22)},
  pages={392--402},
  year={2022},
  organization={IEEE}
}
@inproceedings{wang2020search,
  title={Search me in the dark: Privacy-preserving boolean range query over encrypted spatial data},
  author={Wang, Xiangyu and Ma, Jianfeng and Liu, Ximeng and Deng, Robert H and Miao, Yinbin and Zhu, Dan and Ma, Zhuoran},
  booktitle={Proc. IEEE Conference on Computer Communications (INFOCOM'20)},
  pages={2253--2262},
  year={2020},
  organization={IEEE}
}

@article{wang2022forward,
  title={Forward/backward and Content Private DSSE for Spatial Keyword Queries},
  author={Wang, Xiangyu and Ma, Jianfeng and Liu, Ximeng and Miao, Yinbin and Liu, Yang and Deng, Robert H},
  journal={IEEE Transactions on Dependable and Secure Computing},
  year={2022},
  publisher={IEEE}
}
@article{li2021secure,
  title={Secure semantic-aware search over dynamic spatial data in VANETs},
  author={Li, Jiayi and Ma, Jianfeng and Miao, Yinbin and Yang, Fan and Liu, Ximeng and Choo, Kim-Kwang Raymond},
  journal={IEEE Transactions on Vehicular Technology},
  volume={70},
  number={9},
  pages={8912--8925},
  year={2021},
  publisher={IEEE}
}
@article{kermanshahi2022geometric,
  title={Geometric range search on encrypted data with forward/backward security},
  author={Kermanshahi, Shabnam Kasra and Sun, Shi-Feng and Liu, Joseph K and Steinfeld, Ron and Nepal, Surya and Lau, Wang Fat and Au, Man Ho Allen},
  journal={IEEE Transactions on Dependable and Secure Computing},
  volume={19},
  number={1},
  pages={698--716},
  year={2022},
  publisher={IEEE}
}

@article{wang2022quickn,
  title={QuickN: Practical and Secure Nearest Neighbor Search on Encrypted Large-Scale Data},
  author={Wang, Boyang and Hou, Yantian and Li, Ming},
  journal={IEEE Transactions on Cloud Computing},
  volume={10},
  number={3},
  pages={2066--2078},
  year={2022},
  publisher={IEEE}
}
@article{wang2021fast,
  title={Fast and secure location-based services in smart cities on outsourced data},
  author={Wang, Xiangyu and Ma, Jianfeng and Miao, Yinbin and Liu, Ximeng and Zhu, Dan and Deng, Robert H},
  journal={IEEE Internet of Things Journal},
  volume={8},
  number={24},
  pages={17639--17654},
  year={2021},
  publisher={IEEE}
}
@article{tong2022privacy,
  title={Privacy-Preserving Boolean Range Query with Temporal Access Control in Mobile Computing},
  author={Tong, Qiuyun and Li, Xinghua and Miao, Yinbin and Liu, Ximeng and Weng, Jian and Deng, Robert},
  journal={IEEE Transactions on Knowledge and Data Engineering},
  year={2022},
  publisher={IEEE}
}
@article{song2021privacy,
  title={Privacy-preserving keyword similarity search over encrypted spatial data in cloud computing},
  author={Song, Fuyuan and Qin, Zheng and Xue, Liang and Zhang, Jixin and Lin, Xiaodong and Shen, Xuemin},
  journal={IEEE Internet of Things Journal},
  volume={9},
  number={8},
  pages={6184--6198},
  year={2021},
  publisher={IEEE}
}
  @article{wei2019forward,
  title={Forward and backward secure fuzzy encryption for data sharing in cloud computing},
  author={Wei, Jianghong and Hu, Xuexian and Liu, Wenfen and Zhang, Qihui},
  journal={Soft Computing},
  volume={23},
  number={2},
  pages={497--506},
  year={2019},
  publisher={Springer}
}
@article{zhang2020dynamic,
  title={A Dynamic Searchable Symmetric Encryption Scheme for Multiuser with Forward and Backward Security},
  author={Zhang, Xi and Su, Ye and Qin, Jing},
  journal={Security and Communication Networks},
  volume={2020},
  year={2020},
  publisher={Hindawi}
}
@article{zuo2020forward,
  title={Forward and Backward Private DSSE for Range Queries},
  author={Zuo, Cong and Sun, Shifeng and Liu, Joseph K and Shao, Jun and Pieprzyk, Josef and Xu, Lei},
  journal={IEEE Transactions on Dependable and Secure Computing},
  year={2020},
  publisher={IEEE}
}
@article{patranabis2020forward,
  title={Forward and backward private conjunctive searchable symmetric encryption},
  author={Patranabis, Sikhar and Mukhopadhyay, Debdeep},
  journal={IACR Cryptol. ePrint Arch},
  volume={2020},
  pages={1342},
  year={2020}
}
@inproceedings{cash2015leakage,
  title={Leakage-abuse attacks against searchable encryption},
  author={Cash, David and Grubbs, Paul and Perry, Jason and Ristenpart, Thomas},
  booktitle={Proc. ACM SIGSAC conference on computer and communications security (CCS'15)},
  pages={668--679},
  year={2015},
  organization={ACM}
}
@inproceedings{zhang2016all,
  title={All your queries are belong to us: The power of file-injection attacks on searchable encryption},
  author={Zhang, Yupeng and Katz, Jonathan and Papamanthou, Charalampos},
  booktitle={Proc. {USENIX} Security Symposium ({USENIX} Security'16)},
  pages={707--720},
  year={2016},
  publisher = {{USENIX}}
}
@inproceedings{stefanov2014practical,
  title={Practical Dynamic Searchable Encryption with Small Leakage.},
  author={Stefanov, Emil and Papamanthou, Charalampos and Shi, Elaine},
  booktitle={Proc. ISOC Network and Distributed System Security Symposium (NDSS'14)},
  volume={71},
  pages={72--75},
  year={2014}
  }
@inproceedings{bost2016ovarphiovarsigma,
  title={$\sum$o$\varphi$o$\varsigma$: Forward secure searchable encryption},
  author={Bost, Raphael},
  booktitle={Proc. ACM SIGSAC Conference on Computer and Communications Security (CCS'16)},
  pages={1143--1154},
  year={2016},
  organization = {ACM}
}
@article{etemad2018efficient,
  title={Efficient Dynamic Searchable Encryption with Forward Privacy},
  author={Etemad, Mohammad and K{\"u}p{\c{c}}{\"u}, Alptekin and Papamanthou, Charalampos and Evans, David},
  journal={Proc. Privacy Enhancing Technologies},
  volume={1},
  pages={5--20},
  year={2018}
}
@inproceedings{kim2017forward,
  title={Forward secure dynamic searchable symmetric encryption with efficient updates},
  author={Kim, Kee Sung and Kim, Minkyu and Lee, Dongsoo and Park, Je Hong and Kim, Woo-Hwan},
  booktitle={Proc. ACM SIGSAC Conference on Computer and Communications Security (CCS'16)},
  pages={1449--1463},
  year={2017},
  organization = {ACM}
}
@article{song2018forward,
  title={Forward private searchable symmetric encryption with optimized I/O efficiency},
  author={Song, Xiangfu and Dong, Changyu and Yuan, Dandan and Xu, Qiuliang and Zhao, Minghao},
  journal={IEEE Transactions on Dependable and Secure Computing},
  year={2018},
  volume={},
  number={},
  pages={1-1},}
  publisher={IEEE}
  doi={10.1109/TDSC.2018.2822294},
  ISSN={1545-5971}
}
@inproceedings{kamara2012dynamic,
  title={Dynamic searchable symmetric encryption},
  author={Kamara, Seny and Papamanthou, Charalampos and Roeder, Tom},
  booktitle={Proc. ACM conference on Computer and communications security (CCS'12)},
  pages={965--976},
  year={2012},
  organization = {ACM}
}
@inproceedings{cash2014dynamic,
  title={Dynamic searchable encryption in very-large databases: data structures and implementation.},
  author={Cash, David and Jaeger, Joseph and Jarecki, Stanislaw and Jutla, Charanjit S and Krawczyk, Hugo and Rosu, Marcel-Catalin and Steiner, Michael},
  booktitle={Proc. ISOC Network and Distributed System Security Symposium (NDSS'14)},
  volume={14},
  pages={23--26},
  year={2014},
  organization={Citeseer}
}
@inproceedings{bost2017forward,
  title={Forward and backward private searchable encryption from constrained cryptographic primitives},
  author={Bost, Rapha{\"e}l and Minaud, Brice and Ohrimenko, Olga},
  booktitle={Proc. ACM SIGSAC Conference on Computer and Communications Security (CCS'17)},
  pages={1465--1482},
  year={2017},
  organization = {ACM}
}
@inproceedings{sun2018practical,
  title={Practical backward-secure searchable encryption from symmetric puncturable encryption},
  author={Sun, Shi-Feng and Yuan, Xingliang and Liu, Joseph K and Steinfeld, Ron and Sakzad, Amin and Vo, Viet and Nepal, Surya},
  booktitle={Proc. ACM SIGSAC Conference on Computer and Communications Security (CCS'18)},
  pages={763--780},
  year={2018},
  organization = {ACM}
}
@inproceedings{zuo2018dynamic,
  title={Dynamic searchable symmetric encryption schemes supporting range queries with forward (and backward) security},
  author={Zuo, Cong and Sun, Shi-Feng and Liu, Joseph K and Shao, Jun and Pieprzyk, Josef},
  booktitle={Proc. European Symposium on Research in Computer Security (ESORICS'18)},
  pages={228--246},
  year={2018},
  organization={Springer}
}
@inproceedings{song2000practical,
  title={Practical techniques for searches on encrypted data},
  author={Song, Dawn Xiaoding and Wagner, David and Perrig, Adrian},
  booktitle={Proc. IEEE Symposium on Security and Privacy. (S\&P'2000)},
  pages={44--55},
  year={2000},
  organization={IEEE}
}
@inproceedings{curtmola2006searchable,
  title={Searchable symmetric encryption: improved definitions and efficient constructions},
  author={Curtmola, Reza and Garay, Juan and Kamara, Seny and Ostrovsky, Rafail},
  booktitle={Proc. ACM conference on Computer and communications security (CCS'06)},
  pages={79--88},
  year={2006}
}

@inproceedings{kamara2013parallel,
  title={Parallel and dynamic searchable symmetric encryption},
  author={Kamara, Seny and Papamanthou, Charalampos},
  booktitle={Proc. International Conference on Financial Cryptography and Data Security (FC'13)},
  pages={258--274},
  year={2013},
  organization={Springer}
}
@article{bost2017thwarting,
  title={Thwarting Leakage Abuse Attacks against Searchable Encryption-A Formal Approach and Applications to Database Padding.},
  author={Bost, Raphael and Fouque, Pierre-Alain},
  journal={IACR Cryptol. ePrint Arch.},
  volume={2017},
  pages={1060},
  year={2017}
}
@inproceedings{canetti2017chosen,
  title={Chosen-ciphertext secure fully homomorphic encryption},
  author={Canetti, Ran and Raghuraman, Srinivasan and Richelson, Silas and Vaikuntanathan, Vinod},
  booktitle={Proc. IACR International Workshop on Public Key Cryptography (PKC'17)},
  pages={213--240},
  year={2017},
  organization={Springer}
}
@inproceedings{gunther20170,
  title={0-RTT key exchange with full forward secrecy},
  author={G{\"u}nther, Felix and Hale, Britta and Jager, Tibor and Lauer, Sebastian},
  booktitle={Proc. Annual International Conference on the Theory and Applications of Cryptographic Techniques (Eurocrypt'17)},
  pages={519--548},
  year={2017},
  organization={Springer}
}
@inproceedings{derler2018bloom,
  title={Bloom filter encryption and applications to efficient forward-secret 0-RTT key exchange},
  author={Derler, David and Jager, Tibor and Slamanig, Daniel and Striecks, Christoph},
  booktitle={Proc. Annual International Conference on the Theory and Applications of Cryptographic Techniques (Eurocrypt'18)},
  pages={425--455},
  year={2018},
  organization={Springer}
}
@inproceedings{huang2020dynamic,
  title={Dynamic searchable symmetric encryption schemes with forward and backward security},
  author={Huang, Ke and Dong, Xiaolei and Cao, Zhenfu and Shen, Jiachen},
  journal={IOP Conference Series: Materials Science and Engineering},
  volume={715},
  number={1},
  pages={012062},
  year={2020},
  publisher = {{IOP} Publishing}
}
@inproceedings{green2015forward,
  title={Forward secure asynchronous messaging from puncturable encryption},
  author={Green, Matthew D and Miers, Ian},
  booktitle={Proc. IEEE Symposium on Security and Privacy (S\&P'15)},
  pages={305--320},
  year={2015},
  organization={IEEE}
}
@article{pirretti2010secure,
  title={Secure attribute-based systems},
  author={Pirretti, Matthew and Traynor, Patrick and McDaniel, Patrick and Waters, Brent},
  journal={Journal of Computer Security},
  volume={18},
  number={5},
  pages={799--837},
  year={2010},
  publisher={IOS press}
}
@inproceedings{goyal2006attribute,
  title={Attribute-based encryption for fine-grained access control of encrypted data},
  author={Goyal, Vipul and Pandey, Omkant and Sahai, Amit and Waters, Brent},
  booktitle={Proc. ACM conference on Computer and communications security (CCS'06)},
  pages={89--98},
  year={2006},
  organization={ACM}
}
@inproceedings{ibraimi2009mediated,
  title={Mediated ciphertext-policy attribute-based encryption and its application},
  author={Ibraimi, Luan and Petkovic, Milan and Nikova, Svetla and Hartel, Pieter and Jonker, Willem},
  booktitle={Proc. International Workshop on Information Security Applications (WISA'13)},
  pages={309--323},
  year={2009},
  organization={Springer}
}
@inproceedings{yu2010attribute,
  title={Attribute based data sharing with attribute revocation},
  author={Yu, Shucheng and Wang, Cong and Ren, Kui and Lou, Wenjing},
  booktitle={Proc. ACM symposium on information, computer and communications security (ASIACCS'10)},
  pages={261--270},
  year={2010},
  organization={ACM}
}
@article{hur2010attribute,
  title={Attribute-based access control with efficient revocation in data outsourcing systems},
  author={Hur, Junbeom and Noh, Dong Kun},
  journal={IEEE Transactions on Parallel and Distributed Systems},
  volume={22},
  number={7},
  pages={1214--1221},
  year={2010},
  publisher={IEEE}
}
@book{yang2014security,
  title={Security for cloud storage systems},
  author={Yang, Kan and Jia, Xiaohua and others},
  year={2014},
  publisher={Springer}
}
@inproceedings{attrapadung2009attribute,
  title={Attribute-based encryption supporting direct/indirect revocation modes},
  author={Attrapadung, Nuttapong and Imai, Hideki},
  booktitle={Proc. IMA international conference on cryptography and coding (IMACC'09)},
  pages={278--300},
  year={2009},
  organization={Springer}
}
@inproceedings{boldyreva2008identity,
  title={Identity-based encryption with efficient revocation},
  author={Boldyreva, Alexandra and Goyal, Vipul and Kumar, Virendra},
  booktitle={Proc. ACM conference on Computer and communications security (CCS'08)},
  pages={417--426},
  year={2008},
  organization={ACM}
}
@inproceedings{sahai2005fuzzy,
  title={Fuzzy identity-based encryption},
  author={Sahai, Amit and Waters, Brent},
  booktitle={Proc. Annual International Conference on the Theory and Applications of Cryptographic Techniques (Eurocrypt'05)},
  pages={457--473},
  year={2005},
  organization={Springer}
}
@article{datta2015fully,
  title={Fully Secure Unbounded Revocable Attribute-Based Encryption in Prime Order Bilinear Groups via Subset Difference Method.},
  author={Datta, Pratish and Dutta, Ratna and Mukhopadhyay, Sourav},
  journal={IACR Cryptol. ePrint Arch.},
  volume={2015},
  pages={293},
  year={2015}
}
@article{shi2015directly,
  title={Directly revocable key-policy attribute-based encryption with verifiable ciphertext delegation},
  author={Shi, Yanfeng and Zheng, Qingji and Liu, Jiqiang and Han, Zhen},
  journal={Information Sciences},
  volume={295},
  pages={221--231},
  year={2015},
  publisher={Elsevier}
}
@inproceedings{yang2013attribute,
  title={Attribute-based fine-grained access control with efficient revocation in cloud storage systems},
  author={Yang, Kan and Jia, Xiaohua and Ren, Kui},
  booktitle={Proc. ACM SIGSAC symposium on Information, computer and communications security (CCS'13)},
  pages={523--528},
  year={2013},
  organization={ACM}
}
@inproceedings{sun2014protecting,
  title={Protecting your right: Attribute-based keyword search with fine-grained owner-enforced search authorization in the cloud},
  author={Sun, Wenhai and Yu, Shucheng and Lou, Wenjing and Hou, Y Thomas and Li, Hui},
  booktitle={Proc. IEEE Conference on Computer Communications (INFOCOM'14)},
  pages={226--234},
  year={2014},
  organization={IEEE}
}
@inproceedings{shi2014authorized,
  title={Authorized keyword search on encrypted data},
  author={Shi, Jie and Lai, Junzuo and Li, Yingjiu and Deng, Robert H and Weng, Jian},
  booktitle={Proc. European Symposium on Research in Computer Security (ESORICS'14)},
  pages={419--435},
  year={2014},
  organization={Springer}
}
@article{sun2014protecting,
  title={Protecting your right: Verifiable attribute-based keyword search with fine-grained owner-enforced search authorization in the cloud},
  author={Sun, Wenhai and Yu, Shucheng and Lou, Wenjing and Hou, Y Thomas and Li, Hui},
  journal={IEEE Transactions on Parallel and Distributed Systems},
  volume={27},
  number={4},
  pages={1187--1198},
  year={2014},
  publisher={IEEE}
}
@inproceedings{hu2017dabks,
  title={DABKS: Dynamic attribute-based keyword search in cloud computing},
  author={Hu, Baishuang and Liu, Qin and Liu, Xuhui and Peng, Tao and Wang, Guojun and Wu, Jie},
  booktitle={Proc. IEEE International Conference on Communications (ICC'17)},
  pages={1--6},
  year={2017},
  organization={IEEE}
}
@inproceedings{li2011authorized,
  title={Authorized private keyword search over encrypted data in cloud computing},
  author={Li, Ming and Yu, Shucheng and Cao, Ning and Lou, Wenjing},
  booktitle={Proc. International Conference on Distributed Computing Systems (ICDCS'11)},
  pages={383--392},
  year={2011},
  organization={IEEE}
}
@article{liu2012white,
  title={White-box traceable ciphertext-policy attribute-based encryption supporting any monotone access structures},
  author={Liu, Zhen and Cao, Zhenfu and Wong, Duncan S},
  journal={IEEE Transactions on Information Forensics and Security},
  volume={8},
  number={1},
  pages={76--88},
  year={2012},
  publisher={IEEE}
}
@article{ning2015white,
  title={White-box traceable ciphertext-policy attribute-based encryption supporting flexible attributes},
  author={Ning, Jianting and Dong, Xiaolei and Cao, Zhenfu and Wei, Lifei and Lin, Xiaodong},
  journal={IEEE Transactions on Information Forensics and Security},
  volume={10},
  number={6},
  pages={1274--1288},
  year={2015},
  publisher={IEEE}
}
@article{yang2016time,
  title={Time-domain attribute-based access control for cloud-based video content sharing: A cryptographic approach},
  author={Yang, Kan and Liu, Zhen and Jia, Xiaohua and Shen, Xuemin Sherman},
  journal={IEEE Transactions on Multimedia},
  volume={18},
  number={5},
  pages={940--950},
  year={2016},
  publisher={IEEE}
}
@article{han2012privacy,
  title={Privacy-preserving decentralized key-policy attribute-based encryption},
  author={Han, Jinguang and Susilo, Willy and Mu, Yi and Yan, Jun},
  journal={IEEE transactions on parallel and distributed systems},
  volume={23},
  number={11},
  pages={2150--2162},
  year={2012},
  publisher={IEEE}
}
@article{han2014improving,
  title={Improving privacy and security in decentralized ciphertext-policy attribute-based encryption},
  author={Han, Jinguang and Susilo, Willy and Mu, Yi and Zhou, Jianying and Au, Man Ho Allen},
  journal={IEEE transactions on information forensics and security},
  volume={10},
  number={3},
  pages={665--678},
  year={2014},
  publisher={IEEE}
}
@article{luo2016hierarchical,
  title={Hierarchical multi-authority and attribute-based encryption friend discovery scheme in mobile social networks},
  author={Luo, Entao and Liu, Qin and Wang, Guojun},
  journal={IEEE Communications Letters},
  volume={20},
  number={9},
  pages={1772--1775},
  year={2016},
  publisher={IEEE}
}
@inproceedings{sahai2012dynamic,
  title={Dynamic credentials and ciphertext delegation for attribute-based encryption},
  author={Sahai, Amit and Seyalioglu, Hakan and Waters, Brent},
  booktitle={Proc. Annual Cryptology Conference (CRYPTO'12)},
  pages={199--217},
  year={2012},
  organization={Springer}
}
@article{xie2013efficient,
  title={An Efficient Ciphertext-Policy Attribute-Based Access Control towards Revocation in Cloud Computing.},
  author={Xie, Xingxing and Ma, Hua and Li, Jin and Chen, Xiaofeng},
  journal={J. UCS},
  volume={19},
  number={16},
  pages={2349--2367},
  year={2013}
}
@article{qian2015privacy,
  title={Privacy-preserving personal health record using multi-authority attribute-based encryption with revocation},
  author={Qian, Huiling and Li, Jiguo and Zhang, Yichen and Han, Jinguang},
  journal={International Journal of Information Security},
  volume={14},
  number={6},
  pages={487--497},
  year={2015},
  publisher={Springer}
}
@article{naruse2015provably,
  title={Provably secure attribute-based encryption with attribute revocation and grant function using proxy re-encryption and attribute key for updating},
  author={Naruse, Takeru and Mohri, Masami and Shiraishi, Yoshiaki},
  journal={Human-centric Computing and Information Sciences},
  volume={5},
  number={1},
  pages={8},
  year={2015},
  publisher={Springer}
}
@inproceedings{datta2015general,
  title={General circuit realizing compact revocable attribute-based encryption from multilinear maps},
  author={Datta, Pratish and Dutta, Ratna and Mukhopadhyay, Sourav},
  booktitle={Proc. International Conference on Information Security (ISC'15)},
  pages={336--354},
  year={2015},
  organization={Springer}
}
@inproceedings{datta2016adaptively,
  title={Adaptively secure unrestricted attribute-based encryption with subset difference revocation in bilinear groups of prime order},
  author={Datta, Pratish and Dutta, Ratna and Mukhopadhyay, Sourav},
  booktitle={Proc. International Conference on Cryptology in Africa (AFRICACRYPT'16)},
  pages={325--345},
  year={2016},
  organization={Springer}
}
@inproceedings{liu2015practical,
  title={Practical ciphertext-policy attribute-based encryption: traitor tracing, revocation, and large universe},
  author={Liu, Zhen and Wong, Duncan S},
  booktitle={Proc. International Conference on Applied Cryptography and Network Security (ACNS'15)},
  pages={127--146},
  year={2015},
  organization={Springer}
}
@inproceedings{zhang2014new,
  title={New model and construction of ABE: achieving key resilient-leakage and attribute direct-revocation},
  author={Zhang, Mingwu},
  booktitle={Proc. Australasian Conference on Information Security and Privacy (ACISP'14)},
  pages={192--208},
  year={2014},
  organization={Springer}
}
@inproceedings{cui2016server,
  title={Server-aided revocable attribute-based encryption},
  author={Cui, Hui and Deng, Robert H and Li, Yingjiu and Qin, Baodong},
  booktitle={Proc. European Symposium on Research in Computer Security (ESORICS'16)},
  pages={570--587},
  year={2016},
  organization={Springer}
}
@inproceedings{shi2014access,
  title={An access control scheme with direct cloud-aided attribute revocation using version key},
  author={Shi, Jiaoli and Huang, Chuanhe and Wang, Jing and He, Kai and Wang, Jinhai},
  booktitle={Proc. International Conference on Algorithms and Architectures for Parallel Processing (ICA3PP'14)},
  pages={429--442},
  year={2014},
  organization={Springer}
}
@inproceedings{yang2015extended,
  title={Extended proxy-assisted approach: achieving revocable fine-grained encryption of cloud data},
  author={Yang, Yanjiang and Liu, Joseph K and Liang, Kaitai and Choo, Kim-Kwang Raymond and Zhou, Jianying},
  booktitle={Proc. European Symposium on Research in Computer Security (ESORICS'15)},
  pages={146--166},
  year={2015},
  organization={Springer}
}
@inproceedings{yang2017towards,
  title={Towards revocable fine-grained encryption of cloud data: reducing trust upon cloud},
  author={Yang, Yanjiang and Liu, Joseph and Wei, Zhuo and Huang, Xinyi},
  booktitle={Proc. Australasian Conference on Information Security and Privacy (ACISP'17)},
  pages={127--144},
  year={2017},
  organization={Springer}
}
@inproceedings{6969059,
  author={Lyes, Touati and Yacine, Challal and  Abdelmadjid, Bouabdallah},
  title={C-CP-ABE: Cooperative Ciphertext Policy Attribute-Based Encryption for the Internet of Things}, 
  booktitle={Proc. International Conference on Advanced Networking Distributed Systems and Applications(INDS'14)}, 
  year={2014},
  pages={64-69},
  organization={IEEE}
}
@inproceedings{7568538,
  author={Nouha, Oualha and Kim Thuat, Nguyen},
  title={Lightweight Attribute-Based Encryption for the Internet of Things}, 
booktitle={Proc. International Conference on Computer Communication and Networks (ICCCN'16)}, 
  year={2016},
  pages={1-6},
organization={IEEE}
}
@inproceedings{8730784,
  author={Marten, Fischer and Alfred, Scheerhorn and Ralf, T?njes},     
title={Using Attribute-Based Encryption on IoT Devices with instant Key Revocation},
booktitle={Proc. International Conference on Pervasive Computing and Communications Workshops (PerCom Workshops'19)},   
year={2019},  
pages={126-131},
organization={IEEE}
}
@inproceedings{ghareh2018new,
  author={Ghareh Chamani, Javad and Papadopoulos, Dimitrios and Papamanthou, Charalampos and Jalili, Rasool},
title={New constructions for forward and backward private symmetric searchable encryption},
  booktitle={Proc. ACM SIGSAC Conference on Computer and Communications Security (CCS'18)},
  pages={1038--1055},
  year={2018}
}
@inproceedings{elmehdwi2014secure,
  title={Secure k-nearest neighbor query over encrypted data in outsourced environments},
  author={Elmehdwi, Yousef and Samanthula, Bharath K and Jiang, Wei},
  booktitle={Proc. 2014 IEEE 30th International Conference on Data Engineering},
  pages={664--675},
  year={2014},
  organization={IEEE}
}
@inproceedings{wang2015circular,
  title={Circular range search on encrypted spatial data},
  author={Wang, Boyang and Li, Ming and Wang, Haitao and Li, Hui},
  booktitle={Proc. 2015 IEEE Conference on Communications and Network Security (CNS)},
  pages={182--190},
  year={2015},
  organization={IEEE}
}
@article{wang2015geometric,
  title={Geometric range search on encrypted spatial data},
  author={Wang, Boyang and Li, Ming and Wang, Haitao},
  journal={IEEE Transactions on Information Forensics and Security},
  volume={11},
  number={4},
  pages={704--719},
  year={2015},
  publisher={IEEE}
}
@article{wang2017fastgeo,
  title={FastGeo: Efficient geometric range queries on encrypted spatial data},
  author={Wang, Boyang and Li, Ming and Xiong, Li},
  journal={IEEE transactions on dependable and secure computing},
  volume={16},
  number={2},
  pages={245--258},
  year={2017},
  publisher={IEEE}
}
@article{kermanshahi2020geometric,
  title={Geometric range search on encrypted data with forward/backward security},
  author={Kermanshahi, Shabnam Kasra and Sun, Shi-Feng and Liu, Joseph K and Steinfeld, Ron and Nepal, Surya and Lau, Wang Fat and Au, Man Ho Allen},
  journal={IEEE Transactions on Dependable and Secure Computing},
  volume={19},
  number={1},
  pages={698--716},
  year={2020},
  publisher={IEEE}
}
@inproceedings{guo2019mixgeo,
  title={Mixgeo: Efficient secure range queries on encrypted dense spatial data in the cloud},
  author={Guo, Ruoyang and Qin, Bo and Wu, Yuncheng and Liu, Ruixuan and Chen, Hong and Li, Cuiping},
  booktitle={Proc. of the International Symposium on Quality of Service},
  pages={1--10},
  year={2019}
}
@inproceedings{cui2019geo,
  title={When geo-text meets security: privacy-preserving boolean spatial keyword queries},
  author={Cui, Ningning and Li, Jianxin and Yang, Xiaochun and Wang, Bin and Reynolds, Mark and Xiang, Yong},
  booktitle={Proc.  IEEE Conference on Data Engineering (ICDE'19)},
  pages={1046--1057},
  year={2019},
  organization={IEEE}
}
@article{su2015privacy,
  title={Privacy-preserving top-k spatial keyword queries in untrusted cloud environments},
  author={Su, Sen and Teng, Yiping and Cheng, Xiang and Xiao, Ke and Li, Guoliang and Chen, JunLiang},
  journal={IEEE Transactions on Services Computing},
  volume={11},
  number={5},
  pages={796--809},
  year={2015},
  publisher={IEEE}
}
@inproceedings{li2019spatial,
  title={A spatial text query scheme based on semantic-aware},
  author={Li, Hongbo and Zhu, Hong and Cui, Zongmin},
  booktitle={Proc. Conference on High Performance Compilation, Computing and Communications(HPCC'19)},
  pages={55--58},
  year={2019}
}
@article{zheng2021achieving,
  title={Achieving efficient and privacy-preserving set containment search over encrypted data},
  author={Zheng, Yandong and Lu, Rongxing and Guan, Yunguo and Shao, Jun and Zhu, Hui},
  journal={IEEE Transactions on Services Computing},
  volume={15},
  number={5},
  pages={2604--2618},
  year={2021},
  publisher={IEEE}
}
@article{meng2021verifiable,
  title={Verifiable Spatial Range Query Over Encrypted Cloud Data in VANET},
  author={Meng, Qian and Weng, Jian and Miao, Yinbin and Chen, Kefei and Shen, Zhonghua and Wang, Fuqun and Li, Zhijun},
  journal={IEEE Transactions on Vehicular Technology},
  volume={70},
  number={12},
  pages={12342--12357},
  year={2021},
  publisher={IEEE}
}
@inproceedings{wang2013secure,
  title={Secure and efficient range queries on outsourced databases using Rp-trees},
  author={Wang, Peng and Ravishankar, Chinya V},
  booktitle={Proc. IEEE International Conference on Data Engineering (ICDE'13)},
  pages={314--325},
  year={2013},
  organization={IEEE}
}
@article{zhu2016efficient,
  title={An efficient privacy-preserving location-based services query scheme in outsourced cloud},
  author={Zhu, Hui and Lu, Rongxing and Huang, Cheng and Chen, Le and Li, Hui},
  journal={IEEE Transactions on Vehicular Technology},
  volume={65},
  number={9},
  pages={7729--7739},
  year={2016},
  publisher={IEEE}
}
@article{xu2018enabling,
  title={Enabling efficient and geometric range query with access control over encrypted spatial data},
  author={Xu, Guowen and Li, Hongwei and Dai, Yuanshun and Yang, Kan and Lin, Xiaodong},
  journal={IEEE Transactions on Information Forensics and Security},
  volume={14},
  number={4},
  pages={870--885},
  year={2018},
  publisher={IEEE}
}@inproceedings{kerschbaum2014optimal,
  title={Optimal average-complexity ideal-security order-preserving encryption},
  author={Kerschbaum, Florian and Schr{\"o}pfer, Axel},
  booktitle={Proc. ACM SIGSAC Conference on Computer and Communications Security (CCS'14)},
  pages={275--286},
  year={2014}
}
@article{chen2014vision,
  title={A vision of IoT: Applications, challenges, and opportunities with china perspective},
  author={Chen, Shanzhi and Xu, Hui and Liu, Dake and Hu, Bo and Wang, Hucheng},
  journal={IEEE Internet of Things journal},
  volume={1},
  number={4},
  pages={349--359},
  year={2014},
  publisher={IEEE}
}
@article{zanella2014internet,
  title={Internet of things for smart cities},
  author={Zanella, Andrea and Bui, Nicola and Castellani, Angelo and Vangelista, Lorenzo and Zorzi, Michele},
  journal={IEEE Internet of Things journal},
  volume={1},
  number={1},
  pages={22--32},
  year={2014},
  publisher={Ieee}
}
@article{negi2019pystin,
  title={Pystin: Enabling Secure LBS in Smart Cities With Privacy-Preserving Top-$ k $ Spatial--Textual Query},
  author={Negi, Divya and Ray, Suprio and Lu, Rongxing},
  journal={IEEE Internet of Things Journal},
  volume={6},
  number={5},
  pages={7788--7799},
  year={2019},
  publisher={IEEE}
}
@inproceedings{boneh2013constrained,
  title={Constrained pseudorandom functions and their applications},
  author={Boneh, Dan and Waters, Brent},
  booktitle={Proc. International Conference on the Theory and Application of Cryptology and Information Security (ASIACRYPT'13)},
  pages={280--300},
  year={2013},
  organization={Springer}
}
@article{wang2021enabling,
  title={Enabling efficient spatial keyword queries on encrypted data with strong security guarantees},
  author={Wang, Xiangyu and Ma, Jianfeng and Li, Feng and Liu, Ximeng and Miao, Yinbin and Deng, Robert H},
  journal={IEEE Transactions on Information Forensics and Security},
  volume={16},
  pages={4909--4923},
  year={2021},
  publisher={IEEE}
}
@article{liu2010privacy,
  title={Privacy preserving collaborative enforcement of firewall policies in virtual private networks},
  author={Liu, Alex X and Chen, Fei},
  journal={IEEE Transactions on Parallel and Distributed Systems},
  volume={22},
  number={5},
  pages={887--895},
  year={2010},
  publisher={IEEE}
}
@article{Chambi2014BetterBP,
  title={Better bitmap performance with Roaring bitmaps},
  author={Samy Chambi and Daniel Lemire and Owen Kaser and Robert Godin},
  journal={Software: Practice and Experience},
  year={2014},
  volume={46},
  pages={709 - 719},
}
@article{chen2013spatial,
  title={Spatial keyword query processing: An experimental evaluation},
  author={Chen, Lisi and Cong, Gao and Jensen, Christian S and Wu, Dingming},
  journal={Proceedings of the VLDB Endowment},
  volume={6},
  number={3},
  pages={217--228},
  year={2013},
  publisher={VLDB Endowment}
}
@article{li2023enabling,
  title={Enabling Efficient Privacy-Preserving Spatio-Temporal Location-Based Services for Smart Cities},
  author={Li, Zhijun and Ma, Jianfeng and Miao, Yinbin and Wang, Xiangyu and Li, Jiayi and Xu, Chao},
  journal={IEEE Internet of Things Journal},
  year={2023},
  publisher={IEEE}
}
@article{li2021forward,
  title={Forward and backward secure keyword search with flexible keyword shielding},
  author={Li, Zhijun and Ma, Jianfeng and Miao, Yinbin and Liu, Ximeng and Choo, Kim-Kwang Raymond},
  journal={Information Sciences},
  volume={576},
  pages={507--521},
  year={2021},
  publisher={Elsevier}
}
@article{miao2023efficient,
  title={Efficient Privacy-Preserving Spatial Range Query over Outsourced Encrypted Data},
  author={Miao, Yinbin and Yang, Yutao and Li, Xinghua and Liu, Zhiquan and Li, Hongwei and Choo, Kim-Kwang Raymond and Deng, Robert H},
  journal={IEEE Transactions on Information Forensics and Security},
  year={2023},
  publisher={IEEE}
}
@inproceedings{olawoyin2020privacy,
  title={Privacy-preserving spatio-temporal patient data publishing},
  author={Olawoyin, Anifat M and Leung, Carson K and Choudhury, Ratna},
  booktitle={Proc. International Conference of Database and Expert Systems Applications (DEXA'20)},
  pages={407--416},
  year={2020},
  organization={Springer}
}
@article{cao2019protecting,
  title={Protecting spatiotemporal event privacy in continuous location-based services},
  author={Cao, Yang and Xiao, Yonghui and Xiong, Li and Bai, Liquan and Yoshikawa, Masatoshi},
  journal={IEEE Transactions on Knowledge and Data Engineering},
  volume={33},
  number={8},
  pages={3141--3154},
  year={2019},
  publisher={IEEE}
}
@inproceedings{wong2009secure,
  title={Secure kNN computation on encrypted databases},
  author={Wong, Wai Kit and Cheung, David Wai-lok and Kao, Ben and Mamoulis, Nikos},
  booktitle={Proc. ACM SIGMOD International Conference on Management of data (SIGMOD'09)},
  pages={139--152},
  year={2009}
}
@article{li2021towards,
  title={Towards efficient verifiable boolean search over encrypted cloud data},
  author={Li, Feng and Ma, Jianfeng and Miao, Yinbin and Zhiquan, Liu and Choo, Kim-Kwang Raymond and Liu, Ximeng and Deng, Robert},
  journal={IEEE Transactions on Cloud Computing},
  year={2021},
  publisher={IEEE}
}
@article{guo2023forward,
  title={Forward Private Verifiable Dynamic Searchable Symmetric Encryption with Efficient Conjunctive Query},
  author={Guo, Cheng and Li, Wenfeng and Tang, Xinyu and Choo, Kim-Kwang Raymond and Liu, Yining},
  journal={IEEE Transactions on Dependable and Secure Computing},
  year={2023},
  publisher={IEEE}
}
@inproceedings{grubbs2017leakage,
  title={Leakage-abuse attacks against order-revealing encryption},
  author={Grubbs, Paul and Sekniqi, Kevin and Bindschaedler, Vincent and Naveed, Muhammad and Ristenpart, Thomas},
  booktitle={Proc. IEEE Symposium on Security and Privacy (S\&P'17)},
  pages={655--672},
  year={2017},
  organization={IEEE}
}
@article{stefanov2018path,
  title={Path ORAM: an extremely simple oblivious RAM protocol},
  author={Stefanov, Emil and Dijk, Marten van and Shi, Elaine and Chan, T-H Hubert and Fletcher, Christopher and Ren, Ling and Yu, Xiangyao and Devadas, Srinivas},
  journal={Journal of the ACM (JACM)},
  volume={65},
  number={4},
  pages={1--26},
  year={2018},
  publisher={ACM New York, NY, USA}
}
@inproceedings{cash2013highly,
  title={Highly-scalable searchable symmetric encryption with support for boolean queries},
  author={Cash, David and Jarecki, Stanislaw and Jutla, Charanjit and Krawczyk, Hugo and Ro{\c{s}}u, Marcel-C{\u{a}}t{\u{a}}lin and Steiner, Michael},
  booktitle={Advances in Cryptology--CRYPTO 2013: 33rd Annual Cryptology Conference, Santa Barbara, CA, USA, August 18-22, 2013. Proceedings, Part I},
  pages={353--373},
  year={2013},
  organization={Springer}
}
@inproceedings{gentry2009fully,
  title={Fully homomorphic encryption using ideal lattices},
  author={Gentry, Craig},
  booktitle={Proc. ACM symposium on Theory of computing (STOC'09)},
  pages={169--178},
  year={2009}
}
@inproceedings{gui2019encrypted,
  title={Encrypted databases: New volume attacks against range queries},
  author={Gui, Zichen and Johnson, Oliver and Warinschi, Bogdan},
  booktitle={Proc. ACM SIGSAC Conference on Computer and Communications Security (CCS'19)},
  pages={361--378},
  year={2019}
}
@article{zhang2022efficient,
  title={Efficient and Privacy-Preserving Spatial Keyword Similarity Query Over Encrypted Data},
  author={Zhang, Songnian and Ray, Suprio and Lu, Rongxing and Guan, Yunguo and Zheng, Yandong and Shao, Jun},
  journal={IEEE Transactions on Dependable and Secure Computing},
  year={2022},
  publisher={IEEE}
}
@article{li2023vrfms,
  title={VRFMS: verifiable ranked fuzzy multi-keyword search over encrypted data},
  author={Li, Xinghua and Tong, Qiuyun and Zhao, Jinwei and Miao, Yinbin and Ma, Siqi and Weng, Jian and Ma, Jianfeng and Choo, Kim-Kwang Raymond},
  journal={IEEE Transactions on Services Computing},
  volume={16},
  number={1},
  pages={698--710},
  year={2023},
  publisher={IEEE}
}
@article{tong2023verifiable,
  title={Verifiable fuzzy multi-keyword search over encrypted data with adaptive security},
  author={Tong, Qiuyun and Miao, Yinbin and Weng, Jian and Liu, Ximeng and Choo, Kim-Kwang Raymond and Deng, Robert H},
  journal={IEEE Transactions on Knowledge and Data Engineering},
  volume={35},
  number={5},
  pages={5386--5399},
  year={2023},
  publisher={IEEE}
}
@article{li2022adaptively,
  title={Adaptively secure and fast processing of conjunctive queries over encrypted data},
  author={Li, Rui and Liu, Alex X},
  journal={IEEE Transactions on Knowledge and Data Engineering},
  volume={34},
  number={4},
  pages={1588--1602},
  year={2022},
  publisher={IEEE}
}
@article{zhu2021privacy,
  title={A privacy-preserving framework for outsourcing location-based services to the cloud},
  author={Zhu, Xiaojie and Ayday, Erman and Vitenberg, Roman},
  journal={IEEE Transactions on Dependable and Secure Computing},
  volume={18},
  number={1},
  pages={384--399},
  year={2021},
  publisher={IEEE}
}


@INPROCEEDINGS{10621113,
  author={Xu, Minghui and Zhang, Jiahao and Guo, Hechuan and Cheng, Xiuzhen and Yu, Dongxiao and Hu, Qin and Li, Yijun and Wu, Yipu},
  booktitle={IEEE INFOCOM 2024 - IEEE Conference on Computer Communications}, 
  title={FileDES: A Secure, Scalable and Succinct Decentralized Encrypted Storage Network}, 
  year={2024},
  volume={},
  number={},
  pages={261-270},
  keywords={Wide area networks;Privacy;Data privacy;Protocols;Costs;Scalability;Memory;Decentralized storage network;blockchain;data sharing;proof of storage;scalability;Sybil attacks},
  doi={10.1109/INFOCOM52122.2024.10621113}}


