@inproceedings{langley00,
 author    = {P. Langley},
 title     = {Crafting Papers on Machine Learning},
 year      = {2000},
 pages     = {1207--1216},
 editor    = {Pat Langley},
 booktitle     = {Proceedings of the 17th International Conference
              on Machine Learning (ICML 2000)},
 address   = {Stanford, CA},
 publisher = {Morgan Kaufmann}
}


@misc{kan,
      title={KAN: Kolmogorov-Arnold Networks}, 
      author={Ziming Liu and Yixuan Wang and Sachin Vaidya and Fabian Ruehle and James Halverson and Marin Soljačić and Thomas Y. Hou and Max Tegmark},
      year={2024},
      eprint={2404.19756},
      archivePrefix={arXiv},
      primaryClass={cs.LG},
      url={https://arxiv.org/abs/2404.19756}, 
}
@book{KA1933,
  author       = {Kolmogorov, Andrey Nikolaevich},
  title        = {Grundbegriffe der Wahrscheinlichkeitsrechnung},
  year         = {1933},
  publisher    = {Springer},
  address      = {Berlin},
  language     = {German},
}

@misc{zheKAN,
      title={The Kolmogorov-Arnold representation theorem revisited}, 
      author={Johannes Schmidt-Hieber},
      year={2021},
      eprint={2007.15884},
      archivePrefix={arXiv},
      primaryClass={cs.LG},
      url={https://arxiv.org/abs/2007.15884}, 
}
@article{MLP,
  title={Learning representations by back-propagating errors},
  author={Rumelhart, David E and Hinton, Geoffrey E and Williams, Ronald J},
  journal={Nature},
  volume={323},
  number={6088},
  pages={533--536},
  year={1986}
}
@article{B-spline,
  title={On calculating with B-splines},
  author={De Boor, Carl},
  journal={Journal of Approximation theory},
  volume={6},
  number={1},
  pages={50--62},
  year={1972}
}
@misc{sjwl01,
      title={MobileNets: Efficient Convolutional Neural Networks for Mobile Vision Applications}, 
      author={Andrew G. Howard and Menglong Zhu and Bo Chen and Dmitry Kalenichenko and Weijun Wang and Tobias Weyand and Marco Andreetto and Hartwig Adam},
      year={2017},
      eprint={1704.04861},
      archivePrefix={arXiv},
      primaryClass={cs.CV},
      url={https://arxiv.org/abs/1704.04861}, 
}
@misc{sjwl02,
      title={Deep Compression: Compressing Deep Neural Networks with Pruning, Trained Quantization and Huffman Coding}, 
      author={Song Han and Huizi Mao and William J. Dally},
      year={2016},
      eprint={1510.00149},
      archivePrefix={arXiv},
      primaryClass={cs.CV},
      url={https://arxiv.org/abs/1510.00149}, 
}
@article{GWBJ,
    title={Universal approximation bounds for superpositions of a sigmoidal function},
    author={Barron, Andrew R},
    journal={IEEE Transactions on Information theory},
    volume={39},
    number={3},
    pages={930--945},
    year={1993}
}

@article{GW,
    title={Neural networks for optimal approximation of smooth and analytic functions},
    author={Mhaskar, Hrushikesh N and Micchelli, Charles A},
    journal={Neural computation},
    volume={8},
    number={1},
    pages={164--177},
    year={1996}
}
@misc{canshu,
      title={EfficientNet: Rethinking Model Scaling for Convolutional Neural Networks}, 
      author={Mingxing Tan and Quoc V. Le},
      year={2020},
      eprint={1905.11946},
      archivePrefix={arXiv},
      primaryClass={cs.LG},
      url={https://arxiv.org/abs/1905.11946}, 
}

@misc{canshu2,
      title={EfficientNetV2: Smaller Models and Faster Training}, 
      author={Mingxing Tan and Quoc V. Le},
      year={2021},
      eprint={2104.00298},
      archivePrefix={arXiv},
      primaryClass={cs.CV},
      url={https://arxiv.org/abs/2104.00298}, 
}
@article{gaoweipingyu,
    title={On the frequency bias of neural networks with relu activations},
    author={Xu, Zhi-Qin John and Zhang, Yaoyu and Xiao, Yanyang},
    journal={arXiv preprint arXiv:1905.09263},
    year={2019}
}




@article{byt,
    title={Deep spline networks: A perfect fit for signals and images},
    author={Eldar, Yonina C and Unser, Michael},
    journal={IEEE Signal Processing Magazine},
    volume={38},
    number={4},
    pages={15--28},
    year={2021}
}

@article{byt2,
    title={Deep Neural Networks With Trainable B-Spline Activation Functions},
    author={Aziznejad, Shayan and Gupta, Harshit and Unser, Michael},
    journal={IEEE Transactions on Neural Networks and Learning Systems},
    year={2023}
}

@article{byt3,
    title={Adaptive B-spline Neural Networks for Nonlinear System Identification},
    author={Li, Hongyi and Wang, Jiyang and Zhang, Qingling},
    journal={IEEE Transactions on Neural Networks and Learning Systems},
    year={2023}
}

@article{byt4,
    title={Spectral Analysis of B-spline Wavelets and Their Applications in Signal Processing},
    author={Wu, Jiasong and Wang, Zhifang and Wang, Huazhong},
    journal={Digital Signal Processing},
    volume={123},
    pages={103411},
    year={2022}
}


bibtex

复制
@inproceedings{fuliyebiaozhun,
    title={Fourier Features Let Networks Learn High Frequency Functions in Low Dimensional Domains},
    author={Tancik, Matthew and Srinivasan, Pratul P and Mildenhall, Ben and Fridovich-Keil, Sara and Raghavan, Nithin and Singhal, Utkarsh and Ramamoorthi, Ravi and Barron, Jonathan T and Ng, Ren},
    booktitle={Advances in Neural Information Processing Systems},
    pages={7537--7547},
    year={2020}
}

@article{fuliye2,
    title={Multiplicative Filter Networks},
    author={Fathony, Rizal and Sahu, Anit Kumar and Willmott, Devin and Kolter, J Zico},
    journal={International Conference on Learning Representations},
    year={2021}
}

@article{li2020fourier,
    title={fuliye3},
    author={Li, Zongyi and Kovachki, Nikola and Azizzadenesheli, Kamyar and Liu, Burigede and Bhattacharya, Kaushik and Stuart, Andrew and Anandkumar, Anima},
    journal={arXiv preprint arXiv:2010.08895},
    year={2020}
}

@article{fuliyekaishan,
    title={The Fourier transform and its applications},
    author={Bracewell, Ronald Newbold and Bracewell, Ronald N},
    journal={McGraw-Hill New York},
    volume={31999},
    year={1986}
}


@article{juzhen,
    title={A stronger generalization bound for deep nets via a compression approach},
    author={Arora, Sanjeev and Ge, Rong and Neyshabur, Behnam and Zhang, Yi},
    journal={arXiv preprint arXiv:1802.05296},
    year={2018}
}

@article{juzhen2,
    title={Efficient parameter-free rank minimization method via low-rank factorization},
    author={Chen, Zhengdong and Yang, Peilin and Chen, Jiawei and Du, Bo and Zhang, Lefei},
    journal={IEEE Transactions on Neural Networks and Learning Systems},
    year={2020}
}

@article{fuliyeduoduo,
    title={Fourier features let networks learn high frequency functions in low dimensional domains},
    author={Tancik, Matthew and Srinivasan, Pratul P and Mildenhall, Ben and Fridovich-Keil, Sara and Raghavan, Nithin and Singhal, Utkarsh and Ramamoorthi, Ravi and Barron, Jonathan T and Ng, Ren},
    journal={Advances in Neural Information Processing Systems},
    volume={33},
    year={2020}
}

@article{gelus,
    title={Gaussian error linear units (gelus)},
    author={Hendrycks, Dan and Gimpel, Kevin},
    journal={arXiv preprint arXiv:1606.08415},
    year={2016}
}

@inproceedings{gelus12,
    title={Learning Activation Functions to Improve Deep Neural Networks},
    author={Goyal, Manish and Goyal, Rajan and Lall, Brejesh},
    booktitle={International Joint Conference on Neural Networks (IJCNN)},
    pages={1--8},
    year={2019}
}

@article{2021KA,
    title={Kolmogorov's superposition theorem and its applications to deep learning},
    author={Maiorov, Vitaly and Pinkus, Allan},
    journal={Neural Networks},
    volume={144},
    pages={343--356},
    year={2021}
}

@inproceedings{2019duichengkanl,
    title={Universal approximation of symmetric and anti-symmetric functions},
    author={Fan, Yuwei and Feliu-Fab{\`a}, Jordi and Lin, Lin and Ying, Lexing and Zepeda-N{\'u}{\~n}ez, Leonardo},
    booktitle={Conference on Neural Information Processing Systems (NeurIPS)},
    year={2019}
}

@article{2020jinsi,
    title={Universal approximation with deep narrow networks},
    author={Kidger, Patrick and Lyons, Terry},
    journal={Mathematics of Computation},
    volume={89},
    number={324},
    pages={2549--2570},
    year={2020}
}

@article{yarotsky2021elementary,
    title={jihuo},
    author={Yarotsky, Dmitry and Zhevnerchuk, Anton},
    journal={International Conference on Machine Learning},
    pages={11932--11942},
    year={2021}
}



@inbook{shuxue1,
   title={The Modern Mathematics of Deep Learning},
   ISBN={9781316516782},
   url={http://dx.doi.org/10.1017/9781009025096.002},
   DOI={10.1017/9781009025096.002},
   booktitle={Mathematical Aspects of Deep Learning},
   publisher={Cambridge University Press},
   author={Berner, Julius and Grohs, Philipp and Kutyniok, Gitta and Petersen, Philipp},
   year={2022},
   month=dec, pages={1–111} }


@article{shuxue2,
    title={Deep learning: Mathematics and neuroscience},
    author={Poggio, Tomaso and Mhaskar, Hrushikesh and Rosasco, Lorenzo and Miranda, Brando and Liao, Qianli},
    journal={Views and Reviews},
    publisher={Society for Neuroscience},
    year={2017}
}

@misc{ResNet,
      title={ResNet with one-neuron hidden layers is a Universal Approximator}, 
      author={Hongzhou Lin and Stefanie Jegelka},
      year={2018},
      eprint={1806.10909},
      archivePrefix={arXiv},
      primaryClass={cs.LG},
      url={https://arxiv.org/abs/1806.10909}, 
}

@misc{Sigmoidjihuo,
      title={Sigmoid-Weighted Linear Units for Neural Network Function Approximation in Reinforcement Learning}, 
      author={Stefan Elfwing and Eiji Uchibe and Kenji Doya},
      year={2017},
      eprint={1702.03118},
      archivePrefix={arXiv},
      primaryClass={cs.LG},
      url={https://arxiv.org/abs/1702.03118}, 
}
@misc{rsjihuo,
      title={Searching for Activation Functions}, 
      author={Prajit Ramachandran and Barret Zoph and Quoc V. Le},
      year={2017},
      eprint={1710.05941},
      archivePrefix={arXiv},
      primaryClass={cs.NE},
      url={https://arxiv.org/abs/1710.05941}, 
}
@article{schumaker2007spline,
    title={Spline functions: basic theory},
    author={Schumaker, Larry},
    journal={Cambridge University Press},
    year={2007}
}

@misc{yangtiao,
      title={Breaking the Curse of Dimensionality with Convex Neural Networks}, 
      author={Francis Bach},
      year={2016},
      eprint={1412.8690},
      archivePrefix={arXiv},
      primaryClass={cs.LG},
      url={https://arxiv.org/abs/1412.8690}, 
}
@misc{RKHS,
      title={Training Neural Networks Using Reproducing Kernel Space Interpolation and Model Reduction}, 
      author={Eric Arthur Werneburg},
      year={2023},
      eprint={2308.16754},
      archivePrefix={arXiv},
      primaryClass={math.FA},
      url={https://arxiv.org/abs/2308.16754}, 
}
bibtex

复制
@article{RKHS2,
    title={Theory of reproducing kernels},
    author={Aronszajn, Nachman},
    journal={Transactions of the American Mathematical Society},
    volume={68},
    number={3},
    pages={337--404},
    year={1950}
}

@book{RKHS3,
    title={Learning with kernels: support vector machines, regularization, optimization, and beyond},
    author={Sch{\"o}lkopf, Bernhard and Smola, Alexander J},
    year={2018},
    publisher={MIT press}
}

@article{chushihua,
    title={Understanding the difficulty of training deep feedforward neural networks},
    author={Glorot, Xavier and Bengio, Yoshua},
    journal={Proceedings of the thirteenth international conference on artificial intelligence and statistics},
    pages={249--256},
    year={2010}
}

@article{chushihua2,
    title={chushihua},
    author={He, Kaiming and Zhang, Xiangyu and Ren, Shaoqing and Sun, Jian},
    journal={Proceedings of the IEEE international conference on computer vision},
    pages={1026--1034},
    year={2015}
}
@misc{resnet18,
      title={Deep Residual Learning for Image Recognition}, 
      author={Kaiming He and Xiangyu Zhang and Shaoqing Ren and Jian Sun},
      year={2015},
      eprint={1512.03385},
      archivePrefix={arXiv},
      primaryClass={cs.CV},
      url={https://arxiv.org/abs/1512.03385}, 
}
@misc{deit,
      title={Training data-efficient image transformers \& distillation through attention}, 
      author={Hugo Touvron and Matthieu Cord and Matthijs Douze and Francisco Massa and Alexandre Sablayrolles and Hervé Jégou},
      year={2021},
      eprint={2012.12877},
      archivePrefix={arXiv},
      primaryClass={cs.CV},
      url={https://arxiv.org/abs/2012.12877}, 
}

@inbook{MLP-Mixer,
   title={The Modern Mathematics of Deep Learning},
   ISBN={9781316516782},
   url={http://dx.doi.org/10.1017/9781009025096.002},
   DOI={10.1017/9781009025096.002},
   booktitle={Mathematical Aspects of Deep Learning},
   publisher={Cambridge University Press},
   author={Berner, Julius and Grohs, Philipp and Kutyniok, Gitta and Petersen, Philipp},
   year={2022},
   month=dec, pages={1–111} }

@misc{GTP2,
      title={Language Models are Few-Shot Learners}, 
      author={Tom B. Brown and Benjamin Mann and Nick Ryder and Melanie Subbiah and Jared Kaplan and Prafulla Dhariwal and Arvind Neelakantan and Pranav Shyam and Girish Sastry and Amanda Askell and Sandhini Agarwal and Ariel Herbert-Voss and Gretchen Krueger and Tom Henighan and Rewon Child and Aditya Ramesh and Daniel M. Ziegler and Jeffrey Wu and Clemens Winter and Christopher Hesse and Mark Chen and Eric Sigler and Mateusz Litwin and Scott Gray and Benjamin Chess and Jack Clark and Christopher Berner and Sam McCandlish and Alec Radford and Ilya Sutskever and Dario Amodei},
      year={2020},
      eprint={2005.14165},
      archivePrefix={arXiv},
      primaryClass={cs.CL},
      url={https://arxiv.org/abs/2005.14165}, 
}
@article{kingmaadam,
    title={Adam: A method for stochastic optimization},
    author={Kingma, Diederik P and Ba, Jimmy},
    journal={arXiv preprint arXiv:1412.6980},
    year={2014}
}

@misc{kanbase,
      title={KAN or MLP: A Fairer Comparison}, 
      author={Runpeng Yu and Weihao Yu and Xinchao Wang},
      year={2024},
      eprint={2407.16674},
      archivePrefix={arXiv},
      primaryClass={cs.LG},
      url={https://arxiv.org/abs/2407.16674}, 
}
@misc{FAN,
      title={FAN: Fourier Analysis Networks}, 
      author={Yihong Dong and Ge Li and Yongding Tao and Xue Jiang and Kechi Zhang and Jia Li and Jing Su and Jun Zhang and Jingjing Xu},
      year={2024},
      eprint={2410.02675},
      archivePrefix={arXiv},
      primaryClass={cs.LG},
      url={https://arxiv.org/abs/2410.02675}, 
}

@misc{KAT,
      title={Kolmogorov-Arnold Transformer}, 
      author={Xingyi Yang and Xinchao Wang},
      year={2024},
      eprint={2409.10594},
      archivePrefix={arXiv},
      primaryClass={cs.LG},
      url={https://arxiv.org/abs/2409.10594}, 
}
@misc{Kan_mlp,
      title={MLP-KAN: Unifying Deep Representation and Function Learning}, 
      author={Yunhong He and Yifeng Xie and Zhengqing Yuan and Lichao Sun},
      year={2024},
      eprint={2410.03027},
      archivePrefix={arXiv},
      primaryClass={cs.LG},
      url={https://arxiv.org/abs/2410.03027}, 
}
@misc{VIT,
      title={An Image is Worth 16x16 Words: Transformers for Image Recognition at Scale}, 
      author={Alexey Dosovitskiy and Lucas Beyer and Alexander Kolesnikov and Dirk Weissenborn and Xiaohua Zhai and Thomas Unterthiner and Mostafa Dehghani and Matthias Minderer and Georg Heigold and Sylvain Gelly and Jakob Uszkoreit and Neil Houlsby},
      year={2021},
      eprint={2010.11929},
      archivePrefix={arXiv},
      primaryClass={cs.CV},
      url={https://arxiv.org/abs/2010.11929}, 
}
@inproceedings{ReLU1,
    title={Rectified linear units improve restricted boltzmann machines},
    author={Nair, Vinod and Hinton, Geoffrey E},
    booktitle={ICML},
    year={2010}
}

@article{ReLU2,
    title={Deep sparse rectifier neural networks},
    author={Glorot, Xavier and Bordes, Antoine and Bengio, Yoshua},
    journal={Proceedings of the fourteenth international conference on artificial intelligence and statistics},
    pages={315--323},
    year={2011}
}


@article{lecun1998gradient,
    title={shouxieshuzi},
    author={LeCun, Yann and Bottou, L{\'e}on and Bengio, Yoshua and Haffner, Patrick},
    journal={Proceedings of the IEEE},
    volume={86},
    number={11},
    pages={2278--2324},
    year={1998}
}

@article{emnist,
    title={EMNIST: Extending MNIST to handwritten letters},
    author={Cohen, Gregory and Afshar, Saeed and Tapson, Jonathan and Van Schaik, Andre},
    journal={2017 International Joint Conference on Neural Networks (IJCNN)},
    pages={2921--2926},
    year={2017}
}

@article{clanuwat2018deep,
    title={Deep learning for classical Japanese literature},
    author={Clanuwat, Tarin and Bober-Irizar, Mikel and Kitamoto, Asanobu and Lamb, Alex and Yamamoto, Kazuaki and Ha, David},
    journal={arXiv preprint arXiv:1812.01718},
    year={2018}
}

@article{krizhevsky2009learning,
    title={Learning multiple layers of features from tiny images},
    author={Krizhevsky, Alex and Hinton, Geoffrey and others},
    journal={Technical report, University of Toronto},
    volume={1},
    number={4},
    year={2009}
}

@inproceedings{netzer2011reading,
    title={Reading digits in natural images with unsupervised feature learning},
    author={Netzer, Yuval and Wang, Tao and Coates, Adam and Bissacco, Alessandro and Wu, Bo and Ng, Andrew Y},
    booktitle={NIPS workshop on deep learning and unsupervised feature learning},
    volume={2011},
    number={2},
    pages={5},
    year={2011}
}

@misc{transform,
      title={Attention Is All You Need}, 
      author={Ashish Vaswani and Noam Shazeer and Niki Parmar and Jakob Uszkoreit and Llion Jones and Aidan N. Gomez and Lukasz Kaiser and Illia Polosukhin},
      year={2023},
      eprint={1706.03762},
      archivePrefix={arXiv},
      primaryClass={cs.CL},
      url={https://arxiv.org/abs/1706.03762}, 
}

@misc{phy,
      title={Physics Informed Deep Learning (Part I): Data-driven Solutions of Nonlinear Partial Differential Equations}, 
      author={Maziar Raissi and Paris Perdikaris and George Em Karniadakis},
      year={2017},
      eprint={1711.10561},
      archivePrefix={arXiv},
      primaryClass={cs.AI},
      url={https://arxiv.org/abs/1711.10561}, 
}
@article{han2018solving,
    title={Solving high-dimensional partial differential equations using deep learning},
    author={Han, Jiequn and Jentzen, Arnulf and E, Weinan},
    journal={Proceedings of the National Academy of Sciences},
    volume={115},
    number={34},
    pages={8505--8510},
    year={2018}
}

@article{bessel1824theorie,
    title={Theorie der Bessel'schen Funktionen},
    author={Bessel, Friedrich Wilhelm},
    journal={Astronomische Nachrichten},
    volume={3},
    number={52},
    pages={97--104},
    year={1824}
}

@misc{li2021fourierneuraloperatorparametric,
      title={Fourier Kankuozhanl Differential Equations}, 
      author={Zongyi Li and Nikola Kovachki and Kamyar Azizzadenesheli and Burigede Liu and Kaushik Bhattacharya and Andrew Stuart and Anima Anandkumar},
      year={2021},
      eprint={2010.08895},
      archivePrefix={arXiv},
      primaryClass={cs.LG},
      url={https://arxiv.org/abs/2010.08895}, 
}

@article{suijifuly,
    title={Random features for large-scale kernel machines},
    author={Rahimi, Ali and Recht, Benjamin},
    journal={Advances in Neural Information Processing Systems (NeurIPS)},
    volume={20},
    pages={1177--1184},
    year={2007}
}

@article{suijifulye2,
    title={On the design of orthogonal random features},
    author={Yu, Felix X and Kumar, Sanjiv and Rowley, Henry and Chang, Shih-Fu},
    journal={Advances in Neural Information Processing Systems (NeurIPS)},
    volume={29},
    pages={1975--1983},
    year={2016}
}
@article{SIRENgaoping,
    title={Implicit Neural Representations with Periodic Activation Functions},
    author={Sitzmann, Vincent and Martel, Julien NP and Bergman, Alexander and Lindell, David B and Wetzstein, Gordon},
    journal={Advances in Neural Information Processing Systems (NeurIPS)},
    volume={33},
    pages={7462--7473},
    year={2020}
}

@misc{FLOP ,
      title={FLOPs as a Direct Optimization Objective for Learning Sparse Neural Networks}, 
      author={Raphael Tang and Ashutosh Adhikari and Jimmy Lin},
      year={2018},
      eprint={1811.03060},
      archivePrefix={arXiv},
      primaryClass={cs.LG},
      url={https://arxiv.org/abs/1811.03060}, 
}
@article{Desislavov_2023,
   title={Trends in AI inference energy consumption: Beyond the performance-vs-parameter laws of deep learning},
   volume={38},
   ISSN={2210-5379},
   url={http://dx.doi.org/10.1016/j.suscom.2023.100857},
   DOI={10.1016/j.suscom.2023.100857},
   journal={Sustainable Computing: Informatics and Systems},
   publisher={Elsevier BV},
   author={Desislavov, Radosvet and Martínez-Plumed, Fernando and Hernández-Orallo, José},
   year={2023},
   month=apr, pages={100857} }

@article{bochner1933monotone,
    title={Monotone Funktionen, Stieltjessche Integrale und harmonische Analyse},
    author={Bochner, Salomon},
    journal={Mathematische Annalen},
    volume={108},
    pages={378--410},
    year={1933}
}

@article{Bochner,
    title={Random features for large-scale kernel machines},
    author={Rahimi, Ali and Recht, Benjamin},
    journal={Advances in Neural Information Processing Systems},
    volume={20},
    pages={1177--1184},
    year={2007}
}

@article{he,
    title={On the equivalence between kernel quadrature rules and random feature expansions},
    author={Bach, Francis},
    journal={Journal of Machine Learning Research},
    volume={18},
    number={1},
    pages={714--751},
    year={2017}
}
@book{sanjiao,
    title={Table of integrals, series, and products},
    author={Gradshteyn, Izrail Solomonovich and Ryzhik, Iosif Moiseevich},
    year={2014},
    publisher={Academic press}
}

@misc{baydin2018automaticdifferentiationmachinelearning,
      title={Automatic differentiation in machine learning: a survey}, 
      author={Atilim Gunes Baydin and Barak A. Pearlmutter and Alexey Andreyevich Radul and Jeffrey Mark Siskind},
      year={2018},
      eprint={1502.05767},
      archivePrefix={arXiv},
      primaryClass={cs.SC},
      url={https://arxiv.org/abs/1502.05767}, 
}

