@inproceedings{2019duichengkanl,
    title={Universal approximation of symmetric and anti-symmetric functions},
    author={Fan, Yuwei and Feliu-Fab{\`a}, Jordi and Lin, Lin and Ying, Lexing and Zepeda-N{\'u}{\~n}ez, Leonardo},
    booktitle={Conference on Neural Information Processing Systems (NeurIPS)},
    year={2019}
}

@article{B-spline,
  title={On calculating with B-splines},
  author={De Boor, Carl},
  journal={Journal of Approximation theory},
  volume={6},
  number={1},
  pages={50--62},
  year={1972}
}

@misc{FAN,
      title={FAN: Fourier Analysis Networks}, 
      author={Yihong Dong and Ge Li and Yongding Tao and Xue Jiang and Kechi Zhang and Jia Li and Jing Su and Jun Zhang and Jingjing Xu},
      year={2024},
      eprint={2410.02675},
      archivePrefix={arXiv},
      primaryClass={cs.LG},
      url={https://arxiv.org/abs/2410.02675}, 
}

@article{MLP,
  title={Learning representations by back-propagating errors},
  author={Rumelhart, David E and Hinton, Geoffrey E and Williams, Ronald J},
  journal={Nature},
  volume={323},
  number={6088},
  pages={533--536},
  year={1986}
}

@inproceedings{ReLU1,
    title={Rectified linear units improve restricted boltzmann machines},
    author={Nair, Vinod and Hinton, Geoffrey E},
    booktitle={ICML},
    year={2010}
}

@article{ReLU2,
    title={Deep sparse rectifier neural networks},
    author={Glorot, Xavier and Bordes, Antoine and Bengio, Yoshua},
    journal={Proceedings of the fourteenth international conference on artificial intelligence and statistics},
    pages={315--323},
    year={2011}
}

@article{SIRENgaoping,
    title={Implicit Neural Representations with Periodic Activation Functions},
    author={Sitzmann, Vincent and Martel, Julien NP and Bergman, Alexander and Lindell, David B and Wetzstein, Gordon},
    journal={Advances in Neural Information Processing Systems (NeurIPS)},
    volume={33},
    pages={7462--7473},
    year={2020}
}

@misc{Sigmoidjihuo,
      title={Sigmoid-Weighted Linear Units for Neural Network Function Approximation in Reinforcement Learning}, 
      author={Stefan Elfwing and Eiji Uchibe and Kenji Doya},
      year={2017},
      eprint={1702.03118},
      archivePrefix={arXiv},
      primaryClass={cs.LG},
      url={https://arxiv.org/abs/1702.03118}, 
}

@misc{deit,
      title={Training data-efficient image transformers \& distillation through attention}, 
      author={Hugo Touvron and Matthieu Cord and Matthijs Douze and Francisco Massa and Alexandre Sablayrolles and Hervé Jégou},
      year={2021},
      eprint={2012.12877},
      archivePrefix={arXiv},
      primaryClass={cs.CV},
      url={https://arxiv.org/abs/2012.12877}, 
}

@misc{resnet18,
      title={Deep Residual Learning for Image Recognition}, 
      author={Kaiming He and Xiangyu Zhang and Shaoqing Ren and Jian Sun},
      year={2015},
      eprint={1512.03385},
      archivePrefix={arXiv},
      primaryClass={cs.CV},
      url={https://arxiv.org/abs/1512.03385}, 
}

@misc{sjwl02,
      title={Deep Compression: Compressing Deep Neural Networks with Pruning, Trained Quantization and Huffman Coding}, 
      author={Song Han and Huizi Mao and William J. Dally},
      year={2016},
      eprint={1510.00149},
      archivePrefix={arXiv},
      primaryClass={cs.CV},
      url={https://arxiv.org/abs/1510.00149}, 
}

@article{suijifuly,
    title={Random features for large-scale kernel machines},
    author={Rahimi, Ali and Recht, Benjamin},
    journal={Advances in Neural Information Processing Systems (NeurIPS)},
    volume={20},
    pages={1177--1184},
    year={2007}
}

@article{suijifulye2,
    title={On the design of orthogonal random features},
    author={Yu, Felix X and Kumar, Sanjiv and Rowley, Henry and Chang, Shih-Fu},
    journal={Advances in Neural Information Processing Systems (NeurIPS)},
    volume={29},
    pages={1975--1983},
    year={2016}
}

@misc{transform,
      title={Attention Is All You Need}, 
      author={Ashish Vaswani and Noam Shazeer and Niki Parmar and Jakob Uszkoreit and Llion Jones and Aidan N. Gomez and Lukasz Kaiser and Illia Polosukhin},
      year={2023},
      eprint={1706.03762},
      archivePrefix={arXiv},
      primaryClass={cs.CL},
      url={https://arxiv.org/abs/1706.03762}, 
}

