@article{turing1950computing,
    author = {Turing, Alan M.},
    title = {Computing Machinery and Intelligence},
    journal = {Mind},
    volume = {LIX},
    number = {236},
    pages = {433--460},
    year = {1950}
}

@article{rumelhart1986learning,
  title = {Learning Representations by Back-Propagating Errors},
  author = {Rumelhart, David E. and Hinton, Geoffrey E. and Williams, Ronald J.},
  journal = {Nature},
  volume = {323},
  number = {6088},
  pages = {533--536},
  year = {1986}
}

@inproceedings{kautz1992planning,
  title = {Planning as Satisfiability},
  author = {Kautz, Henry A. and Selman, Bart},
  booktitle = {Proceedings of the 10th European Conference on Artificial Intelligence (ECAI)},
  pages = {359--363},
  year = {1992}
}

@article{grosz1996collaborative,
  title = {Collaborative Plans for Complex Group Action},
  author = {Grosz, Barbara J. and Kraus, Sarit},
  journal = {Artificial Intelligence},
  volume = {86},
  number = {2},
  pages = {269--357},
  year = {1996}
}

@article{perelman2002entropy,
  title = {The Entropy Formula for the {R}icci Flow and its Geometric Applications}, 
  author = {Grisha Perelman},
  howpublished = {Preprint arXiv:math/0211159},
  year = {2002}
}

@book{pearl2009causality,
  title = {Causality},
  author = {Pearl, Judea},
  publisher = {Cambridge University Press},
  year = {2009}
}


%%%%%%%%%%%%%%%%%%%%%% My Refs %%%%%%%%%%%%%%%%%%%%%%%%




@article{xu2017attngan,
author = {Xu, Tao and Zhang, Pengchuan and Huang, Qiuyuan and Zhang, Han and Gan, Zhe and Huang, Xiaolei and He, Xiaodong},
year = {2017},
month = {11},
pages = {},
title = {{AttnGAN}: Fine-Grained Text to Image Generation with Attentional Generative Adversarial Networks}
}



@article{Zhu2019DMGANDM,
  title={{DM-GAN}: Dynamic Memory Generative Adversarial Networks for Text-To-Image Synthesis},
  author={Minfeng Zhu and Pingbo Pan and Wei Chen and Yi Yang},
  journal={2019 IEEE/CVF Conference on Computer Vision and Pattern Recognition (CVPR)},
  year={2019},
  pages={5795-5803}
}



@article{tao2021dfgan,
      title={{DF-GAN}: Deep Fusion Generative Adversarial Networks for Text-to-Image Synthesis}, 
      author={Ming Tao and Hao Tang and Songsong Wu and Nicu Sebe and Xiao-Yuan Jing and Fei Wu and Bingkun Bao},
      year={2021},
      journal={arXiv preprint arXiv:2008.05865},
      archivePrefix={arXiv},
      primaryClass={cs.CV}
}



@article{Radford:2021:CLIP,
  title={Learning transferable visual models from natural language supervision},
  author={Radford, Alec and Kim, Jong Wook and Hallacy, Chris and Ramesh, Aditya and Goh, Gabriel and Agarwal, Sandhini and Sastry, Girish and Askell, Amanda and Mishkin, Pamela and Clark, Jack and others},
  journal={arXiv preprint arXiv:2103.00020},
  year={2021}
}

@article{Ramesh:2021:DALLE,
  title={Zero-shot text-to-image generation},
  author={Ramesh, Aditya and Pavlov, Mikhail and Goh, Gabriel and Gray, Scott and Voss, Chelsea and Radford, Alec and Chen, Mark and Sutskever, Ilya},
  journal={arXiv preprint arXiv:2102.12092},
  year={2021}
}

@article{Ramesh:2022:DALLE2,
  title={Hierarchical text-conditional image generation with clip latents},
  author={Ramesh, Aditya and Dhariwal, Prafulla and Nichol, Alex and Chu, Casey and Chen, Mark},
  journal={arXiv preprint arXiv:2204.06125},
  year={2022}
}

@article{Dhariwal:2021:diffusion,
  title={Diffusion models beat {GAN}s on image synthesis},
  author={Dhariwal, Prafulla and Nichol, Alexander},
  journal={Advances in Neural Information Processing Systems},
  volume={34},
  year={2021}
}

@inproceedings{El:2019:TDR,
  title={Tell, draw, and repeat: Generating and modifying images based on continual linguistic instruction},
  author={El-Nouby, Alaaeldin and Sharma, Shikhar and Schulz, Hannes and Hjelm, Devon and Asri, Layla El and Kahou, Samira Ebrahimi and Bengio, Yoshua and Taylor, Graham W},
  booktitle={Proceedings of the IEEE/CVF International Conference on Computer Vision},
  pages={10304--10312},
  year={2019}
}

@inproceedings{Zhang:2021:landscape,
  title={Text as neural operator: Image manipulation by text instruction},
  author={Zhang, Tianhao and Tseng, Hung-Yu and Jiang, Lu and Yang, Weilong and Lee, Honglak and Essa, Irfan},
  booktitle={Proceedings of the 29th ACM International Conference on Multimedia},
  pages={1893--1902},
  year={2021}
}

@inproceedings{Cheng:2020:IIE,
  title={Sequential attention {GAN} for interactive image editing},
  author={Cheng, Yu and Gan, Zhe and Li, Yitong and Liu, Jingjing and Gao, Jianfeng},
  booktitle={Proceedings of the 28th ACM International Conference on Multimedia},
  pages={4383--4391},
  year={2020}
}

@article{Galatolo:2021:CLIPGLASS,
  title={Generating images from caption and vice versa via {CLIP}-Guided Generative Latent Space Search},
  author={Galatolo, Federico A and Cimino, Mario GCA and Vaglini, Gigliola},
  journal={arXiv preprint arXiv:2102.01645},
  year={2021}
}

@inproceedings{Vaswani:2017:Transformer,
  title={Attention is all you need},
  author={Vaswani, Ashish and Shazeer, Noam and Parmar, Niki and Uszkoreit, Jakob and Jones, Llion and Gomez, Aidan N and Kaiser, {\L}ukasz and Polosukhin, Illia},
  booktitle={Advances in neural information processing systems},
  pages={5998--6008},
  year={2017}
}

@article{Radford:2019:GPT2,
  title={Language models are unsupervised multitask learners},
  author={Radford, Alec and Wu, Jeffrey and Child, Rewon and Luan, David and Amodei, Dario and Sutskever, Ilya and others},
  year={2019}
}

@inproceedings{Esser:2021:VQ-GAN,
  title={Taming transformers for high-resolution image synthesis},
  author={Esser, Patrick and Rombach, Robin and Ommer, Bjorn},
  booktitle={Proceedings of the IEEE/CVF Conference on Computer Vision and Pattern Recognition},
  pages={12873--12883},
  year={2021}
}

@inproceedings{Guo:2018:shoesdataset,
  title={Dialog-based interactive image retrieval},
  author={Guo, Xiaoxiao and Wu, Hui and Cheng, Yu and Rennie, Steven and Tesauro, Gerald and Feris, Rogerio Schmidt},
  booktitle={Proceedings of the 32nd International Conference on Neural Information Processing Systems},
  pages={676--686},
  year={2018}
}

@article{Brown:2020:GPT3,
  title={Language models are few-shot learners},
  author={Brown, Tom B and Mann, Benjamin and Ryder, Nick and Subbiah, Melanie and Kaplan, Jared and Dhariwal, Prafulla and Neelakantan, Arvind and Shyam, Pranav and Sastry, Girish and Askell, Amanda and others},
  journal={arXiv preprint arXiv:2005.14165},
  year={2020}
}

@article{Wang:2004:SSIM,
  title={Image quality assessment: from error visibility to structural similarity},
  author={Wang, Zhou and Bovik, Alan C and Sheikh, Hamid R and Simoncelli, Eero P},
  journal={IEEE transactions on image processing},
  volume={13},
  number={4},
  pages={600--612},
  year={2004},
  publisher={IEEE}
}

@article{Goodfellow:2014:GANs,
  title={Generative adversarial nets},
  author={Goodfellow, Ian and Pouget-Abadie, Jean and Mirza, Mehdi and Xu, Bing and Warde-Farley, David and Ozair, Sherjil and Courville, Aaron and Bengio, Yoshua},
  journal={Advances in neural information processing systems},
  volume={27},
  year={2014}
}

@article{Lecun:1989:CNN,
  title={Handwritten digit recognition with a back-propagation network},
  author={LeCun, Yann and Boser, Bernhard and Denker, John and Henderson, Donnie and Howard, Richard and Hubbard, Wayne and Jackel, Lawrence},
  journal={Advances in neural information processing systems},
  volume={2},
  year={1989}
}

@article{Jiang:2021:TransGAN,
  title={Transgan: Two transformers can make one strong {GAN}},
  author={Jiang, Yifan and Chang, Shiyu and Wang, Zhangyang},
  year={2021}
}

@inproceedings{Jiang:2021:LangGlobalEdit,
  title={Language-guided global image editing via cross-modal cyclic mechanism},
  author={Jiang, Wentao and Xu, Ning and Wang, Jiayun and Gao, Chen and Shi, Jing and Lin, Zhe and Liu, Si},
  booktitle={Proceedings of the IEEE/CVF International Conference on Computer Vision},
  pages={2115--2124},
  year={2021}
}

@article{Zhuang:2021:EditingLatentSpace,
  title={Enjoy your editing: Controllable {GAN}s for image editing via latent space navigation},
  author={Zhuang, Peiye and Koyejo, Oluwasanmi and Schwing, Alexander G},
  journal={arXiv preprint arXiv:2102.01187},
  year={2021}
}

@inproceedings{Zhu:2020:GANInversionEdit,
  title={In-domain {GAN} inversion for real image editing},
  author={Zhu, Jiapeng and Shen, Yujun and Zhao, Deli and Zhou, Bolei},
  booktitle={European conference on computer vision},
  pages={592--608},
  year={2020},
  organization={Springer}
}

@article{wu:2021:NUWA,
  title={{N\"UWA}: Visual Synthesis Pre-training for Neural visUal World creAtion},
  author={Wu, Chenfei and Liang, Jian and Ji, Lei and Yang, Fan and Fang, Yuejian and Jiang, Daxin and Duan, Nan},
  journal={arXiv preprint arXiv:2111.12417},
  year={2021}
}

@inproceedings{Papineni:2002:BLEU,
  title={{BLEU}: a method for automatic evaluation of machine translation},
  author={Papineni, Kishore and Roukos, Salim and Ward, Todd and Zhu, Wei-Jing},
  booktitle={Proceedings of the 40th annual meeting of the Association for Computational Linguistics},
  pages={311--318},
  year={2002}
}

@inproceedings{Banerjee:2005:METEOR,
  title={{METEOR}: An automatic metric for {MT} evaluation with improved correlation with human judgments},
  author={Banerjee, Satanjeev and Lavie, Alon},
  booktitle={Proceedings of the ACL workshop on intrinsic and extrinsic evaluation measures for machine translation and/or summarization},
  pages={65--72},
  year={2005}
}
@article{Devlin:2018:Bert,
  title={{BERT}: Pre-training of deep bidirectional transformers for language understanding},
  author={Devlin, Jacob and Chang, Ming-Wei and Lee, Kenton and Toutanova, Kristina},
  journal={arXiv preprint arXiv:1810.04805},
  year={2018}
}

@article{Dosovitskiy:2020:VIT,
  title={An image is worth 16x16 words: Transformers for image recognition at scale},
  author={Dosovitskiy, Alexey and Beyer, Lucas and Kolesnikov, Alexander and Weissenborn, Dirk and Zhai, Xiaohua and Unterthiner, Thomas and Dehghani, Mostafa and Minderer, Matthias and Heigold, Georg and Gelly, Sylvain and others},
  journal={arXiv preprint arXiv:2010.11929},
  year={2020}
}

@inproceedings{Bisk:2020:Grounding,
  title={Experience Grounds Language},
  author={Bisk, Yonatan and Holtzman, Ari and Thomason, Jesse and Andreas, Jacob and Bengio, Yoshua and Chai, Joyce and Lapata, Mirella and Lazaridou, Angeliki and May, Jonathan and Nisnevich, Aleksandr and others},
  booktitle={Proceedings of the 2020 Conference on Empirical Methods in Natural Language Processing (EMNLP)},
  pages={8718--8735},
  year={2020}
}

@incollection{Yu:2017:relative1,
  title={Fine-grained comparisons with attributes},
  author={Yu, Aron and Grauman, Kristen},
  booktitle={Visual Attributes},
  pages={119--154},
  year={2017},
  publisher={Springer}
}

@inproceedings{Kovashka:2012:relative2,
  title={Whittlesearch: Image search with relative attribute feedback},
  author={Kovashka, Adriana and Parikh, Devi and Grauman, Kristen},
  booktitle={2012 IEEE Conference on Computer Vision and Pattern Recognition},
  pages={2973--2980},
  year={2012},
  organization={IEEE}
}

@article{Wu:2017:Captioning1,
  title={Image captioning and visual question answering based on attributes and external knowledge},
  author={Wu, Qi and Shen, Chunhua and Wang, Peng and Dick, Anthony and Van Den Hengel, Anton},
  journal={IEEE transactions on pattern analysis and machine intelligence},
  volume={40},
  number={6},
  pages={1367--1381},
  year={2017},
  publisher={IEEE}
}

@inproceedings{Xu:2015:Captioning,
  title={Show, attend and tell: Neural image caption generation with visual attention},
  author={Xu, Kelvin and Ba, Jimmy and Kiros, Ryan and Cho, Kyunghyun and Courville, Aaron and Salakhudinov, Ruslan and Zemel, Rich and Bengio, Yoshua},
  booktitle={International conference on machine learning},
  pages={2048--2057},
  year={2015},
  organization={PMLR}
}

@article{Hossain:2019:Captioning2,
author = {Hossain, MD. Zakir and Sohel, Ferdous and Shiratuddin, Mohd Fairuz and Laga, Hamid},
title = {A Comprehensive Survey of Deep Learning for Image Captioning},
year = {2019},
issue_date = {November 2019},
publisher = {Association for Computing Machinery},
address = {New York, NY, USA},
volume = {51},
number = {6},
journal = {ACM Comput. Surv.},
month = {feb},
articleno = {118},
numpages = {36},
keywords = {CNN, natural language processing, computer vision, Image captioning, deep learning, LSTM}
}

@inproceedings{Reed:2016:Generative,
  title={Generative adversarial text to image synthesis},
  author={Reed, Scott and Akata, Zeynep and Yan, Xinchen and Logeswaran, Lajanugen and Schiele, Bernt and Lee, Honglak},
  booktitle={International Conference on Machine Learning},
  pages={1060--1069},
  year={2016},
  organization={PMLR}
}

% Long form of conference & journal abbreviations -- especially for camera ready
@String(PAMI  = {IEEE Trans. Pattern Anal. Mach. Intell.})
@String(IJCV  = {Int. J. Comput. Vis.})
@String(CVPR  = {IEEE Conf. Comput. Vis. Pattern Recog.})
@String(ICCV  = {Int. Conf. Comput. Vis.})
@String(ECCV  = {Eur. Conf. Comput. Vis.})
@String(NeurIPS = {Adv. Neural Inform. Process. Syst.})
@String(ICML  = {Int. Conf. Mach. Learn.})
@String(ICLR  = {Int. Conf. Learn. Represent.})
@String(ACCV  = {Asian Conf. Comput. Vis.})
@String(BMVC  = {Brit. Mach. Vis. Conf.})
@String(CVPRW = {IEEE Conf. Comput. Vis. Pattern Recog. Worksh.})
@String(AAAI  = {AAAI})
@String(IJCAI = {IJCAI})
@String(ICIP  = {IEEE Int. Conf. Image Process.})
@String(ICPR  = {Int. Conf. Pattern Recog.})
@String(ICASSP=	{ICASSP})
@String(ICME  = {Int. Conf. Multimedia and Expo})
@String(JMLR  = {J. Mach. Learn. Res.})
@String(TMLR  = {Trans. Mach. Learn Res.})
@String(TOG   = {ACM Trans. Graph.})
@String(TIP   = {IEEE Trans. Image Process.})
@String(TVCG  = {IEEE Trans. Vis. Comput. Graph.})
@String(TCSVT = {IEEE Trans. Circuit Syst. Video Technol.})
@String(TMM   = {IEEE Trans. Multimedia})
@String(ACMMM = {ACM Int. Conf. Multimedia})
@String(PR    = {Pattern Recognition})

@String(MNI	  = {Nature Mach. Intell.})
@String(SPL	  = {IEEE Sign. Process. Letters})
@String(VR    = {Vis. Res.})
@String(JOV	  = {J. Vis.})
@String(TVC   = {The Vis. Comput.})
@String(JCST  = {J. Comput. Sci. Tech.})
@String(CGF   = {Comput. Graph. Forum})
@String(CVM   = {Computational Visual Media})


% Short form of conference & journal abbreviations -- especially for submission version
% if desired, remove these macros in favor of the above ones
@String(PAMI  = {IEEE TPAMI})
@String(IJCV  = {IJCV})
@String(CVPR  = {CVPR})
@String(ICCV  = {ICCV})
@String(ECCV  = {ECCV})
@String(NeurIPS = {NeurIPS})
@String(ICML  = {ICML})
@String(ICLR  = {ICLR})
@String(ACCV  = {ACCV})
@String(BMVC  =	{BMVC})
@String(CVPRW = {CVPRW})
@String(AAAI  = {AAAI})
@String(IJCAI = {IJCAI})
@String(ICIP  = {ICIP})
@String(ICPR  = {ICPR})
@String(ICASSP=	{ICASSP})
@String(ICME  =	{ICME})
@String(JMLR  = {JMLR})
@String(TMLR  = {TMLR})
@String(TOG   = {ACM TOG})
@String(TIP   = {IEEE TIP})
@String(TVCG  = {IEEE TVCG})
@String(TCSVT = {IEEE TCSVT})
@String(TMM   =	{IEEE TMM})
@String(ACMMM = {ACM MM})
@String(PR    = {PR})



@article{gunasekar:2023:phi,
  title={Textbooks Are All You Need},
  author={Gunasekar, Suriya and Zhang, Yi and Aneja, Jyoti and others},
  journal={arXiv preprint arXiv:2306.11644},
  year={2023}
}

@inproceedings{parmar:2023:pix2pix-zero,
  title={Zero-shot image-to-image translation},
  author={Parmar, Gaurav and Kumar Singh, Krishna and Zhang, Richard and others},
  booktitle={ACM SIGGRAPH 2023 Conference Proceedings},
  pages={1--11},
  year={2023}
}

@inproceedings{rombach:2022:stable_diffusion,
  title={High-resolution image synthesis with latent diffusion models},
  author={Rombach, Robin and Blattmann, Andreas and Lorenz, Dominik and others},
  booktitle={Proceedings of the IEEE/CVF Conference on Computer Vision and Pattern Recognition},
  pages={10684--10695},
  year={2022}
}

@article{zhang:2024:magicbrush,
  title={{MAGICBRUSH}: A manually annotated dataset for instruction-guided image editing},
  author={Zhang, Kai and Mo, Lingbo and Chen, Wenhu and others},
  journal={Advances in Neural Information Processing Systems},
  volume={36},
  year={2024}
}

@inproceedings{xu2017attngan,
author = {Xu, Tao and Zhang, Pengchuan and Huang, Qiuyuan and others},
year = {2017},
month = {11},
pages = {},
title = {{AttnGAN}: Fine-Grained Text to Image Generation with Attentional Generative Adversarial Networks}
}

@article{Zhu2019DMGANDM,
  title={{DM-GAN}: Dynamic Memory Generative Adversarial Networks for Text-To-Image Synthesis},
  author={Minfeng Zhu and Pingbo Pan and Wei Chen and Yi Yang},
  journal={2019 IEEE/CVF Conference on Computer Vision and Pattern Recognition (CVPR)},
  year={2019},
  pages={5795-5803}
}

@article{tao2021dfgan,
      title={{DF-GAN}: Deep Fusion Generative Adversarial Networks for Text-to-Image Synthesis}, 
      author={Ming Tao and Hao Tang and Songsong Wu and others},
      year={2021},
      journal={arXiv preprint arXiv:2008.05865},
      archivePrefix={arXiv},
      primaryClass={cs.CV}
}

@inproceedings{El:2019:TDR,
  title={Tell, draw, and repeat: Generating and modifying images based on continual linguistic instruction},
  author={El-Nouby, Alaaeldin and Sharma, Shikhar and Schulz, Hannes and Hjelm, Devon and Asri, Layla El and Kahou, Samira Ebrahimi and Bengio, Yoshua and Taylor, Graham W},
  booktitle={Proceedings of the IEEE/CVF International Conference on Computer Vision},
  pages={10304--10312},
  year={2019}
}

@inproceedings{Zhang:2021:landscape,
  title={Text as neural operator: Image manipulation by text instruction},
  author={Zhang, Tianhao and Tseng, Hung-Yu and Jiang, Lu and Yang, Weilong and Lee, Honglak and Essa, Irfan},
  booktitle={Proceedings of the 29th ACM International Conference on Multimedia},
  pages={1893--1902},
  year={2021}
}

@inproceedings{Cheng:2020:IIE,
  title={Sequential attention {GAN} for interactive image editing},
  author={Cheng, Yu and Gan, Zhe and Li, Yitong and others},
  booktitle={Proceedings of the 28th ACM International Conference on Multimedia},
  pages={4383--4391},
  year={2020}
}

@article{Galatolo:2021:CLIPGLASS,
  title={Generating images from caption and vice versa via {CLIP}-Guided Generative Latent Space Search},
  author={Galatolo, Federico A and Cimino, Mario GCA and Vaglini, Gigliola},
  journal={arXiv preprint arXiv:2102.01645},
  year={2021}
}

@inproceedings{Esser:2021:VQ-GAN,
  title={Taming transformers for high-resolution image synthesis},
  author={Esser, Patrick and Rombach, Robin and Ommer, Bjorn},
  booktitle={Proceedings of the IEEE/CVF Conference on Computer Vision and Pattern Recognition},
  pages={12873--12883},
  year={2021}
}

@inproceedings{Guo:2018:shoesdataset,
  title={Dialog-based interactive image retrieval},
  author={Guo, Xiaoxiao and Wu, Hui and Cheng, Yu and others},
  booktitle={Proceedings of the 32nd International Conference on Neural Information Processing Systems},
  pages={676--686},
  year={2018}
}

@article{Wang:2004:SSIM,
  title={Image quality assessment: from error visibility to structural similarity},
  author={Wang, Zhou and Bovik, Alan C and Sheikh, Hamid R and Simoncelli, Eero P},
  journal={IEEE transactions on image processing},
  volume={13},
  number={4},
  pages={600--612},
  year={2004},
  publisher={IEEE}
}

@article{Jiang:2021:TransGAN,
  title={{TransGAN}: Two transformers can make one strong {GAN}},
  author={Jiang, Yifan and Chang, Shiyu and Wang, Zhangyang},
  year={2021}
}

@inproceedings{Jiang:2021:LangGlobalEdit,
  title={Language-guided global image editing via cross-modal cyclic mechanism},
  author={Jiang, Wentao and Xu, Ning and Wang, Jiayun and others},
  booktitle={Proceedings of the IEEE/CVF International Conference on Computer Vision},
  pages={2115--2124},
  year={2021}
}

@article{Zhuang:2021:EditingLatentSpace,
  title={Enjoy your editing: Controllable {GANs} for image editing via latent space navigation},
  author={Zhuang, Peiye and Koyejo, Oluwasanmi and Schwing, Alexander G},
  journal={arXiv preprint arXiv:2102.01187},
  year={2021}
}

@inproceedings{Zhu:2020:GANInversionEdit,
  title={In-domain {GAN} inversion for real image editing},
  author={Zhu, Jiapeng and Shen, Yujun and Zhao, Deli and Zhou, Bolei},
  booktitle={European conference on computer vision},
  pages={592--608},
  year={2020},
  organization={Springer}
}

@article{wu:2021:NUWA,
  title={{N\"UWA}: Visual Synthesis Pre-training for Neural visUal World creAtion},
  author={Wu, Chenfei and Liang, Jian and Ji, Lei and others},
  journal={arXiv preprint arXiv:2111.12417},
  year={2021}
}


@inproceedings{Banerjee:2005:METEOR,
  title={{METEOR}: An automatic metric for {MT} evaluation with improved correlation with human judgments},
  author={Banerjee, Satanjeev and Lavie, Alon},
  booktitle={Proceedings of the ACL workshop on intrinsic and extrinsic evaluation measures for machine translation and/or summarization},
  pages={65--72},
  year={2005}
}

@article{Kingma:2013:VAE,
  title={Auto-encoding variational {Bayes}},
  author={Kingma, Diederik P and Welling, Max},
  journal={arXiv preprint arXiv:1312.6114},
  year={2013}
}

@article{Xia:2022:GANInversion,
      title={{GAN} Inversion: A Survey}, 
      author={Weihao Xia and Yulun Zhang and Yujiu Yang and Jing-Hao Xue and Bolei Zhou and Ming-Hsuan Yang},
      year={2022},
      journal={arXiv preprint arXiv:2101.05278},
      archivePrefix={arXiv},
      primaryClass={cs.CV}
}

@article{Abdal:2020:StyleGAN++,
      title={{Image2StyleGAN++}: How to Edit the Embedded Images?}, 
      author={Rameen Abdal and Yipeng Qin and Peter Wonka},
      year={2020},
      journal={arXiv preprint arXiv:1911.11544},
      archivePrefix={arXiv},
      primaryClass={cs.CV}
}

@article{Ho:2022:ClassifierFree,
      title={Classifier-Free Diffusion Guidance}, 
      author={Jonathan Ho and Tim Salimans},
      year={2022},
      journal={arXiv preprint arXiv:2207.12598},
      archivePrefix={arXiv},
      primaryClass={cs.LG}
}

@inproceedings{El-nouby:2019:tell,
  title={Tell, draw, and repeat: Generating and modifying images based on continual linguistic instruction},
  author={El-Nouby, Alaaeldin and Sharma, Shikhar and Schulz, Hannes and Hjelm, Devon and Asri, Layla El and Kahou, Samira Ebrahimi and Bengio, Yoshua and Taylor, Graham W},
  booktitle={Proceedings of the IEEE/CVF International Conference on Computer Vision},
  pages={10304--10312},
  year={2019}
}

@inproceedings{Cheng:2020:sequential,
  title={Sequential attention {GAN} for interactive image editing},
  author={Cheng, Yu and Gan, Zhe and Li, Yitong and Liu, Jingjing and Gao, Jianfeng},
  booktitle={Proceedings of the 28th ACM international conference on multimedia},
  pages={4383--4391},
  year={2020}
}

@inproceedings{Jiang:2021:language,
  title={Language-guided global image editing via cross-modal cyclic mechanism},
  author={Jiang, Wentao and Xu, Ning and Wang, Jiayun and Gao, Chen and Shi, Jing and Lin, Zhe and Liu, Si},
  booktitle={Proceedings of the IEEE/CVF International Conference on Computer Vision},
  pages={2115--2124},
  year={2021}
}

@article{Bermano:2022:StyleGANInversion,
      title={State-of-the-Art in the Architecture, Methods and Applications of {StyleGAN}}, 
      author={Amit H. Bermano and Rinon Gal and Yuval Alaluf and Ron Mokady and Yotam Nitzan and Omer Tov and Or Patashnik and Daniel Cohen-Or},
      year={2022},
      journal={arXiv preprint arXiv:2202.14020},
      archivePrefix={arXiv},
      primaryClass={cs.CV}
}


@article{Saharia:2022:Imagen,
  title={Photorealistic text-to-image diffusion models with deep language understanding},
  author={Saharia, Chitwan and Chan, William and Saxena, Saurabh and Li, Lala and Whang, Jay and Denton, Emily L and Ghasemipour, Kamyar and Gontijo Lopes, Raphael and Karagol Ayan, Burcu and Salimans, Tim and others},
  journal={Advances in neural information processing systems},
  volume={35},
  pages={36479--36494},
  year={2022}
}

@article{Mesnard:2024:Gemma,
  title={Gemma: Open models based on gemini research and technology},
  author={Mesnard, Thomas and Hardin, Cassidy and Dadashi, Robert and Bhupatiraju, Surya and Pathak, Shreya and Sifre, Laurent and Rivi{\`e}re, Morgane and Kale, Mihir Sanjay and Love, Juliette and others},
  journal={arXiv preprint arXiv:2403.08295},
  year={2024}
}

@article{hochreiter:1997:LSTM,
  title={Long short-term memory},
  author={Hochreiter, Sepp and Schmidhuber, J{\"u}rgen},
  journal={Neural computation},
  volume={9},
  number={8},
  pages={1735--1780},
  year={1997},
  publisher={MIT press}
}




@inproceedings{Bisk:2020:Grounding,
  title={Experience Grounds Language},
  author={Bisk, Yonatan and Holtzman, Ari and Thomason, Jesse and Andreas, Jacob and Bengio, Yoshua and Chai, Joyce and Lapata, Mirella and Lazaridou, Angeliki and May, Jonathan and Nisnevich, Aleksandr and others},
  booktitle={Proceedings of the 2020 Conference on Empirical Methods in Natural Language Processing (EMNLP)},
  pages={8718--8735},
  year={2020}
}

@incollection{Yu:2017:relative1,
  title={Fine-grained comparisons with attributes},
  author={Yu, Aron and Grauman, Kristen},
  booktitle={Visual Attributes},
  pages={119--154},
  year={2017},
  publisher={Springer}
}

@inproceedings{Kovashka:2012:relative2,
  title={Whittlesearch: Image search with relative attribute feedback},
  author={Kovashka, Adriana and Parikh, Devi and Grauman, Kristen},
  booktitle={2012 IEEE Conference on Computer Vision and Pattern Recognition},
  pages={2973--2980},
  year={2012},
  organization={IEEE}
}

@article{Wu:2017:Captioning1,
  title={Image captioning and visual question answering based on attributes and external knowledge},
  author={Wu, Qi and Shen, Chunhua and Wang, Peng and others},
  journal={IEEE Transactions on Pattern Analysis and Machine Intelligence},
  volume={40},
  number={6},
  pages={1367--1381},
  year={2017},
  publisher={IEEE}
}

@inproceedings{Xu:2015:Captioning,
  title={Show, attend and tell: Neural image caption generation with visual attention},
  author={Xu, Kelvin and Ba, Jimmy and Kiros, Ryan and others},
  booktitle={International Conference on Machine Learning},
  pages={2048--2057},
  year={2015},
  organization={PMLR}
}

@article{Hossain:2019:Captioning2,
author = {Hossain, MD. Zakir and Sohel, Ferdous and Shiratuddin, Mohd Fairuz and Laga, Hamid},
title = {A Comprehensive Survey of Deep Learning for Image Captioning},
year = {2019},
issue_date = {November 2019},
publisher = {Association for Computing Machinery},
address = {New York, NY, USA},
volume = {51},
number = {6},
journal = {ACM Comput. Surv.},
month = {feb},
articleno = {118},
numpages = {36},
keywords = {CNN, natural language processing, computer vision, Image captioning, deep learning, LSTM}
}

@inproceedings{Reed:2016:Generative,
  title={Generative adversarial text to image synthesis},
  author={Reed, Scott and Akata, Zeynep and Yan, Xinchen and others},
  booktitle={International Conference on Machine Learning},
  pages={1060--1069},
  year={2016},
  organization={PMLR}
}

@article{hertz:2022:prompt2prompt,
  title={{Prompt-to-Prompt} image editing with cross attention control},
  author={Hertz, Amir and Mokady, Ron and Tenenbaum, Jay and others},
  journal={arXiv preprint arXiv:2208.01626},
  year={2022}
}

@inproceedings{brooks:2023:instructpix2pix,
  title={{InstructPix2Pix}: Learning to follow image editing instructions},
  author={Brooks, Tim and Holynski, Aleksander and Efros, Alexei A},
  booktitle={Proceedings of the IEEE/CVF Conference on Computer Vision and Pattern Recognition},
  pages={18392--18402},
  year={2023}
}

@article{zhang:2023:hive,
  title={{HIVE}: Harnessing Human Feedback for Instructional Visual Editing},
  author={Zhang, Shu and Yang, Xinyi and Feng, Yihao and others},
  journal={arXiv preprint arXiv:2303.09618},
  year={2023}
}

@article{song:2020:DDIM,
  title={Denoising diffusion implicit models},
  author={Song, Jiaming and Meng, Chenlin and Ermon, Stefano},
  journal={arXiv preprint arXiv:2010.02502},
  year={2020}
}

@inproceedings{mokady:2023:nullinversion,
  title={Null-text inversion for editing real images using guided diffusion models},
  author={Mokady, Ron and Hertz, Amir and Aberman, Kfir and others},
  booktitle={Proceedings of the IEEE/CVF Conference on Computer Vision and Pattern Recognition},
  pages={6038--6047},
  year={2023}
}

@inproceedings{li:2022:blip,
  title={{BLIP}: Bootstrapping language-image pre-training for unified vision-language understanding and generation},
  author={Li, Junnan and Li, Dongxu and Xiong, Caiming and Hoi, Steven},
  booktitle={International Conference on Machine Learning},
  pages={12888--12900},
  year={2022},
  organization={PMLR}
}

@article{sutskever2014sequence,
  title={Sequence to sequence learning with neural networks},
  author={Sutskever, Ilya and Vinyals, Oriol and Le, Quoc V},
  journal={Advances in Neural Information Processing Systems},
  volume={27},
  year={2014}
}

@article{bahdanau:2014:attention,
  title={Neural machine translation by jointly learning to align and translate},
  author={Bahdanau, Dzmitry and Cho, Kyunghyun and Bengio, Yoshua},
  journal={arXiv preprint arXiv:1409.0473},
  year={2014}
}

@inproceedings{lin:2014:coco,
  title={Microsoft {COCO}: Common objects in context},
  author={Lin, Tsung-Yi and Maire, Michael and Belongie, Serge and others},
  booktitle={Proceedings of ECCV 2014: 13th European Conference on Computer Vision},
  pages={740--755},
  year={2014},
  organization={Springer}
}

@article{yang:2023:llm_optimizers,
  title={Large language models as optimizers},
  author={Yang, Chengrun and Wang, Xuezhi and Lu, Yifeng and others},
  journal={arXiv preprint arXiv:2309.03409},
  year={2023}
}

@article{Almazrouei:2023:falcon,
  title={The {Falcon} Series of Language Models: Towards Open Frontier Models},
  author={Almazrouei, Ebtesam and Alobeidli, Hamza and Alshamsi, Abdulaziz and others},
  year={2023}
}

@article{touvron:2023:llama2,
  title={{LLaMA~2}: Open foundation and fine-tuned chat models},
  author={Touvron, Hugo and Martin, Louis and Stone, Kevin and others},
  journal={arXiv preprint arXiv:2307.09288},
  year={2023}
}

@article{jiang:2023:mistral,
      title={Mistral {7B}}, 
      author={Albert Q. Jiang and Alexandre Sablayrolles and Arthur Mensch and others},
      year={2023},
      journal={arXiv preprint arXiv:2310.06825},
      archivePrefix={arXiv},
      primaryClass={cs.CL}
}

@article{openai:2024:gpt4,
      title={{GPT-4} Technical Report}, 
      author={OpenAI},
    ALTauthor={OpenAI and Josh Achiam and Steven Adler and Sandhini Agarwal and Lama Ahmad and Ilge Akkaya and Florencia Leoni Aleman and Diogo Almeida and Janko Altenschmidt and Sam Altman and others},
      year={2024},
      journal={arXiv preprint arXiv:2303.08774},
      archivePrefix={arXiv},
      primaryClass={cs.CL}
}
@article{srivastava2023beyond,
  title={Beyond the Imitation Game: Quantifying and extrapolating the capabilities of language models},
  author={Aarohi Srivastava and Abhinav Rastogi and others},
  journal={Transactions on Machine Learning Research},
  issn={2835-8856},
  year={2023},
  note={},
}

@inproceedings{lester2021power,
  title={The Power of Scale for Parameter-Efficient Prompt Tuning},
  author={Lester, Brian and Al-Rfou, Rami and Constant, Noah},
  booktitle={Proceedings of the 2021 Conference on Empirical Methods in Natural Language Processing},
  pages={3045--3059},
  year={2021}
}
@article{wei2022chain,
  title={Chain-of-thought prompting elicits reasoning in large language models},
  author={Wei, Jason and Wang, Xuezhi and Schuurmans, Dale and Bosma, Maarten and Xia, Fei and Chi, Ed and Le, Quoc V and Zhou, Denny and others},
  journal={Advances in neural information processing systems},
  volume={35},
  pages={24824--24837},
  year={2022}
}

@article{yao2024tree,
  title={Tree of thoughts: Deliberate problem solving with large language models},
  author={Yao, Shunyu and Yu, Dian and Zhao, Jeffrey and Shafran, Izhak and Griffiths, Tom and Cao, Yuan and Narasimhan, Karthik},
  journal={Advances in Neural Information Processing Systems},
  volume={36},
  year={2024}
}

@inproceedings{zhou2022large,
  title={Large Language Models are Human-Level Prompt Engineers},
  author={Zhou, Yongchao and Muresanu, Andrei Ioan and Han, Ziwen and Paster, Keiran and Pitis, Silviu and Chan, Harris and Ba, Jimmy},
  booktitle={Proceedings of The Eleventh International Conference on Learning Representations},
  year={2022}
}

@inproceedings{prasad2023grips,
  title={GrIPS: Gradient-free, Edit-based Instruction Search for Prompting Large Language Models},
  author={Prasad, Archiki and Hase, Peter and Zhou, Xiang and Bansal, Mohit},
  booktitle={Proceedings of the 17th Conference of the European Chapter of the Association for Computational Linguistics},
  pages={3845--3864},
  year={2023}
}
@article{guo2023connecting,
  title={Connecting large language models with evolutionary algorithms yields powerful prompt optimizers},
  author={Guo, Qingyan and Wang, Rui and Guo, Junliang and Li, Bei and Song, Kaitao and Tan, Xu and Liu, Guoqing and Bian, Jiang and Yang, Yujiu},
  journal={arXiv preprint arXiv:2309.08532},
  year={2023}
}
@article{yang2023large,
  title={Large language models as optimizers},
  author={Yang, Chengrun and Wang, Xuezhi and Lu, Yifeng and Liu, Hanxiao and Le, Quoc V and Zhou, Denny and Chen, Xinyun},
  journal={arXiv preprint arXiv:2309.03409},
  year={2023}
}

@misc{llama3modelcard,
title={Llama 3 Model Card},
author={AI@Meta},
year={2024},
url = {https://github.com/meta-llama/llama3/blob/main/MODEL_CARD.md}
}

@article{kong2024prewrite,
  title={PRewrite: Prompt Rewriting with Reinforcement Learning},
  author={Kong, Weize and Amba Hombaiah, Spurthi and Zhang, Mingyang and Mei, Qiaozhu and Bendersky, Michael},
  journal={arXiv e-prints},
  pages={arXiv--2401},
  year={2024}
}

@article{fu:2023:MGIE,
  title={Guiding instruction-based image editing via multimodal large language models},
  author={Fu, Tsu-Jui and Hu, Wenze and Du, Xianzhi and Wang, William Yang and Yang, Yinfei and Gan, Zhe},
  journal={arXiv preprint arXiv:2309.17102},
  year={2023}
}

@inproceedings{li:2024:zone,
  title={Zone: Zero-shot instruction-guided local editing},
  author={Li, Shanglin and Zeng, Bohan and Feng, Yutang and Gao, Sicheng and Liu, Xiuhui and Liu, Jiaming and Li, Lin and Tang, Xu and Hu, Yao and Liu, Jianzhuang and others},
  booktitle={Proceedings of the IEEE/CVF Conference on Computer Vision and Pattern Recognition},
  pages={6254--6263},
  year={2024}
}

@inproceedings{sheynin:2024:emu,
  title={Emu edit: Precise image editing via recognition and generation tasks},
  author={Sheynin, Shelly and Polyak, Adam and Singer, Uriel and Kirstain, Yuval and Zohar, Amit and Ashual, Oron and Parikh, Devi and Taigman, Yaniv},
  booktitle={Proceedings of the IEEE/CVF Conference on Computer Vision and Pattern Recognition},
  pages={8871--8879},
  year={2024}
}

@article{ge:2024:seed-data,
  title={SEED-Data-Edit Technical Report: A Hybrid Dataset for Instructional Image Editing},
  author={Ge, Yuying and Zhao, Sijie and Li, Chen and Ge, Yixiao and Shan, Ying},
  journal={arXiv preprint arXiv:2405.04007},
  year={2024}
}

@article{hui:2024:hq-data,
  title={Hq-edit: A high-quality dataset for instruction-based image editing},
  author={Hui, Mude and Yang, Siwei and Zhao, Bingchen and Shi, Yichun and Wang, Heng and Wang, Peng and Zhou, Yuyin and Xie, Cihang},
  journal={arXiv preprint arXiv:2404.09990},
  year={2024}
}

@article{wasserman:2024:inpaint,
  title={Paint by Inpaint: Learning to Add Image Objects by Removing Them First},
  author={Wasserman, Navve and Rotstein, Noam and Ganz, Roy and Kimmel, Ron},
  journal={arXiv preprint arXiv:2404.18212},
  year={2024}
}

@inproceedings{kirillov:2023:sam,
  title={Segment anything},
  author={Kirillov, Alexander and Mintun, Eric and Ravi, Nikhila and Mao, Hanzi and Rolland, Chloe and Gustafson, Laura and Xiao, Tete and Whitehead, Spencer and Berg, Alexander C and Lo, Wan-Yen and others},
  booktitle={Proceedings of the IEEE/CVF International Conference on Computer Vision},
  pages={4015--4026},
  year={2023}
}

@InProceedings{santos:2024:leveragingLLMs,
author="Santos, Rodrigo
and Silva, Jo{\~a}o
and Branco, Ant{\'o}nio",
title="Leveraging LLMs for On-the-Fly Instruction Guided Image Editing",
booktitle="Progress in Artificial Intelligence (EPIA)",
year="2024",
pages="28--40",
}

@inproceedings{santos:2022:languageDriven,
  title={Language Driven Image Editing via Transformers},
  author={Santos, Rodrigo and Branco, Ant{\'o}nio and Silva, Jo{\~a}o},
  booktitle={2022 IEEE 34th International Conference on Tools with Artificial Intelligence (ICTAI)},
  pages={909--914},
  year={2022},
  organization={IEEE}
}

@inproceedings{santos:2022:lxdrim,
  title={Cost-Effective Language Driven Image Editing with LX-DRIM},
  author={Santos, Rodrigo and Branco, Ant{\'o}nio and Silva, Jo{\~a}o},
  booktitle={Proceedings of the First Workshop on Performance and Interpretability Evaluations of Multimodal, Multipurpose, Massive-Scale Models},
  pages={31--43},
  year={2022}
}