@ARTICLE{10555193,
  author={Xu, Bingrong and Yin, Jianhua and Lian, Cheng and Su, Yixin and Zeng, Zhigang},
  journal={IEEE/CAA Journal of Automatica Sinica}, 
  title={Low-Rank Optimal Transport for Robust Domain Adaptation}, 
  year={2024},
  volume={11},
  number={7},
  pages={1667-1680},
  keywords={Training;Adaptation models;Noise;Robustness;Convex functions;Noise measurement;Convergence;Domain adaptation;low-rank constraint;noise corruption;optimal transport},
  doi={10.1109/JAS.2024.124344}}

@ARTICLE{9733175,
  author={Xu, Bingrong and Zeng, Zhigang and Lian, Cheng and Ding, Zhengming},
  journal=TIP, 
  title={Few-Shot Domain Adaptation via Mixup Optimal Transport}, 
  year={2022},
  volume={31},
  number={},
  pages={2518-2528},
  keywords={Adaptation models;Training;Numerical models;Couplings;Feature extraction;Deep learning;Automation;Few-shot learning;domain adaptation;optimal transport;data augmentation},
  doi={10.1109/TIP.2022.3157139}}

@article{dosovitskiy2020image,
  title={An image is worth 16x16 words: Transformers for image recognition at scale},
  author={Dosovitskiy, Alexey and Beyer, Lucas and Kolesnikov, Alexander and Weissenborn, Dirk and Zhai, Xiaohua and Unterthiner, Thomas and Dehghani, Mostafa and Minderer, Matthias and Heigold, Georg and Gelly, Sylvain and others},
  journal=ICLR,
  year={2021}
}

@inproceedings{hong2021fine,
  title={Fine-grained shape-appearance mutual learning for cloth-changing person re-identification},
  author={Hong, Peixian and Wu, Tao and Wu, Ancong and Han, Xintong and Zheng, Wei-Shi},
  booktitle=CVPR,
  pages={10513--10522},
  year={2021}
}

@inproceedings{jia2021scaling,
  title={Scaling up visual and vision-language representation learning with noisy text supervision},
  author={Jia, Chao and Yang, Yinfei and Xia, Ye and Chen, Yi-Ting and Parekh, Zarana and Pham, Hieu and Le, Quoc and Sung, Yun-Hsuan and Li, Zhen and Duerig, Tom},
  booktitle=ICML,
  pages={4904--4916},
  year={2021},
}

@article{li2021align,
  title={Align before fuse: Vision and language representation learning with momentum distillation},
  author={Li, Junnan and Selvaraju, Ramprasaath and Gotmare, Akhilesh and Joty, Shafiq and Xiong, Caiming and Hoi, Steven Chu Hong},
  journal=NIPS,
  volume={34},
  pages={9694--9705},
  year={2021}
}

@article{li2022attribute,
  title={Attribute and state guided structural embedding network for vehicle re-identification},
  author={Li, Hongchao and Li, Chenglong and Zheng, Aihua and Tang, Jin and Luo, Bin},
  journal=TIP,
  volume={31},
  pages={5949--5962},
  year={2022},
  publisher={IEEE}
}

@inproceedings{li2022blip,
  title={Blip: Bootstrapping language-image pre-training for unified vision-language understanding and generation},
  author={Li, Junnan and Li, Dongxu and Xiong, Caiming and Hoi, Steven},
  booktitle=ICML,
  pages={12888--12900},
  year={2022},
  organization={PMLR}
}

@inproceedings{li2023clip,
  title={{CLIP-ReID}: exploiting vision-language model for image re-identification without concrete text labels},
  author={Li, Siyuan and Sun, Li and Li, Qingli},
  booktitle=AAAI,
  volume={37},
  number={1},
  pages={1405--1413},
  year={2023}
}

@article{lin2019improving,
  title={Improving person re-identification by attribute and identity learning},
  author={Lin, Yutian and Zheng, Liang and Zheng, Zhedong and Wu, Yu and Hu, Zhilan and Yan, Chenggang and Yang, Yi},
  journal=PR,
  volume={95},
  pages={151--161},
  year={2019},
  publisher={Elsevier}
}

@article{lin2023exploring,
  title={Exploring part-informed visual-language learning for person re-identification},
  author={Lin, Yin and Liu, Cong and Chen, Yehansen and Hu, Jinshui and Yin, Bing and Yin, Baocai and Wang, Zengfu},
  journal={arXiv preprint arXiv:2308.02738},
  year={2023}
}

@article{quispe2021attributenet,
  title={Attributenet: Attribute enhanced vehicle re-identification},
  author={Quispe, Rodolfo and Lan, Cuiling and Zeng, Wenjun and Pedrini, Helio},
  journal={Neurocomputing},
  volume={465},
  pages={84--92},
  year={2021},
  publisher={Elsevier}
}

@inproceedings{radford2021learning,
  title={Learning transferable visual models from natural language supervision},
  author={Radford, Alec and Kim, Jong Wook and Hallacy, Chris and Ramesh, Aditya and Goh, Gabriel and Agarwal, Sandhini and Sastry, Girish and Askell, Amanda and Mishkin, Pamela and Clark, Jack and others},
  booktitle=ICML,
  pages={8748--8763},
  year={2021},
}

@inproceedings{rao2021counterfactual,
  title={Counterfactual attention learning for fine-grained visual categorization and re-identification},
  author={Rao, Yongming and Chen, Guangyi and Lu, Jiwen and Zhou, Jie},
  booktitle=ICCV,
  pages={1025--1034},
  year={2021}
}

@article{vaswani2017attention,
  title={Attention is all you need},
  author={Vaswani, Ashish and Shazeer, Noam and Parmar, Niki and Uszkoreit, Jakob and Jones, Llion and Gomez, Aidan N and Kaiser, {\L}ukasz and Polosukhin, Illia},
  journal=NIPS,
  volume={30},
  year={2017}
}

@inproceedings{wu2023tinyclip,
  title={{TinyCLIP}: CLIP Distillation via Affinity Mimicking and Weight Inheritance},
  author={Wu, Kan and Peng, Houwen and Zhou, Zhenghong and Xiao, Bin and Liu, Mengchen and Yuan, Lu and Xuan, Hong and Valenzuela, Michael and Chen, Xi Stephen and Wang, Xinggang and others},
  booktitle=ICCV,
  pages={21970--21980},
  year={2023}
}

@article{yan2023clip,
  author={Yan, Shuanglin and Dong, Neng and Zhang, Liyan and Tang, Jinhui},
  journal=TIP, 
  title={CLIP-Driven Fine-Grained Text-Image Person Re-Identification}, 
  year={2023},
  volume={32},
  number={},
  pages={6032-6046},

}

@article{yin2020fine,
  title={Fine-grained person re-identification},
  author={Yin, Jiahang and Wu, Ancong and Zheng, Wei-Shi},
  journal=IJCV,
  volume={128},
  pages={1654--1672},
  year={2020},
  publisher={Springer}
}

@article{yin2023efficient,
  title={Efficient reliability-based path planning of off-road autonomous ground vehicles through the coupling of surrogate modeling and RRT},
  author={Yin, Jianhua and Hu, Zhen and Mourelatos, Zissimos P and Gorsich, David and Singh, Amandeep and Tau, Seth},
  journal=TITS,
  year={2023},
  publisher={IEEE}
}

@article{yu2022multi,
  title={Multi-attribute adaptive aggregation transformer for vehicle re-identification},
  author={Yu, Zhi and Pei, Jiaming and Zhu, Mingpeng and Zhang, Jiwei and Li, Jinhai},
  journal={Information Processing \& Management},
  volume={59},
  number={2},
  pages={102868},
  year={2022},
  publisher={Elsevier}
}

@article{yu2023semantic,
  title={Semantic-Oriented Feature Coupling Transformer for Vehicle Re-Identification in Intelligent Transportation System},
  author={Yu, Zhi and Huang, Zhiyong and Pei, Jiaming and Tahsin, Lamia and Sun, Daming},
  journal=TITS,
  year={2024},
  volume={25},
  number={3},
  pages={2803-2813}
}

@inproceedings{zhang2022graph,
  title={Graph-Based Structural Attributes for Vehicle Re-Identification},
  author={Zhang, Rongbo and Zhong, Xian and Wang, Xiao and Huang, Wenxin and Liu, Wenxuan and Zhao, Shilei},
  booktitle={Proc. {IEEE} Int. Conf. Multimedia Expo.},
  pages={1-6},
  year={2022},
}

@article{zhou2022learning,
  title={Learning to prompt for vision-language models},
  author={Zhou, Kaiyang and Yang, Jingkang and Loy, Chen Change and Liu, Ziwei},
  journal=IJCV,
  volume={130},
  number={9},
  pages={2337--2348},
  year={2022},
  publisher={Springer}
}

@inproceedings{zhu2022dual,
  title={Dual cross-attention learning for fine-grained visual categorization and object re-identification},
  author={Zhu, Haowei and Ke, Wenjing and Li, Dong and Liu, Ji and Tian, Lu and Shan, Yi},
  booktitle=CVPR,
  pages={4692--4702},
  year={2022}
}

