@string{ACCV = "{Proc. Asian Conf. Comp. Vis.}"}

@string{CVPR = "{Proc. IEEE Conf. Comp. Vis. Patt. Recogn.}"}

@string{ECCV = "{Proc. Eur. Conf. Comp. Vis.}"}

@string{WACV = "{Proc. Winter Conf. Applications of Comp. Vis.}"}

@string{BMVC = "{Proc. British Machine Vis. Conf.}"}

@STRING{TITS = "{IEEE} Trans. Intell. Transp. Syst."}

@string{ITSC = "Proc. IEEE Int. Conf. Intell. Transp. Syst. (ITSC)"}

@string{ICCV = "{Proc. IEEE Int. Conf. Comp. Vis.}"}

@string{VLDB = "{Proc. Int. Conf. Very Large Data Bases}"}

@string{ICIP = "{Proc. IEEE Int. Conf. Image Process.}"}

@string{ICPR = "{Proc. Int. Conf. Patt. Recogn.}"}

@string{ICML = "{Proc. Int. Conf. Mach. Learn.}"}

@string{ICLR = "{Proc. Int. Conf. Learn. Representations}"}

@string{IJCAI = "{Proc. Int. Joint Conf. Artificial Intell.}"}

@string{AAAI = "{Proc. Conf. AAAI}"}

@string{AISTATS = "{Proc. Int. Conf. Artificial Intell. \& Stat.}"}

@string{NIPS = "{Advances in Neural Inf. Process. Syst.}"}

@string{KDD = "{Proc. {ACM SIGKDD} Int. Conf. Knowledge Discovery \& Data Mining}"}

@string{MOD = "{Proc. {ACM SIGMOD} Int. Conf. Management of Data}"}

@string{ICM = "{Proc. {ACM} Int. Conf. Multimedia}"}

@string{CIKM = "Proc. {ACM} Int. Conf. Information \& Knowledge Management"}

@string{ACL = "{Proc. Conf. Association for Computational Linguistics}"}

@string{EACL = "{Proc. Conf. of European Chapter of Association for Computational Linguistics}"}

@string{NAACL = "{Proc. Conf. of North American Chapter of Association for Computational Linguistics}"}

@string{EMNLP = "{Proc. Conf. Empirical Methods in Natural Language Processing}"}

@string{CoNLL = "{Proc. Conf. Computational Natural Language Learning}"}

@string{JMLR = "{J. Mach. Learn. Res.}"}

@string{JAIR = "{J. Arti. Intell. Res.}"}

@string{ML = "{Mach. Learn.}"}

@string{MS = "{Management Sci.}"}

@string{PR = "{Pattern Recogn.}"}

@string{TAC = "{{IEEE} Trans. Autom. Control}"}

@string{TCSVT = "{{IEEE} Trans. Circuits Syst. Video Technol.}"}

@string{TSP = "{{IEEE} Trans. Signal Process.}"}

@string{TSTSP = "{{IEEE} J. Sel. Topics Signal Process.}"}

@string{TIT = "{{IEEE} Trans. Inf. Theory}"}

@string{TKDE = "{{IEEE} Trans. Knowl. Data Eng.}"}

@string{TNN = "{{IEEE} Trans. Neural Netw.}"}

@string{TNNLS = "{{IEEE} Trans. Neural Netw. \& Learn. Syst.}"}

@string{TIP = "{{IEEE} Trans. Image Process.}"}

@string{TMM = "{{IEEE} Trans. Multimedia}"}

@string{JRA = "{{IEEE} J. Robot. Autom.}"}

@string{TPAMI = "{{IEEE} Trans. Pattern Anal. Mach. Intell.}"}

@string{TRA = "{{IEEE} Trans. Robot. Autom.}"}

@string{TRO = "{{IEEE} Trans. Robot.}"}

@string{TSMC = "{{IEEE} Trans. Syst., Man, Cybern.}"}

@string{TSMCA = "{{IEEE} Trans. Syst., Man, Cybern. {A}}"}

@string{TSMCB = "{{IEEE} Trans. Syst., Man, Cybern. {B}}"}

@string{TSMCC = "{{IEEE} Trans. Syst., Man, Cybern. {C}}"}

@string{IJCV = "{Int. J. Comput. Vision}"}


@inproceedings{tay2019aanet,
  title={Aanet: Attribute attention network for person re-identifications},
  author={Tay, Chiat-Pin and Roy, Sharmili and Yap, Kim-Hui},
  booktitle=CVPR,
  pages={7134--7143},
  year={2019}
}

-----
@article{zhang2019part,
  title={Part-based attribute-aware network for person re-identification},
  author={Zhang, Yan and Gu, Xusheng and Tang, Jun and Cheng, Ke and Tan, Shoubiao},
  journal={IEEE Access},
  volume={7},
  pages={53585--53595},
  year={2019},
  publisher={IEEE}
}
-----

@article{lin2019improving,
  title={Improving person re-identification by attribute and identity learning},
  author={Lin, Yutian and Zheng, Liang and Zheng, Zhedong and Wu, Yu and Hu, Zhilan and Yan, Chenggang and Yang, Yi},
  journal=PR,
  volume={95},
  pages={151--161},
  year={2019},
  publisher={Elsevier}
}

@article{quispe2021attributenet,
  title={Attributenet: Attribute enhanced vehicle re-identification},
  author={Quispe, Rodolfo and Lan, Cuiling and Zeng, Wenjun and Pedrini, Helio},
  journal={Neurocomputing},
  volume={465},
  pages={84--92},
  year={2021},
  publisher={Elsevier}
}

@article{li2022attribute,
  title={Attribute and state guided structural embedding network for vehicle re-identification},
  author={Li, Hongchao and Li, Chenglong and Zheng, Aihua and Tang, Jin and Luo, Bin},
  journal=TIP,
  volume={31},
  pages={5949--5962},
  year={2022},
  publisher={IEEE}
}

@inproceedings{zhang2022graph,
  title={Graph-Based Structural Attributes for Vehicle Re-Identification},
  author={Zhang, Rongbo and Zhong, Xian and Wang, Xiao and Huang, Wenxin and Liu, Wenxuan and Zhao, Shilei},
  booktitle={Proc. {IEEE} Int. Conf. Multimedia Expo.},
  pages={1-6},
  year={2022},
}

@article{yin2023efficient,
  title={Efficient reliability-based path planning of off-road autonomous ground vehicles through the coupling of surrogate modeling and RRT},
  author={Yin, Jianhua and Hu, Zhen and Mourelatos, Zissimos P and Gorsich, David and Singh, Amandeep and Tau, Seth},
  journal=TITS,
  year={2023},
  publisher={IEEE}
}

@article{yu2022multi,
  title={Multi-attribute adaptive aggregation transformer for vehicle re-identification},
  author={Yu, Zhi and Pei, Jiaming and Zhu, Mingpeng and Zhang, Jiwei and Li, Jinhai},
  journal={Information Processing \& Management},
  volume={59},
  number={2},
  pages={102868},
  year={2022},
  publisher={Elsevier}
}

@article{yu2023semantic,
  title={Semantic-Oriented Feature Coupling Transformer for Vehicle Re-Identification in Intelligent Transportation System},
  author={Yu, Zhi and Huang, Zhiyong and Pei, Jiaming and Tahsin, Lamia and Sun, Daming},
  journal=TITS,
  year={2024},
  volume={25},
  number={3},
  pages={2803-2813}
}

@article{vaswani2017attention,
  title={Attention is all you need},
  author={Vaswani, Ashish and Shazeer, Noam and Parmar, Niki and Uszkoreit, Jakob and Jones, Llion and Gomez, Aidan N and Kaiser, {\L}ukasz and Polosukhin, Illia},
  journal=NIPS,
  volume={30},
  year={2017}
}

@inproceedings{radford2021learning,
  title={Learning transferable visual models from natural language supervision},
  author={Radford, Alec and Kim, Jong Wook and Hallacy, Chris and Ramesh, Aditya and Goh, Gabriel and Agarwal, Sandhini and Sastry, Girish and Askell, Amanda and Mishkin, Pamela and Clark, Jack and others},
  booktitle=ICML,
  pages={8748--8763},
  year={2021},
}

@inproceedings{wu2023tinyclip,
  title={{TinyCLIP}: CLIP Distillation via Affinity Mimicking and Weight Inheritance},
  author={Wu, Kan and Peng, Houwen and Zhou, Zhenghong and Xiao, Bin and Liu, Mengchen and Yuan, Lu and Xuan, Hong and Valenzuela, Michael and Chen, Xi Stephen and Wang, Xinggang and others},
  booktitle=ICCV,
  pages={21970--21980},
  year={2023}
}

@inproceedings{li2023clip,
  title={{CLIP-ReID}: exploiting vision-language model for image re-identification without concrete text labels},
  author={Li, Siyuan and Sun, Li and Li, Qingli},
  booktitle=AAAI,
  volume={37},
  number={1},
  pages={1405--1413},
  year={2023}
}

@inproceedings{rao2021counterfactual,
  title={Counterfactual attention learning for fine-grained visual categorization and re-identification},
  author={Rao, Yongming and Chen, Guangyi and Lu, Jiwen and Zhou, Jie},
  booktitle=ICCV,
  pages={1025--1034},
  year={2021}
}

@inproceedings{hong2021fine,
  title={Fine-grained shape-appearance mutual learning for cloth-changing person re-identification},
  author={Hong, Peixian and Wu, Tao and Wu, Ancong and Han, Xintong and Zheng, Wei-Shi},
  booktitle=CVPR,
  pages={10513--10522},
  year={2021}
}

@article{yin2020fine,
  title={Fine-grained person re-identification},
  author={Yin, Jiahang and Wu, Ancong and Zheng, Wei-Shi},
  journal=IJCV,
  volume={128},
  pages={1654--1672},
  year={2020},
  publisher={Springer}
}

@inproceedings{zhu2022dual,
  title={Dual cross-attention learning for fine-grained visual categorization and object re-identification},
  author={Zhu, Haowei and Ke, Wenjing and Li, Dong and Liu, Ji and Tian, Lu and Shan, Yi},
  booktitle=CVPR,
  pages={4692--4702},
  year={2022}
}

@inproceedings{pan2018two,
  title={Two at once: Enhancing learning and generalization capacities via ibn-net},
  author={Pan, Xingang and Luo, Ping and Shi, Jianping and Tang, Xiaoou},
  booktitle=ECCV,
  pages={464--479},
  year={2018}
}

@inproceedings{he2016deep,
  title={Deep residual learning for image recognition},
  author={He, Kaiming and Zhang, Xiangyu and Ren, Shaoqing and Sun, Jian},
  booktitle=CVPR,
  pages={770--778},
  year={2016}
}

@inproceedings{xie2017aggregated,
  title={Aggregated residual transformations for deep neural networks},
  author={Xie, Saining and Girshick, Ross and Doll{\'a}r, Piotr and Tu, Zhuowen and He, Kaiming},
  booktitle=CVPR,
  pages={1492--1500},
  year={2017}
}

@inproceedings{hu2018squeeze,
  title={Squeeze-and-excitation networks},
  author={Hu, Jie and Shen, Li and Sun, Gang},
  booktitle=CVPR,
  pages={7132--7141},
  year={2018}
}

@inproceedings{kim2020groupface,
  title={Groupface: Learning latent groups and constructing group-based representations for face recognition},
  author={Kim, Yonghyun and Park, Wonpyo and Roh, Myung-Cheol and Shin, Jongju},
  booktitle=CVPR,
  pages={5621--5630},
  year={2020}
}

@inproceedings{liu2016deep,
  title={A deep learning-based approach to progressive vehicle re-identification for urban surveillance},
  author={Liu, Xinchen and Liu, Wu and Mei, Tao and Ma, Huadong},
  booktitle=ECCV,
  pages={869--884},
  year={2016},
  organization={Springer}
}

@inproceedings{lou2019veri,
  title={Veri-wild: A large dataset and a new method for vehicle re-identification in the wild},
  author={Lou, Yihang and Bai, Yan and Liu, Jun and Wang, Shiqi and Duan, Lingyu},
  booktitle=CVPR,
  pages={3235--3243},
  year={2019}
}

@inproceedings{liu2016deep2,
  title={Deep relative distance learning: Tell the difference between similar vehicles},
  author={Liu, Hongye and Tian, Yonghong and Yang, Yaowei and Pang, Lu and Huang, Tiejun},
  booktitle=CVPR,
  pages={2167--2175},
  year={2016}
}

@article{wang2020attribute,
  title={Attribute-guided feature learning network for vehicle reidentification},
  author={Wang, Huibing and Peng, Jinjia and Chen, Dongyan and Jiang, Guangqi and Zhao, Tongtong and Fu, Xianping},
  journal=TMM,
  volume={27},
  number={4},
  pages={112--121},
  year={2020},
  publisher={IEEE}
}

@inproceedings{szegedy2016rethinking,
  title={Rethinking the inception architecture for computer vision},
  author={Szegedy, Christian and Vanhoucke, Vincent and Ioffe, Sergey and Shlens, Jon and Wojna, Zbigniew},
  booktitle=CVPR,
  pages={2818--2826},
  year={2016}
}

@article{weinberger2009distance,
  title={Distance metric learning for large margin nearest neighbor classification.},
  author={Weinberger, Kilian Q and Saul, Lawrence K},
  journal=JMLR,
  volume={10},
  number={2},
  year={2009}
}

@inproceedings{sun2020circle,
  title={Circle loss: A unified perspective of pair similarity optimization},
  author={Sun, Yifan and Cheng, Changmao and Zhang, Yuhan and Zhang, Chi and Zheng, Liang and Wang, Zhongdao and Wei, Yichen},
  booktitle=CVPR,
  pages={6398--6407},
  year={2020}
}

@article{khosla2020supervised,
  title={Supervised contrastive learning},
  author={Khosla, Prannay and Teterwak, Piotr and Wang, Chen and Sarna, Aaron and Tian, Yonglong and Isola, Phillip and Maschinot, Aaron and Liu, Ce and Krishnan, Dilip},
  journal=NIPS,
  volume={33},
  pages={18661--18673},
  year={2020}
}

@inproceedings{schroff2015facenet,
  title={Facenet: A unified embedding for face recognition and clustering},
  author={Schroff, Florian and Kalenichenko, Dmitry and Philbin, James},
  booktitle=CVPR,
  pages={815--823},
  year={2015}
}

@inproceedings{luo2019bag,
  title={Bag of tricks and a strong baseline for deep person re-identification},
  author={Luo, Hao and Gu, Youzhi and Liao, Xingyu and Lai, Shenqi and Jiang, Wei},
  booktitle={Proc. {IEEE} Conf. Comput. Vis. Pattern Recog. Workshops},
  pages={0--0},
  year={2019}
}

@InProceedings{Wang_2017_ICCV,
    author = {Wang, Zhongdao and Tang, Luming and Liu, Xihui and Yao, Zhuliang and Yi, Shuai and Shao, Jing and Yan, Junjie and Wang, Shengjin and Li, Hongsheng and Wang, Xiaogang},
    title = {Orientation Invariant Feature Embedding and Spatial Temporal Regularization for Vehicle Re-Identification},
    booktitle = ICCV,
    month = {Oct},
    year = {2017}
}

@ARTICLE{9882369,
  author={Li, Hongchao and Li, Chenglong and Zheng, Aihua and Tang, Jin and Luo, Bin},
  journal=TIP, 
  title={Attribute and State Guided Structural Embedding Network for Vehicle Re-Identification}, 
  year={2022},
  volume={31},
  number={},
  pages={5949-5962},
  doi={10.1109/TIP.2022.3202370}}

@InProceedings{He_2021_ICCV,
    author    = {He, Shuting and Luo, Hao and Wang, Pichao and Wang, Fan and Li, Hao and Jiang, Wei},
    title     = {{TransReID}: Transformer-Based Object Re-Identification},
    booktitle = ICCV,
    month     = {October},
    year      = {2021},
    pages     = {15013-15022}
}

@ARTICLE{9513554,
  author={Wang, Qi and Min, Weidong and Han, Qing and Liu, Qian and Zha, Cheng and Zhao, Haoyu and Wei, Zitai},
  journal=TMM, 
  title={Inter-Domain Adaptation Label for Data Augmentation in Vehicle Re-Identification}, 
  year={2022},
  volume={24},
  number={},
  pages={1031-1041},
  doi={10.1109/TMM.2021.3104141}}

@ARTICLE{9162561,
  author={Zheng, Zhedong and Ruan, Tao and Wei, Yunchao and Yang, Yi and Mei, Tao},
  journal=TMM, 
  title={{VehicleNet}: Learning Robust Visual Representation for Vehicle Re-Identification}, 
  year={2021},
  volume={23},
  number={},
  pages={2683-2693},
  doi={10.1109/TMM.2020.3014488}}

@InProceedings{Rao_2021_ICCV,
    author    = {Rao, Yongming and Chen, Guangyi and Lu, Jiwen and Zhou, Jie},
    title     = {Counterfactual Attention Learning for Fine-Grained Visual Categorization and Re-Identification},
    booktitle = ICCV,
    month     = {October},
    year      = {2021},
    pages     = {1025-1034}
}

@article{zheng2020vehiclenet,
  title={{VehicleNet}: Learning robust visual representation for vehicle re-identification},
  author={Zheng, Zhedong and Ruan, Tao and Wei, Yunchao and Yang, Yi and Mei, Tao},
  journal=TMM,
  volume={23},
  pages={2683--2693},
  year={2020},
  publisher={IEEE}
}

@inproceedings{huynh2021strong,
  title={A strong baseline for vehicle re-identification},
  author={Huynh, Su V},
  booktitle=CVPR,
  pages={4147--4154},
  year={2021}
}


@article{van2008visualizing,
  title={Visualizing data using t-SNE.},
  author={Van der Maaten, Laurens and Hinton, Geoffrey},
  journal=JMLR,
  volume={9},
  number={11},
  year={2008}
}

@inproceedings{jia2021scaling,
  title={Scaling up visual and vision-language representation learning with noisy text supervision},
  author={Jia, Chao and Yang, Yinfei and Xia, Ye and Chen, Yi-Ting and Parekh, Zarana and Pham, Hieu and Le, Quoc and Sung, Yun-Hsuan and Li, Zhen and Duerig, Tom},
  booktitle=ICML,
  pages={4904--4916},
  year={2021},
}

@inproceedings{li2022blip,
  title={Blip: Bootstrapping language-image pre-training for unified vision-language understanding and generation},
  author={Li, Junnan and Li, Dongxu and Xiong, Caiming and Hoi, Steven},
  booktitle=ICML,
  pages={12888--12900},
  year={2022},
  organization={PMLR}
}

@article{li2021align,
  title={Align before fuse: Vision and language representation learning with momentum distillation},
  author={Li, Junnan and Selvaraju, Ramprasaath and Gotmare, Akhilesh and Joty, Shafiq and Xiong, Caiming and Hoi, Steven Chu Hong},
  journal=NIPS,
  volume={34},
  pages={9694--9705},
  year={2021}
}

-------
@article{lin2023exploring,
  title={Exploring part-informed visual-language learning for person re-identification},
  author={Lin, Yin and Liu, Cong and Chen, Yehansen and Hu, Jinshui and Yin, Bing and Yin, Baocai and Wang, Zengfu},
  journal={arXiv preprint arXiv:2308.02738},
  year={2023}
}
-----------

@article{yan2023clip,
  author={Yan, Shuanglin and Dong, Neng and Zhang, Liyan and Tang, Jinhui},
  journal=TIP, 
  title={CLIP-Driven Fine-Grained Text-Image Person Re-Identification}, 
  year={2023},
  volume={32},
  number={},
  pages={6032-6046},

}

--------
@article{dosovitskiy2020image,
  title={An image is worth 16x16 words: Transformers for image recognition at scale},
  author={Dosovitskiy, Alexey and Beyer, Lucas and Kolesnikov, Alexander and Weissenborn, Dirk and Zhai, Xiaohua and Unterthiner, Thomas and Dehghani, Mostafa and Minderer, Matthias and Heigold, Georg and Gelly, Sylvain and others},
  journal=ICLR,
  year={2021}
}

@InProceedings{Lee_2020_CVPR_Workshops,
author = {Lee, Sangrok and Park, Eunsoo and Yi, Hongsuk and Lee, Sang Hun},
title = {{StRDAN}: Synthetic-to-Real Domain Adaptation Network for Vehicle Re-Identification},
booktitle = {Proc. {IEEE} Conf. Comput. Vis. Pattern Recog. Workshops},
month = {June},
year = {2020},
page = {608-609}
}

@article{wang2021inter,
  title={Inter-domain adaptation label for data augmentation in vehicle re-identification},
  author={Wang, Qi and Min, Weidong and Han, Qing and Liu, Qian and Zha, Cheng and Zhao, Haoyu and Wei, Zitai},
  journal=TMM,
  volume={24},
  pages={1031--1041},
  year={2021},
  publisher={IEEE}
}

@ARTICLE{9106791,
  author={Wang, Huibing and Peng, Jinjia and Chen, Dongyan and Jiang, Guangqi and Zhao, Tongtong and Fu, Xianping},
  journal=TMM, 
  title={Attribute-Guided Feature Learning Network for Vehicle Reidentification}, 
  year={2020},
  volume={27},
  number={4},
  pages={112-121},
  keywords={Task analysis;Image color analysis;Training;Feature extraction;Smoothing methods;Visualization;Frequency modulation;Vehicle Re-identification;Attribute-guided Model;Attribute-based Label Smoothing Loss},
  doi={10.1109/MMUL.2020.2999464}}

@inproceedings{he2023fastreid,
  title={Fastreid: A pytorch toolbox for general instance re-identification},
  author={He, Lingxiao and Liao, Xingyu and Liu, Wu and Liu, Xinchen and Cheng, Peng and Mei, Tao},
  booktitle=ICM,
  pages={9664--9667},
  year={2023}
}

@article{shen2023git,
  title={Git: Graph interactive transformer for vehicle re-identification},
  author={Shen, Fei and Xie, Yi and Zhu, Jianqing and Zhu, Xiaobin and Zeng, Huanqiang},
  journal=TIP,
  volume={32},
  pages={1039--1051},
  year={2023},
  publisher={IEEE}
}

@article{qian2020stripe,
  title={Stripe-based and attribute-aware network: A two-branch deep model for vehicle re-identification},
  author={Qian, Jingjing and Jiang, Wei and Luo, Hao and Yu, Hongyan},
  journal={Measurement Science and Technology},
  volume={31},
  number={9},
  pages={095401},
  year={2020},
  publisher={IOP Publishing}
}

@article{zhao2019structural,
  title={Structural analysis of attributes for vehicle re-identification and retrieval},
  author={Zhao, Yanzhu and Shen, Chunhua and Wang, Huibing and Chen, Shengyong},
  journal=TITS,
  volume={21},
  number={2},
  pages={723--734},
  year={2019},
  publisher={IEEE}
}

@article{zhou2022learning,
  title={Learning to prompt for vision-language models},
  author={Zhou, Kaiyang and Yang, Jingkang and Loy, Chen Change and Liu, Ziwei},
  journal=IJCV,
  volume={130},
  number={9},
  pages={2337--2348},
  year={2022},
  publisher={Springer}
}

@article{sheng2023discriminative,
  title={Discriminative feature learning with co-occurrence attention network for vehicle ReID},
  author={Sheng, Hao and Wang, Shuai and Chen, Haobo and Yang, Da and Huang, Yang and Shen, Jiahao and Ke, Wei},
  journal=TCSVT,
  year={2023},
  publisher={IEEE}
}

@inproceedings{he2019part,
  title={Part-regularized near-duplicate vehicle re-identification},
  author={He, Bing and Li, Jia and Zhao, Yifan and Tian, Yonghong},
  booktitle=CVPR,
  pages={3997--4005},
  year={2019}
}

@inproceedings{khorramshahi2020devil,
  title={The devil is in the details: Self-supervised attention for vehicle re-identification},
  author={Khorramshahi, Pirazh and Peri, Neehar and Chen, Jun-cheng and Chellappa, Rama},
  booktitle=ECCV,
  pages={369--386},
  year={2020},
  organization={Springer}
}

@ARTICLE{10595990,
  author={Wei, Lili and Wang, Zhenxue and Lang, Congyan and Liang, Liqian and Wang, Tao and Feng, Songhe and Li, Yidong},
  journal=TITS, 
  title={Linkage-Based Object Re-Identification via Graph Learning}, 
  year={2024},
  volume={},
  number={},
  pages={1-11},
  keywords={Feature extraction;Measurement;Training;Image edge detection;Task analysis;Representation learning;Prediction algorithms;Object re-identification;link prediction;graph convolutional network;vehicle re-identification;person re-identification},
  doi={10.1109/TITS.2024.3422286}}

@ARTICLE{10239230,
  author={Lv, Kai and Wang, Shuo and Han, Shuai and Lin, Youfang},
  journal=TITS, 
  title={Spatially-Regularized Features for Vehicle Re-Identification: An Explanation of Where Deep Models Should Focus}, 
  year={2023},
  volume={24},
  number={12},
  pages={14010-14021},
  keywords={Feature extraction;Measurement;Visualization;Convolutional neural networks;Computational modeling;Task analysis;Predictive models;Vehicle re-identification;neural networks;feature representation},
  doi={10.1109/TITS.2023.3308138}}

@ARTICLE{9764648,
  author={Li, Hongchao and Li, Chenglong and Zheng, Aihua and Tang, Jin and Luo, Bin},
  journal=TITS, 
  title={{MsKAT}: Multi-Scale Knowledge-Aware Transformer for Vehicle Re-Identification}, 
  year={2022},
  volume={23},
  number={10},
  pages={19557-19568},
  keywords={Transformers;Visualization;Feature extraction;Image color analysis;Semantics;Knowledge based systems;Interference;Vehicle re-identification;knowledge-aware;transformer;multi-scale},
  doi={10.1109/TITS.2022.3166463}}

@ARTICLE{9837795,
  author={Qian, Wen and He, Zhiqun and Chen, Chen and Peng, Silong},
  journal=TITS, 
  title={Navigating Diverse Salient Features for Vehicle Re-Identification}, 
  year={2022},
  volume={23},
  number={12},
  pages={24578-24587},
  keywords={Navigation;Task analysis;Image color analysis;Boosting;Feature extraction;Benchmark testing;Space vehicles;Vehicle re-identification;suppress-and-explore mode;grid-based salient navigation;cross-space constraints},
  doi={10.1109/TITS.2022.3190959}}

@ARTICLE{9945658,
  author={Lu, Zefeng and Lin, Ronghao and Hu, Haifeng},
  journal=TITS, 
  title={{MART}: Mask-Aware Reasoning Transformer for Vehicle Re-Identification}, 
  year={2023},
  volume={24},
  number={2},
  pages={1994-2009},
  keywords={Feature extraction;Transformers;Data mining;Semantics;Cognition;Training;Task analysis;Vehicle re-identification;transformers;graph convolutional network;cross-image learning},
  doi={10.1109/TITS.2022.3219593}}

@ARTICLE{10013940,
  author={Li, Wei and Guo, Haiyun and Dong, Honghui and Tang, Ming and Zhou, Yue and Wang, Jinqiao},
  journal=TITS, 
  title={Bi-Level Implicit Semantic Data Augmentation for Vehicle Re-Identification}, 
  year={2023},
  volume={24},
  number={4},
  pages={4364-4376},
  keywords={Semantics;Training;Space vehicles;Data models;Feature extraction;Training data;Robustness;Vehicle re-identification;implicit semantic data augmentation;covariance matrices;triplet-based ranking constraint},
  doi={10.1109/TITS.2023.3234644}}
@inproceedings{zhao2021heterogeneous,
  title={Heterogeneous relational complement for vehicle re-identification},
  author={Zhao, Jiajian and Zhao, Yifan and Li, Jia and Yan, Ke and Tian, Yonghong},
  booktitle=ICCV,
  pages={205--214},
  year={2021}
}

@inproceedings{meng2020parsing,
  title={Parsing-based view-aware embedding network for vehicle re-identification},
  author={Meng, Dechao and Li, Liang and Liu, Xuejing and Li, Yadong and Yang, Shijie and Zha, Zheng-Jun and Gao, Xingyu and Wang, Shuhui and Huang, Qingming},
  booktitle=CVPR,
  pages={7103--7112},
  year={2020}
}
@INPROCEEDINGS{10422175,
  author={Almeida, Eurico and Silva, Bruno and Batista, Jorge},
  booktitle=ITSC, 
  title={Strength in Diversity: Multi-Branch Representation Learning for Vehicle Re-Identification}, 
  year={2023},
  volume={},
  number={},
  pages={4690-4696},
  keywords={Representation learning;Metadata;Feature extraction;Real-time systems;Task analysis;Intelligent transportation systems;Residual neural networks},
  doi={10.1109/ITSC57777.2023.10422175}}

@ARTICLE{9733175,
  author={Xu, Bingrong and Zeng, Zhigang and Lian, Cheng and Ding, Zhengming},
  journal=TIP, 
  title={Few-Shot Domain Adaptation via Mixup Optimal Transport}, 
  year={2022},
  volume={31},
  number={},
  pages={2518-2528},
  keywords={Adaptation models;Training;Numerical models;Couplings;Feature extraction;Deep learning;Automation;Few-shot learning;domain adaptation;optimal transport;data augmentation},
  doi={10.1109/TIP.2022.3157139}}

@ARTICLE{10555193,
  author={Xu, Bingrong and Yin, Jianhua and Lian, Cheng and Su, Yixin and Zeng, Zhigang},
  journal={IEEE/CAA Journal of Automatica Sinica}, 
  title={Low-Rank Optimal Transport for Robust Domain Adaptation}, 
  year={2024},
  volume={11},
  number={7},
  pages={1667-1680},
  keywords={Training;Adaptation models;Noise;Robustness;Convex functions;Noise measurement;Convergence;Domain adaptation;low-rank constraint;noise corruption;optimal transport},
  doi={10.1109/JAS.2024.124344}}


