@article{ruiz2021transformer,
  title={Transformer-based models for automatic identification of argument relations: A cross-domain evaluation},
  author={Ruiz-Dolz, Ramon and Alemany, Jose and Barber{\'a}, Stella M Heras and Garc{\'\i}a-Fornes, Ana},
  journal={IEEE Intelligent Systems},
  volume={36},
  number={6},
  pages={62--70},
  year={2021},
  publisher={IEEE}
}
@article{touvron2023llama,
  title={Llama 2: Open foundation and fine-tuned chat models},
  author={Touvron, Hugo and Martin, Louis and Stone, Kevin and Albert, Peter and Almahairi, Amjad and Babaei, Yasmine and Bashlykov, Nikolay and Batra, Soumya and Bhargava, Prajjwal and Bhosale, Shruti and others},
  journal={arXiv preprint arXiv:2307.09288},
  year={2023}
}
@article{raffel2020exploring,
  title={Exploring the limits of transfer learning with a unified text-to-text transformer},
  author={Raffel, Colin and Shazeer, Noam and Roberts, Adam and Lee, Katherine and Narang, Sharan and Matena, Michael and Zhou, Yanqi and Li, Wei and Liu, Peter J},
  journal={Journal of machine learning research},
  volume={21},
  number={140},
  pages={1--67},
  year={2020}
}
@article{lewis2019bart,
  title={Bart: Denoising sequence-to-sequence pre-training for natural language generation, translation, and comprehension},
  author={Lewis, Mike},
  journal={arXiv preprint arXiv:1910.13461},
  year={2019}
}
@article{devlin2018bert,
  title={Bert: Pre-training of deep bidirectional transformers for language understanding},
  author={Devlin, Jacob},
  journal={arXiv preprint arXiv:1810.04805},
  year={2018}
}
@article{guo2025deepseek,
  title={Deepseek-r1: Incentivizing reasoning capability in llms via reinforcement learning},
  author={Guo, Daya and Yang, Dejian and Zhang, Haowei and Song, Junxiao and Zhang, Ruoyu and Xu, Runxin and Zhu, Qihao and Ma, Shirong and Wang, Peiyi and Bi, Xiao and others},
  journal={arXiv preprint arXiv:2501.12948},
  year={2025}
}
@article{olmo20242,
  title={2 OLMo 2 Furious},
  author={OLMo, Team and Walsh, Pete and Soldaini, Luca and Groeneveld, Dirk and Lo, Kyle and Arora, Shane and Bhagia, Akshita and Gu, Yuling and Huang, Shengyi and Jordan, Matt and others},
  journal={arXiv preprint arXiv:2501.00656},
  year={2024}
}
@article{beltagy2020longformer,
  title={Longformer: The long-document transformer},
  author={Beltagy, Iz and Peters, Matthew E and Cohan, Arman},
  journal={arXiv preprint arXiv:2004.05150},
  year={2020}
}

@article{yang2024qwen2,
  title={Qwen2. 5 technical report},
  author={Yang, An and Yang, Baosong and Zhang, Beichen and Hui, Binyuan and Zheng, Bo and Yu, Bowen and Li, Chengyuan and Liu, Dayiheng and Huang, Fei and Wei, Haoran and others},
  journal={arXiv preprint arXiv:2412.15115},
  year={2024}
}
@article{team2024gemma,
  title={Gemma 2: Improving open language models at a practical size},
  author={Team, Gemma and Riviere, Morgane and Pathak, Shreya and Sessa, Pier Giuseppe and Hardin, Cassidy and Bhupatiraju, Surya and Hussenot, L{\'e}onard and Mesnard, Thomas and Shahriari, Bobak and Ram{\'e}, Alexandre and others},
  journal={arXiv preprint arXiv:2408.00118},
  year={2024}
}
@inproceedings{ding2023score,
  title={Score it all together: A multi-task learning study on automatic scoring of argumentative essays},
  author={Ding, Yuning and Bexte, Marie and Horbach, Andrea},
  booktitle={Findings of the Association for Computational Linguistics: ACL 2023},
  pages={13052--13063},
  year={2023}
}
@article{lindahl2024annotation,
  title={Annotation for computational argumentation analysis: Issues and perspectives},
  author={Lindahl, Anna and Borin, Lars},
  journal={Language and Linguistics Compass},
  volume={18},
  number={1},
  pages={e12505},
  year={2024},
  publisher={Wiley Online Library}
}
@article{hu2021lora,
  title={{LoRA}: Low-rank adaptation of large language models},
  author={Hu, Edward J and Shen, Yelong and Wallis, Phillip and Allen-Zhu, Zeyuan and Li, Yuanzhi and Wang, Shean and Wang, Lu and Chen, Weizhu},
  journal={arXiv preprint arXiv:2106.09685},
  year={2021}
}
@article{dettmers2024qlora,
  title={{QLoRA}: Efficient finetuning of quantized {LLM}s},
  author={Dettmers, Tim and Pagnoni, Artidoro and Holtzman, Ari and Zettlemoyer, Luke},
  journal={Advances in Neural Information Processing Systems},
  volume={36},
  year={2024}
}
@inproceedings{ding2022don,
  title={Don’t drop the topic-the role of the prompt in argument identification in student writing},
  author={Ding, Yuning and Bexte, Marie and Horbach, Andrea},
  booktitle={Proceedings of the 17th Workshop on Innovative Use of NLP for Building Educational Applications (BEA 2022)},
  pages={124--133},
  year={2022}
}
@article{crossley2023large,
  title={A large-scale corpus for assessing written argumentation: PERSUADE 2.0},
  author={Crossley, Scott Andrew and Baffour, Perpetual and Tian, Yu and Franklin, Alex and Benner, Meg and Boser, Ulrich},
  journal={Available at SSRN 4795747},
  year={2023}
}
@book{toulmin2003uses,
  title={The uses of argument},
  author={Toulmin, Stephen E},
  year={2003},
  publisher={Cambridge university press}
}
@article{dubey2024llama,
  title={The llama 3 herd of models},
  author={Dubey, Abhimanyu and Jauhri, Abhinav and Pandey, Abhinav and Kadian, Abhishek and Al-Dahle, Ahmad and Letman, Aiesha and Mathur, Akhil and Schelten, Alan and Yang, Amy and Fan, Angela and others},
  journal={arXiv preprint arXiv:2407.21783},
  year={2024}
}

@article{scardamalia1987knowledge,
  title={Knowledge telling and knowledge transforming in written composition},
  author={Scardamalia, Marlene and Bereiter, Carl},
  journal={Advances in applied psycholinguistics},
  volume={2},
  pages={142--175},
  year={1987}
}
@article{gessler2021discodisco,
  title={DisCoDisCo at the DISRPT2021 shared task: A system for discourse segmentation, classification, and connective detection},
  author={Gessler, Luke and Behzad, Shabnam and Liu, Yang Janet and Peng, Siyao and Zhu, Yilun and Zeldes, Amir},
  journal={arXiv preprint arXiv:2109.09777},
  year={2021}
}
@article{wachsmuth2024argument,
  title={Argument Quality Assessment in the Age of Instruction-Following Large Language Models},
  author={Wachsmuth, Henning and Lapesa, Gabriella and Cabrio, Elena and Lauscher, Anne and Park, Joonsuk and Vecchi, Eva Maria and Villata, Serena and Ziegenbein, Timon},
  journal={arXiv preprint arXiv:2403.16084},
  year={2024}
}
@article{liu2024lost,
  title={Lost in the middle: How language models use long contexts},
  author={Liu, Nelson F and Lin, Kevin and Hewitt, John and Paranjape, Ashwin and Bevilacqua, Michele and Petroni, Fabio and Liang, Percy},
  journal={Transactions of the Association for Computational Linguistics},
  volume={12},
  pages={157--173},
  year={2024},
  publisher={MIT Press One Broadway, 12th Floor, Cambridge, Massachusetts 02142, USA~…}
}
@article{stab2017parsing,
  title={Parsing argumentation structures in persuasive essays},
  author={Stab, Christian and Gurevych, Iryna},
  journal={Computational Linguistics},
  volume={43},
  number={3},
  pages={619--659},
  year={2017},
  publisher={MIT Press One Rogers Street, Cambridge, MA 02142-1209, USA journals-info~…}
}
@article{achiam2023gpt,
  title={Gpt-4 technical report},
  author={Achiam, Josh and Adler, Steven and Agarwal, Sandhini and Ahmad, Lama and Akkaya, Ilge and Aleman, Florencia Leoni and Almeida, Diogo and Altenschmidt, Janko and Altman, Sam and Anadkat, Shyamal and others},
  journal={arXiv preprint arXiv:2303.08774},
  year={2023}
}
@article{crossley2022persuasive,
  title={The persuasive essays for rating, selecting, and understanding argumentative and discourse elements (PERSUADE) corpus 1.0},
  author={Crossley, Scott A and Baffour, Perpetual and Tian, Yu and Picou, Aigner and Benner, Meg and Boser, Ulrich},
  journal={Assessing Writing},
  volume={54},
  pages={100667},
  year={2022},
  publisher={Elsevier}
}
@article{jiang2024mixtral,
  title={Mixtral of experts},
  author={Jiang, Albert Q and Sablayrolles, Alexandre and Roux, Antoine and Mensch, Arthur and Savary, Blanche and Bamford, Chris and Chaplot, Devendra Singh and Casas, Diego de las and Hanna, Emma Bou and Bressand, Florian and others},
  journal={arXiv preprint arXiv:2401.04088},
  year={2024}
}
@article{gorur2024can,
  title={Can Large Language Models perform Relation-based Argument Mining?},
  author={Gorur, Deniz and Rago, Antonio and Toni, Francesca},
  journal={arXiv preprint arXiv:2402.11243},
  year={2024}
}

@incollection{arora2023argument,
  title={Argument Mining: A Categorical Review},
  author={Arora, Sakshi and Rana, Ajay and Singh, Archana},
  booktitle={Modern Electronics Devices and Communication Systems: Select Proceedings of MEDCOM 2021},
  pages={353--367},
  year={2023},
  publisher={Springer}
}
@article{lawrence2020argument,
  title={Argument mining: A survey},
  author={Lawrence, John and Reed, Chris},
  journal={Computational Linguistics},
  volume={45},
  number={4},
  pages={765--818},
  year={2020},
  publisher={MIT Press One Rogers Street, Cambridge, MA 02142-1209, USA journals-info~…}
}
@inproceedings{cao2023autoam,
  title={AutoAM: An End-To-End Neural Model for Automatic and Universal Argument Mining},
  author={Cao, Lang},
  booktitle={International Conference on Advanced Data Mining and Applications},
  pages={517--531},
  year={2023},
  organization={Springer}
}

@inproceedings{marro2022graph,
  title={Graph embeddings for argumentation quality assessment},
  author={Marro, Santiago and Cabrio, Elena and Villata, Serena},
  booktitle={EMNLP 2022-Conference on Empirical Methods in Natural Language Processing},
  year={2022}
}
@inproceedings{bao2022generative,
  title={A generative model for end-to-end argument mining with reconstructed positional encoding and constrained pointer mechanism},
  author={Bao, Jianzhu and He, Yuhang and Sun, Yang and Liang, Bin and Du, Jiachen and Qin, Bing and Yang, Min and Xu, Ruifeng},
  booktitle={Proceedings of the 2022 Conference on Empirical Methods in Natural Language Processing},
  pages={10437--10449},
  year={2022}
}
@inproceedings{cabrio2018five,
  title={Five years of argument mining: A data-driven analysis.},
  author={Cabrio, Elena and Villata, Serena},
  booktitle={IJCAI},
  volume={18},
  pages={5427--5433},
  year={2018}
}
@inproceedings{sun2024pita,
  title={PITA: Prompting Task Interaction for Argumentation Mining},
  author={Sun, Yang and Wang, Muyi and Bao, Jianzhu and Liang, Bin and Zhao, Xiaoyan and Yang, Caihua and Yang, Min and Xu, Ruifeng},
  booktitle={Proceedings of the 62nd Annual Meeting of the Association for Computational Linguistics (Volume 1: Long Papers)},
  pages={5036--5049},
  year={2024}
}
@inproceedings{sun2024discourse,
  title={Discourse Structure-Aware Prefix for Generation-Based End-to-End Argumentation Mining},
  author={Sun, Yang and Chen, Guanrong and Yang, Caihua and Bao, Jianzhu and Liang, Bin and Zeng, Xi and Yang, Min and Xu, Ruifeng},
  booktitle={Findings of the Association for Computational Linguistics ACL 2024},
  pages={11597--11613},
  year={2024}
}
@inproceedings{kawarada2024argument,
  title={Argument Mining as a Text-to-Text Generation Task},
  author={Kawarada, Masayuki and Hirao, Tsutomu and Uchida, Wataru and Nagata, Masaaki},
  booktitle={Proceedings of the 18th Conference of the European Chapter of the Association for Computational Linguistics (Volume 1: Long Papers)},
  pages={2002--2014},
  year={2024}
}
@article{morio2022end,
  title={End-to-end argument mining with cross-corpora multi-task learning},
  author={Morio, Gaku and Ozaki, Hiroaki and Morishita, Terufumi and Yanai, Kohsuke},
  journal={Transactions of the Association for Computational Linguistics},
  volume={10},
  pages={639--658},
  year={2022},
  publisher={MIT Press One Broadway, 12th Floor, Cambridge, Massachusetts 02142, USA~…}
}
@inproceedings{kashefi2023argument,
  title={Argument detection in student essays under resource constraints},
  author={Kashefi, Omid and Chan, Sophia and Somasundaran, Swapna},
  booktitle={Proceedings of the 10th Workshop on Argument Mining},
  pages={64--75},
  year={2023}
}
@article{deshpande2023contextualizing,
  title={Contextualizing argument quality assessment with relevant knowledge},
  author={Deshpande, Darshan and Sourati, Zhivar and Ilievski, Filip and Morstatter, Fred},
  journal={arXiv preprint arXiv:2305.12280},
  year={2023}
}
@misc{asap-aes,
    author = {Ben Hamner and Jaison Morgan and lynnvandev and Mark Shermis and Tom Vander Ark},
    title = {The Hewlett Foundation: Automated Essay Scoring},
    year = {2012},
    howpublished = {\url{https://kaggle.com/competitions/asap-aes}},
    note = {Kaggle}
}

@article{gao2024automatic,
  title={Automatic assessment of text-based responses in post-secondary education: A systematic review},
  author={Gao, Rujun and Merzdorf, Hillary E and Anwar, Saira and Hipwell, M Cynthia and Srinivasa, Arun},
  journal={Computers and Education: Artificial Intelligence},
  pages={100206},
  year={2024},
  publisher={Elsevier}
}