@inproceedings{Alhaidari2020,
  author = {Alhaidari, F. and Alwarthan, S. and Alamoudi, A.},
  year = {2020},
  title = {User Preference Based Weighted Page Ranking Algorithm},
	pages={1--6},
  doi = {10.1109/ICCAIS48893.2020.9096823},
  language = {en},
  booktitle = {ICCAIS 2020 - 3rd International Conference on Computer Applications and Information Security}
}
@inproceedings{Ali2020,
  author = {Ali, N.M. and Gadallah, A.M. and Hefny, H.A. and Novikov, B.A.},
  year = {2020},
  title = {An integrated framework for web data preprocessing towards modeling user behavior},
	pages={1--8},
  doi = {10.1109/FarEastCon50210.2020.9271467},
  language = {en},
  booktitle = {Proceedings of the 2020 International Multi-Conference on Industrial Engineering and Modern Technologies}
}
@article{Ali2021,
  author = {Ali, N.M. and Gadallah, A.M. and Hefny, H.A. and Novikov, B.A.},
  year = {2021},
  title = {Online web navigation assistant},
  volume = {31},
  pages = {116 0-131 0},
  doi = {10.35634/VM210109},
  language = {ru-Latn},
  journal = {Vestnik Udmurtskogo Universiteta: Matematika, Mekhanika, Komp'yuternye Nauki},
  number = {1}
}
@article{Alshdaifat2021,
  author = {Alshdaifat, E. and Al-Shdaifat, D. and Alsarhan, A. and Hussein, F. and El-Salhi, S.},
  year = {2021},
  title = {The effect of preprocessing techniques, applied to numeric features, on classification algorithmsâ€™ performance},
  volume = {6},
  pages = {11},
  doi = {10.3390/data6020011},
  language = {en},
  journal = {Data},
  number = {2}
}
@article{Alshehari2023,
  author = {Al-Shehari, T. and Al-Razgan, M. and Alfakih, T. and Alsowail, R.A. and Pandiaraj, S.},
  year = {2023},
  title = {Insider Threat Detection Model Using Anomaly-Based Isolation Forest Algorithm},
  doi = {10.1109/ACCESS.2023.3326750},
  language = {en},
  journal = {IEEE Access}
}
@article{Anari2021,
  author = {Anari, Z. and Hatamlou, A. and Anari, B.},
  year = {2021},
  title = {Finding suitable membership functions for mining fuzzy association rules in web data using learning automata},
  volume = {35},
  pages = {2159026},
  doi = {10.1142/S0218001421590266},
  language = {en},
  journal = {International Journal of Pattern Recognition and Artificial Intelligence},
  number = {07}
}
@article{Ashraf2020,
  author = {Ashraf, M. and Ouf, S. and Helmy, Y.},
  year = {2020},
  title = {A proposed paradigm for enhancing customer retention using web usage mining},
  volume = {177},
  pages = {32-35},
  doi = {10.5120/ijca2020919772},
  language = {en},
  journal = {International Journal of Computer Applications},
  number = {29}
}
@article{Bayir2022,
  author = {Bayir, M.A. and Toroslu, I.H.},
  year = {2022},
  title = {Maximal paths recipe for constructing web user sessions},
  volume = {25},
  pages = {2455-2485},
  doi = {10.1007/s11280-022-01024-3},
  language = {en},
  journal = {World Wide Web},
  number = {6}
}
@inproceedings{Benova2023,
  author = {Benova, L. and Hudec, L.},
  year = {2023-07},
  title = {Using Web Server Logs to Identify and Comprehend Anomalous User Activity},
  pages = {1-8},
  publisher = {IEEE},
  doi = {10.1109/ConTEL58387.2023.10199092},
  language = {en},
  booktitle = {2023 17th International Conference on Telecommunications (ConTEL}
}
@inproceedings{Canay2011,
  author = {Canay, O. and Meric, S. and Evirgen, H. and Varan, M.},
  title = {Realization of Campus Automation Web Information System in Context of Service Unity Architecture},
  booktitle = {International Symposium on Computing in Science \& Engineering (ISCSE)},
  pages = {173--179},
  year = {2011},
  address = {Izmir, Turkey}
}
@article{Canay2023,
  author = {Canay, O. and Kocabicak, U.},
  title = {An innovative data collection method to eliminate the preprocessing phase in web usage mining},
  journal = {Engineering Science and Technology, an International Journal},
  volume = {40},
  year = {2023},
  doi = {10.1016/j.jestch.2023.101360}
}
@article{Canay2024,
  author = {Canay, O. and Kocabicak, U.},
  title = {CAWAL: A novel unified analytics framework for enterprise web applications and multi-server environments},
  journal = {Information Processing and Management},
  volume = {61},
  number = {3},
  year = {2024},
  doi = {10.1016/j.ipm.2023.103617}
}
@article{Choudhary2023,
  author = {Choudhary, L. and Swami, S.},
  year = {2023},
  title = {Exploring the landscape of web data mining: an in-depth research analysis},
  volume = {42},
  pages = {32-42},
  doi = {10.9734/cjast/2023/v42i244179},
  language = {en},
  journal = {Current Journal of Applied Science and Technology},
  number = {24}
}
@inproceedings{Diamantaras2021,
  author = {Diamantaras, K. and Salampasis, M. and Katsalis, A. and Christantonis, K.},
  year = {2021},
  title = {Predicting shopping intent of e-commerce users using LSTM recurrent neural networks},
  pages = {252 0-259 0},
  doi = {10.5220/0010554102520259},
  language = {en},
  booktitle = {Proceedings of the 10th International Conference on Data Science, Technology and Applications, DATA 2021}
}
@article{Dubey2024,
  author = {Dubey, S.M. and Tiwari, G. and Narwaria, P.},
  year = {2024},
  title = {Server Access Pattern Analysis Based on Weblogs Classification Methods},
  volume = {1116},
  pages = {183 0-195 0},
  doi = {10.1007/978-981-99-8646-0_16},
  language = {en},
  journal = {Lecture Notes in Electrical Engineering}
}
@inproceedings{Gangadwala2022,
  author = {Gangadwala, H.A. and Gulati, R.M.},
  year = {2022},
  title = {Analysis of Web Usage Mining Using Various Fuzzy Techniques and Cluster Validity Index},
  booktitle = {2022 1st International Conference on Electrical, Electronics, Information and Communication Technologies, ICEEICT 2022},
	pages={1--7},
  doi = {10.1109/ICEEICT53079.2022.9768580},
  language = {en}
}
@inproceedings{Gangadwala2023,
  author = {Gangadwala, H.A. and Gulati, R.M.},
  year = {2023},
  title = {Prediction and analysis of next website request by using fuzzy approach},
  doi = {10.1109/ICAEECI58247.2023.10370912},
  language = {en},
  pages = {1-6},
  organization={IEEE},
  booktitle = {Proceedings of the 2023 1st International Conference on Advances in Electrical, Electronics and Computational Intelligence, ICAEECI 2023}
}
@article{Gangurde2022,
  author = {Gangurde, R.A.},
  year = {2022},
  title = {Web page prediction using adaptive deer hunting with chicken swarm optimization based neural network model},
  volume = {13},
  pages = {2250064},
  doi = {10.1142/S1793962322500647},
  language = {en},
  journal = {International Journal of Modeling, Simulation, and Scientific Computing},
  number = {6}
}
@article{Guo2023,
  author = {Guo, Y. and Zhan, W. and Li, W.},
  year = {2023},
  title = {Application of support vector machine algorithm incorporating slime mould algorithm strategy in ancient glass classification},
  volume = {13},
  pages = {3718},
  doi = {10.3390/app13063718},
  language = {en},
  journal = {Applied Sciences},
  number = {6}
}
@article{Gupta2021,
  author = {Gupta, A.R. and Agrawal, J.},
  year = {2021},
  title = {The multi-demeanor fusion based robust intrusion detection system for anomaly and misuse detection in computer networks},
  volume = {12},
  pages = {303-319},
  doi = {10.1007/s12652-020-01974-4},
  language = {en},
  journal = {Journal of Ambient Intelligence and Humanized Computing},
  number = {1}
}
@misc{Hardik2023,
  author = {Hardik, A. and Gangadwala., Ravi and M., Gulati},
  year = {2023},
  title = {Prediction and Analysis of Next Website Request by Using Fuzzy Approach},
  pages = {1-6},
  doi = {10.1109/icaeeci58247.2023.10370912},
  language = {en}
}
@inproceedings{He2023,
  author = {He, Y. and Shen, K. and Zhang, H. and Duan, W. and Gong, Z. and Jia, R. and Wang, H.},
  year = {2023-11},
  title = {A Study Based on Logistic Regression Algorithm to Teaching Indicators},
  pages = {219-227},
  publisher = {Springer Nature Singapore},
  doi = {10.1007/978-981-97-1280-9_17},
  language = {en},
  booktitle = {International Artificial Intelligence Conference},
  address = {Singapore}
}
@article{Hopipah2021,
  author = {Hopipah, N.H.S. and Jaman, N.J.H. and Enri, N.U.},
  year = {2021},
  title = {Web Usage Mining Guna Analisis Pola Akses Pengunjung Website Dengan Association Rule},
  volume = {2},
  pages = {53-63},
  doi = {10.33372/stn.v7i2.735},
  language = {jv},
  journal = {SATIN},
  number = {7}
}
@article{Ilieva2021,
  author = {Ilieva, R. and Ivanova, M. and Peycheva, T. and Nikolov, Y.},
  year = {2021},
  title = {Modelling in support of decision making in business intelligence},
  pages = {115-144},
  doi = {10.4018/978-1-7998-5781-5.ch006},
  language = {en},
  journal = {Advances in Business Information Systems and Analytics}
}
@inproceedings{Jors2023,
  author = {Jors, J.M. and Luca, E.W.},
  year = {2023},
  title = {Predictive behavior modeling through web graphs: Enhancing next page prediction using dynamic link repository},
  volume = {2023},
  pages = {415-420},
  doi = {10.1109/WI-IAT59888.2023.00068},
  language = {en},
  booktitle = {Proceedings of the 2023 22nd IEEE/WIC International Conference on Web Intelligence and Intelligent Agent Technology, WI-IAT}
}
@article{Karahan2024,
	author = {Kara, Karahan and Yalcin, Galip Cihan and Kaygisiz, Esra Gokcen and Simic, Vladimir and Ornek, Ali Sahin and Pamucar, Dragan},
	title = {A picture fuzzy CIMAS-ARTASI model for website performance analysis in human resource management},
	journal = {Applied Soft Computing},
	volume = {162},
	pages = {111826},
	year = {2024},
	doi = {10.1016/j.asoc.2024.111826}
}
@article{Dang2023,
  title = {Look back, look around: A systematic analysis of effective predictors for new outlinks in focused Web crawling},
  author = {Thi Kim Nhung Dang and Doina Bucur and Berk Atil and Guillaume Pitel and Frank Ruis and Hamidreza Kadkhodaei and Nelly Litvak},
  journal = {Knowledge-Based Systems},
  volume = {260},
  pages = {110126},
  year = {2023},
  publisher = {Elsevier},
  doi = {10.1016/j.knosys.2022.110126}
}
@article{Kumar2022,
  author = {Kumar, Biresh},
  title = {E-Commerce Website Usability Analysis Using the Association Rule Mining and Machine Learning Algorithm},
  volume = {11},
  year = {2022-12},
  pages = {25},
  note = {Crossref,},
  doi = {10.3390/math11010025.},
  language = {zu},
  journal = {Mathematics},
  number = {1}
}
@inproceedings{Leung2021,
  author = {Leung, C.K. and Madill, E.W.R. and Singh, S.P.},
  year = {2021},
  title = {A Web Intelligence Solution to Support Recommendations from the Web},
  pages = {160 0-167 0},
  doi = {10.1145/3498851.3498966},
  language = {en},
  booktitle = {ACM International Conference Proceeding Series}
}
@inproceedings{Liu2022,
  author = {Liu, H. and Li, K. and Li, X. and Zhang, Y.},
  year = {2022},
  title = {Unsupervised anomaly detection with self-training and knowledge distillation},
	pages={2102--2106},
  doi = {10.1109/icip46576.2022.9897777},
  language = {en},
  booktitle = {2022 IEEE International Conference on Image Processing (ICIP)}
}
@inproceedings{Luckose2022,
  author = {Luckose, V. and Chembath, J. and Ponnusamy, J.A.R. and Sharma, S. and Kaur, P. and Smiley, S.},
  year = {2022},
  title = {Web usage pattern detection using cohesive Markov model with Apriori algorithm},
  pages = {226-229},
  language = {en},
  booktitle = {Proceedings of the 2022 IEEE International Conference on Automatic Control and Intelligent Systems},
  doi = {10.1109/I2CACIS54679.2022.9815465}
}
@inproceedings{Malik2021a,
  author = {Malik, V. and Mittal, R. and Singh, J. and Rattan, V.},
  year = {2021-03},
  title = {A hybrid approach to improve classification performance using WMOT tool},
  pages = {688-691},
  publisher = {IEEE},
  doi = {10.1109/ESCI50559.2021.9396872},
  language = {en},
  booktitle = {2021 International Conference on Emerging Smart Computing and Informatics (ESCI}
}
@inproceedings{Malik2021b,
  author = {Malik, V. and Mittal, R. and Singh, J. and Rattan, V. and Mittal, A.},
  year = {2021-08},
  title = {Feature selection optimization using ACO to improve the classification performance of web log data},
  pages = {671-675},
  publisher = {IEEE},
  doi = {10.1109/SPIN52536.2021.9566126},
  language = {en},
  booktitle = {2021 8th International Conference on Signal Processing and Integrated Networks (SPIN}
}
@inproceedings{Mani2020,
  author = {Mani, K. and Suneetha, K.R.},
  year = {2020},
  title = {Performance evaluation of Compact Prediction Tree algorithm for Web Page Prediction},
	pages={1--7},
  doi = {10.1109/ic-ETITE47903.2020.166},
  language = {en},
  booktitle = {International Conference on Emerging Trends in Information Technology and Engineering, ic-ETITE 2020}
}
@article{Manzali2023,
  author = {Manzali, Y. and Elfar, M.},
  year = {2023-05},
  title = {Random forest pruning techniques: a recent review},
  volume = {4},
  pages = {43},
  publisher = {Springer International Publishing},
  doi = {10.1007/s43069-023-00223-6},
  language = {en},
  journal = {Operations research forum},
  number = {2},
  address = {Cham}
}
@article{Marcin2023,
  author = {Marcin, Borowiec and Tomasz, Rak},
  year = {2023},
  title = {Advanced Examination of User Behavior Recognition via Log Dataset Analysis of Web Applications Using Data Mining Techniques},
  doi = {10.3390/electronics12214408},
  language = {en},
  journal = {Electronics}
}
@article{Negriribalta2024,
  author = {Negri-Ribalta, C. and Lombard-Platet, M. and Salinesi, C.},
  year = {2024},
  title = {Understanding the GDPR from a requirements engineering perspectiveâ€”a systematic mapping study on regulatory data protection requirements},
  pages = {1-27},
  doi = {10.1007/s00766-024-00423-4},
  language = {en},
  journal = {Requirements Engineering}
}
@inproceedings{Om2021,
  author = {Om, P.P.G. and Ananthakumaran, S. and Sathishkumar, M. and Ganeshan, R.},
  year = {2021},
  title = {Analyzing the user navigation pattern from web logs using maximum frequent pattern approach},
  pages = {877-883},
  doi = {10.1109/ICICT50816.2021.9358751},
  language = {en},
  booktitle = {Proceedings of the 6th International Conference on Inventive Computation Technologies, ICICT}
}
@article{Omari2023,
  author = {Omari, K.},
  year = {2023},
  title = {Phishing Detection using Gradient Boosting Classifier},
  volume = {230},
  pages = {120-127},
  doi = {10.1016/j.procs.2023.12.067},
  language = {en},
  journal = {Procedia Computer Science}
}
@article{Panwar2018,
  author = {Panwar, S.},
  year = {2018},
  title = {Analysis of web server log file using hadoop},
  volume = {6},
  pages = {1059-1062},
  doi = {10.22214/ijraset.2018.4178},
  language = {en},
  journal = {International Journal for Research in Applied Science and Engineering Technology},
  number = {4}
}
@article{Prasanth2015,
  author = {Prasanth, A. and Hemalatha, M.},
  year = {2015},
  title = {Intelligent web information retrieval based on user navigational patterns},
  volume = {109},
  pages = {26-32},
  doi = {10.5120/19186-0673},
  language = {da},
  journal = {International Journal of Computer Applications},
  number = {5}
}
@article{Prashanth2024,
  author = {Prashanth Kumar, K.N. and Harish Kumar, B.T. and Bhuvanesh, A.},
  year = {2024},
  title = {Spectral clustering algorithm based web mining and quadratic support vector machine for learning style prediction in e-learning platform},
  volume = {31},
  pages = {100962},
  doi = {10.1016/j.measen.2023.100962},
  language = {en},
  journal = {Measurement: Sensors}
}
@inproceedings{Rajapaksha2023,
  author = {Rajapaksha, P. and Asanka, D.},
  year = {2023},
  title = {Recommendations to increase the customer interaction of e-commerce applications with web usage mining},
  booktitle = {Proceedings of IEEE InC4 2023 - 2023 IEEE International Conference on Contemporary Computing and Communications},
	volume={1},
	pages={1--6},
  language = {en},
  doi = {10.1109/InC457730.2023.10263131}
}
@article{Serin2022,
  author = {Serin, J. and SatheeshKumar, J. and Amudha, T.},
  year = {2022},
  title = {Efficient fuzzy C-means based reduced feature set association rule mining approach for predicting the user behavioral pattern in web usage mining},
  volume = {23},
  pages = {1495-1503},
  doi = {10.53106/160792642022122307005},
  language = {en},
  journal = {Journal of Internet Technology},
  number = {7}
}
@article{Setia2024,
  author = {Setia, S. and Jyoti, Duhan and N., Anand and A. and Verma, N.},
  year = {2024},
  title = {Semantically enriched keyword prefetching based on usage and domain knowledge},
  volume = {23},
  pages = {341-376},
  doi = {10.13052/jwe1540-9589.2332},
  language = {en},
  journal = {Journal of Web Engineering},
  number = {3}
}
@article{Sisodia2018,
  author = {Sisodia, D.S. and Singhal, R. and Kandal, V.},
  year = {2018},
  title = {Comparative performance of interestingness measures to identify redundant and non-informative rules from web usage data},
  volume = {9},
  pages = {201},
  doi = {10.14716/ijtech.v9i1.1510},
  language = {en},
  journal = {International Journal of Technology},
  number = {1}
}
@inproceedings{Soewito2023,
  author = {Soewito, B. and Johan, J.},
  year = {2023},
  title = {Website Personalization Using Association Rules Mining},
	publisher="Springer Nature Switzerland",
	pages="689--698",
  doi = {10.1007/978-3-031-29078-7_60},
  language = {en},
  booktitle = {Innovative Technologies in Intelligent Systems and Industrial Applications}
}
@article{Sowmya2022,
  author = {Sowmya, H.K. and Anandhi, R.J.},
  year = {2022},
  title = {Semantic based weighted web session clustering using adapted K-Means and hierarchical agglomerative algorithms},
  volume = {21},
  pages = {239-263},
  doi = {10.13052/jwe1540-9589.2125},
  language = {en},
  journal = {Journal of Web Engineering},
  number = {2}
}
@article{Suguna2017,
  author = {Suguna, K. and Nandhini, K.},
  year = {2017},
  title = {Frequent pattern mining of web log files working principles},
  volume = {157},
  pages = {1-5},
  doi = {10.5120/ijca2017912642},
  language = {en},
  journal = {International Journal of Computer Applications},
  number = {3}
}
@article{Wang2023,
  author = {Wang, L. and Chen, Q. and Song, C.},
  year = {2023},
  title = {Anomaly detection model of network dataflow based on an improved grey wolf algorithm and cnn},
  volume = {12},
  pages = {3787},
  doi = {10.3390/electronics12183787},
  language = {en},
  journal = {Electronics},
  number = {18}
}
@article{Yau2020,
  author = {Yau, N.Q. and Zainon, W.M.N.W.},
  year = {2020},
  title = {Understanding web traffic activities using web mining techniques},
  volume = {4},
  pages = {18-26},
  doi = {10.29121/ijetmr.v4.i9.2017.96},
  language = {en},
  journal = {International Journal of Engineering Technologies and Management Research},
  number = {9}
}
@article{Yuan2022,
  author = {Yuan, Y. and Li, Y.},
  year = {2022},
  title = {A modified hybrid method based on pso, ga, and k-means for network anomaly detection},
  pages = {1-10},
  doi = {10.1155/2022/5985426},
  language = {en},
  journal = {Mathematical Problems in Engineering}
}
@article{Zain2017,
	author = {Choiru Zaâ€™in and Mahardhika Pratama and Edwin Lughofer and Sreenatha G. Anavatti},
	title = {Evolving type-2 web news mining},
	journal = {Applied Soft Computing},
	volume = {54},
	pages = {200-220},
	year = {2017},
	issn = {1568-4946},
	doi = {10.1016/j.asoc.2016.11.034}
}
@article{Zhang2023,
  author = {Zhang, X. and Wei, P. and Wang, Q.},
  year = {2023},
  title = {A hybrid anomaly detection method for high dimensional data},
  volume = {9},
  pages = {1199},
  doi = {10.7717/peerj-cs.1199},
  language = {en},
  journal = {PeerJ Computer Science}
}
