@article{aamodt1994case,
  title={Case-based reasoning: Foundational issues, methodological variations, and system approaches},
  author={Aamodt, Agnar and Plaza, Enric},
  journal={AI communications},
  volume={7},
  number={1},
  pages={39--59},
  year={1994}
}

@inproceedings{anwaar2022leveraging,
  title={On leveraging variational graph embeddings for open world compositional zero-shot learning},
  author={Anwaar, Muhammad Umer and Pan, Zhihui and Kleinsteuber, Martin},
  booktitle={ACM MM},
  pages={4645--4654},
  year={2022}
}

@inproceedings{asano2019self,
  title={Self-labelling via simultaneous clustering and representation learning},
  author={Asano, Yuki Markus and Rupprecht, Christian and Vedaldi, Andrea},
  booktitle={ICLR},
  year={2020}
}

@inproceedings{atzmon2020causal,
  title={A causal view of compositional zero-shot recognition},
  author={Atzmon, Yuval and Kreuk, Felix and Shalit, Uri and Chechik, Gal},
  booktitle={NeurIPS},
  volume={33},
  pages={1462--1473},
  year={2020}
}

@article{bao2023prompting,
  title={Prompting language-informed distribution for compositional zero-shot learning},
  author={Bao, Wentao and Chen, Lichang and Huang, Heng and Kong, Yu},
  journal={arXiv preprint arXiv:2305.14428},
  year={2023}
}

@article{chen2023protoclip,
  title={ProtoCLIP: Prototypical Contrastive Language Image Pretraining},
  author={Chen, Delong and Wu, Zhao and Liu, Fan and Yang, Zaiquan and Zheng, Shaoqiu and Tan, Ying and Zhou, Erjin},
  journal={IEEE TNNLS},
  year={2023}
}

@inproceedings{chen2024neural,
  title={Neural clustering based visual representation learning},
  author={Chen, Guikun and Li, Xia and Yang, Yi and Wang, Wenguan},
  booktitle={CVPR},
  pages={5714--5725},
  year={2024}
}

@article{cover1967nearest,
  title={Nearest neighbor pattern classification},
  author={Cover, Thomas and Hart, Peter},
  journal={IEEE TIT},
  volume={13},
  number={1},
  pages={21--27},
  year={1967}
}

@inproceedings{ding2024clustering,
  title={Clustering propagation for universal medical image segmentation},
  author={Ding, Yuhang and Li, Liulei and Wang, Wenguan and Yang, Yi},
  booktitle={CVPR},
  pages={3357--3369},
  year={2024}
}

@article{ericsson2022self,
  title={Self-supervised representation learning: Introduction, advances, and challenges},
  author={Ericsson, Linus and Gouk, Henry and Loy, Chen Change and Hospedales, Timothy M},
  journal={IEEE Signal Processing Magazine},
  volume={39},
  number={3},
  pages={42--62},
  year={2022}
}

@inproceedings{feng2023clustering,
  title={Clustering based point cloud representation learning for 3d analysis},
  author={Feng, Tuo and Wang, Wenguan and Wang, Xiaohan and Yang, Yi and Zheng, Qinghua},
  booktitle={ICCV},
  pages={8283--8294},
  year={2023}
}

@article{garcia2012prototype,
  title={Prototype selection for nearest neighbor classification: Taxonomy and empirical study},
  author={Garcia, Salvador and Derrac, Joaquin and Cano, Jose and Herrera, Francisco},
  journal={IEEE TPAMI},
  volume={34},
  number={3},
  pages={417--435},
  year={2012}
}

@inproceedings{goldberger2004neighbourhood,
  title={Neighbourhood components analysis},
  author={Goldberger, Jacob and Hinton, Geoffrey E and Roweis, Sam and Salakhutdinov, Russ R},
  booktitle={NeurIPS},
  volume={17},
  year={2004}
}

@inproceedings{hao2023learning,
  title={Learning attention as disentangler for compositional zero-shot learning},
  author={Hao, Shaozhe and Han, Kai and Wong, Kwan-Yee K},
  booktitle={CVPR},
  pages={15315--15324},
  year={2023}
}

@inproceedings{he2005neighborhood,
  title={Neighborhood preserving embedding},
  author={He, Xiaofei and Cai, Deng and Yan, Shuicheng and Zhang, Hong-Jiang},
  booktitle={ICCV},
  volume={2},
  pages={1208--1213},
  year={2005}
}

@inproceedings{he2016deep,
  title={Deep residual learning for image recognition},
  author={He, Kaiming and Zhang, Xiangyu and Ren, Shaoqing and Sun, Jian},
  booktitle={CVPR},
  pages={770--778},
  year={2016}
}

@inproceedings{hou2022closer,
  title={A closer look at prototype classifier for few-shot image classification},
  author={Hou, Mingcheng and Sato, Issei},
  booktitle={NeurIPS},
  volume={35},
  pages={25767--25778},
  year={2022}
}

@inproceedings{hou2024visual,
  title={Visual-Augmented Dynamic Semantic Prototype for Generative Zero-Shot Learning},
  author={Hou, Wenjin and Chen, Shiming and Chen, Shuhuang and Hong, Ziming and Wang, Yan and Feng, Xuetao and Khan, Salman and Khan, Fahad Shahbaz and You, Xinge},
  booktitle={CVPR},
  pages={23627--23637},
  year={2024}
}

@inproceedings{hu2023leveraging,
  title={Leveraging sub-class discimination for compositional zero-shot learning},
  author={Hu, Xiaoming and Wang, Zilei},
  booktitle={AAAI},
  volume={37},
  pages={890--898},
  year={2023}
}

@inproceedings{huang2024troika,
  title={Troika: Multi-path cross-modal traction for compositional zero-shot learning},
  author={Huang, Siteng and Gong, Biao and Feng, Yutong and Zhang, Min and Lv, Yiliang and Wang, Donglin},
  booktitle={CVPR},
  pages={24005--24014},
  year={2024}
}

@inproceedings{jia2021scaling,
  title={Scaling up visual and vision-language representation learning with noisy text supervision},
  author={Jia, Chao and Yang, Yinfei and Xia, Ye and Chen, Yi-Ting and Parekh, Zarana and Pham, Hieu and Le, Quoc and Sung, Yun-Hsuan and Li, Zhen and Duerig, Tom},
  booktitle={ICML},
  pages={4904--4916},
  year={2021}
}

@article{jing2020self,
  title={Self-supervised visual feature learning with deep neural networks: A survey},
  author={Jing, Longlong and Tian, Yingli},
  journal={IEEE TPAMI},
  volume={43},
  number={11},
  pages={4037--4058},
  year={2020}
}

@inproceedings{jing2024retrieval,
  title={Retrieval-Augmented Primitive Representations for Compositional Zero-Shot Learning},
  author={Jing, Chenchen and Li, Yukun and Chen, Hao and Shen, Chunhua},
  booktitle={AAAI},
  volume={38},
  pages={2652--2660},
  year={2024}
}

@article{kaya2019deep,
  title={Deep metric learning: A survey},
  author={Kaya, Mahmut and Bilge, Hasan {\c{S}}akir},
  journal={Symmetry},
  volume={11},
  number={9},
  pages={1066},
  year={2019}
}

@inproceedings{khan2023learning,
  title={Learning attention propagation for compositional zero-shot learning},
  author={Khan, Muhammad Gul Zain Ali and Naeem, Muhammad Ferjad and Van Gool, Luc and Pagani, Alain and Stricker, Didier and Afzal, Muhammad Zeshan},
  booktitle={WACV},
  pages={3828--3837},
  year={2023}
}

@inproceedings{li2022blip,
  title={Blip: Bootstrapping language-image pre-training for unified vision-language understanding and generation},
  author={Li, Junnan and Li, Dongxu and Xiong, Caiming and Hoi, Steven},
  booktitle={ICML},
  pages={12888--12900},
  year={2022}
}

@inproceedings{li2022siamese,
  title={Siamese contrastive embedding network for compositional zero-shot learning},
  author={Li, Xiangyu and Yang, Xu and Wei, Kun and Deng, Cheng and Yang, Muli},
  booktitle={CVPR},
  pages={9326--9335},
  year={2022}
}

@inproceedings{li2023distilled,
  title={Distilled reverse attention network for open-world compositional zero-shot learning},
  author={Li, Yun and Liu, Zhe and Jha, Saurav and Yao, Lina},
  booktitle={ICCV},
  pages={1782--1791},
  year={2023}
}

@inproceedings{li2024context,
  title={Context-based and Diversity-driven Specificity in Compositional Zero-Shot Learning},
  author={Li, Yun and Liu, Zhe and Chen, Hang and Yao, Lina},
  booktitle={CVPR},
  pages={17037--17046},
  year={2024}
}

@inproceedings{liang2022gmmseg,
  title={Gmmseg: Gaussian mixture based generative semantic segmentation models},
  author={Liang, Chen and Wang, Wenguan and Miao, Jiaxu and Yang, Yi},
  booktitle={NeurIPS},
  volume={35},
  pages={31360--31375},
  year={2022}
}

@inproceedings{liang2023clustseg,
  title={CLUSTSEG: Clustering for Universal Segmentation},
  author={Liang, James Chenhao and Zhou, Tianfei and Liu, Dongfang and Wang, Wenguan},
  booktitle={ICML},
  pages={20787--20809},
  year={2023}
}

@inproceedings{liang2024clusterfomer,
  title={Clusterfomer: clustering as a universal visual learner},
  author={Liang, James and Cui, Yiming and Wang, Qifan and Geng, Tong and Wang, Wenguan and Liu, Dongfang},
  booktitle={NeurIPS},
  volume={36},
  year={2024}
}

@inproceedings{liu2021swin,
  title={Swin transformer: Hierarchical vision transformer using shifted windows},
  author={Liu, Ze and Lin, Yutong and Cao, Yue and Hu, Han and Wei, Yixuan and Zhang, Zheng and Lin, Stephen and Guo, Baining},
  booktitle={ICCV},
  pages={10012--10022},
  year={2021}
}

@inproceedings{lu2023decomposed,
  title={Decomposed soft prompt guided fusion enhancing for compositional zero-shot learning},
  author={Lu, Xiaocheng and Guo, Song and Liu, Ziming and Guo, Jingcai},
  booktitle={CVPR},
  pages={23560--23569},
  year={2023}
}

@article{mancini2022learning,
  title={Learning graph embeddings for open world compositional zero-shot learning},
  author={Mancini, Massimiliano and Naeem, Muhammad Ferjad and Xian, Yongqin and Akata, Zeynep},
  journal={IEEE TPAMI},
  volume={46},
  number={3},
  pages={1545--1560},
  year={2022}
}

@inproceedings{misra2017red,
  title={From red wine to red tomato: Composition with context},
  author={Misra, Ishan and Gupta, Abhinav and Hebert, Martial},
  booktitle={CVPR},
  pages={1792--1801},
  year={2017}
}

@inproceedings{naeem2021learning,
  title={Learning graph embeddings for compositional zero-shot learning},
  author={Naeem, Muhammad Ferjad and Xian, Yongqin and Tombari, Federico and Akata, Zeynep},
  booktitle={CVPR},
  pages={953--962},
  year={2021}
}

@inproceedings{nagarajan2018attributes,
  title={Attributes as operators: factorizing unseen attribute-object compositions},
  author={Nagarajan, Tushar and Grauman, Kristen},
  booktitle={ECCV},
  pages={169--185},
  year={2018}
}

@inproceedings{nayaklearning,
  title={Learning to Compose Soft Prompts for Compositional Zero-Shot Learning},
  author={Nayak, Nihal V and Yu, Peilin and Bach, Stephen},
  booktitle={ICLR},
 year={2023}
}

@inproceedings{purushwalkam2019task,
  title={Task-driven modular networks for zero-shot compositional learning},
  author={Purushwalkam, Senthil and Nickel, Maximilian and Gupta, Abhinav and Ranzato, Marc'Aurelio},
  booktitle={ICCV},
  pages={3593--3602},
  year={2019}
}

@inproceedings{qin2023unified,
  title={Unified 3d segmenter as prototypical classifiers},
  author={Qin, Zheyun and Han, Cheng and Wang, Qifan and Nie, Xiushan and Yin, Yilong and Xiankai, Lu},
  booktitle={NeuIPS},
  volume={36},
  pages={46419--46432},
  year={2023}
}

@inproceedings{quan2024clustering,
  title={Clustering for protein representation learning},
  author={Quan, Ruijie and Wang, Wenguan and Ma, Fan and Fan, Hehe and Yang, Yi},
  booktitle={CVPR},
  pages={319--329},
  year={2024}
}

@inproceedings{radford2021learning,
  title={Learning transferable visual models from natural language supervision},
  author={Radford, Alec and Kim, Jong Wook and Hallacy, Chris and Ramesh, Aditya and Goh, Gabriel and Agarwal, Sandhini and Sastry, Girish and Askell, Amanda and Mishkin, Pamela and Clark, Jack and others},
  booktitle={ICML},
  pages={8748--8763},
  year={2021}
}

@inproceedings{ruis2021independent,
  title={Independent prototype propagation for zero-shot compositionality},
  author={Ruis, Frank and Burghouts, Gertjan and Bucur, Doina},
  booktitle={NeurIPS},
  volume={34},
  pages={10641--10653},
  year={2021}
}

@inproceedings{saini2022disentangling,
  title={Disentangling visual embeddings for attributes and objects},
  author={Saini, Nirat and Pham, Khoi and Shrivastava, Abhinav},
  booktitle={CVPR},
  pages={13658--13667},
  year={2022}
}

@inproceedings{simonyan2014very,
  title={Very deep convolutional networks for large-scale image recognition},
  author={Simonyan, Karen and Zisserman, Andrew},
  booktitle={ICLR},
  year={2015}
}

@inproceedings{snell2017prototypical,
  title={Prototypical networks for few-shot learning},
  author={Snell, Jake and Swersky, Kevin and Zemel, Richard},
  booktitle={NeurIPS},
  volume={30},
  year={2017}
}

@inproceedings{wang2021dual,
  title={Dual progressive prototype network for generalized zero-shot learning},
  author={Wang, Chaoqun and Min, Shaobo and Chen, Xuejin and Sun, Xiaoyan and Li, Houqiang},
  booktitle={NeurIPS},
  volume={34},
  pages={2936--2948},
  year={2021}
}

@article{wang2024visual,
  title={Visual Knowledge in the Big Model Era: Retrospect and Prospect},
  author={Wang, Wenguan and Yang, Yi and Pan, Yunhe},
  journal={arXiv preprint arXiv:2404.04308},
  year={2024}
}

@inproceedings{xu2020attribute,
  title={Attribute prototype network for zero-shot learning},
  author={Xu, Wenjia and Xian, Yongqin and Wang, Jiuniu and Schiele, Bernt and Akata, Zeynep},
  booktitle={NeurIPS},
  volume={33},
  pages={21969--21980},
  year={2020}
}

@article{xu2022prompting,
  title={Prompting large pre-trained vision-language models for compositional concept learning},
  author={Xu, Guangyue and Kordjamshidi, Parisa and Chai, Joyce},
  journal={arXiv preprint arXiv:2211.05077},
  year={2022}
}

@inproceedings{yang2020learning,
  title={Learning unseen concepts via hierarchical decomposition and composition},
  author={Yang, Muli and Deng, Cheng and Yan, Junchi and Liu, Xianglong and Tao, Dacheng},
  booktitle={CVPR},
  pages={10248--10256},
  year={2020}
}

@article{yang2021multiple,
  title={Multiple knowledge representation for big data artificial intelligence: framework, applications, and case studies},
  author={Yang, Yi and Zhuang, Yueting and Pan, Yunhe},
  journal={Frontiers of Information Technology \& Electronic Engineering},
  volume={22},
  number={12},
  pages={1551--1558},
  year={2021}
}

@article{zhai2018classification,
  title={Classification is a strong baseline for deep metric learning},
  author={Zhai, Andrew and Wu, Hao-Yu},
  journal={arXiv preprint arXiv:1811.12649},
  year={2018}
}

@inproceedings{zhou2022rethinking,
  title={Rethinking semantic segmentation: A prototype view},
  author={Zhou, Tianfei and Wang, Wenguan and Konukoglu, Ender and Van Gool, Luc},
  booktitle={CVPR},
  pages={2582--2593},
  year={2022}
}

@inproceedings{zhu2023transductive,
  title={Transductive few-shot learning with prototype-based label propagation by iterative graph refinement},
  author={Zhu, Hao and Koniusz, Piotr},
  booktitle={CVPR},
  pages={23996--24006},
  year={2023}
}

