@inproceedings{isola2015discovering,
  title={Discovering states and transformations in image collections},
  author={Isola, Phillip and Lim, Joseph J and Adelson, Edward H},
  booktitle={CVPR},
  pages={1383--1391},
  year={2015}
}

@inproceedings{yu2014fine,
  title={Fine-grained visual comparisons with local learning},
  author={Yu, Aron and Grauman, Kristen},
  booktitle={CVPR},
  pages={192--199},
  year={2014}
}

@inproceedings{naeem2021learning,
  title={Learning graph embeddings for compositional zero-shot learning},
  author={Naeem, Muhammad Ferjad and Xian, Yongqin and Tombari, Federico and Akata, Zeynep},
  booktitle={CVPR},
  pages={953--962},
  year={2021}
}

@inproceedings{purushwalkam2019task,
  title={Task-driven modular networks for zero-shot compositional learning},
  author={Purushwalkam, Senthil and Nickel, Maximilian and Gupta, Abhinav and Ranzato, Marc'Aurelio},
  booktitle={ICCV},
  pages={3593--3602},
  year={2019}
} 

@inproceedings{li2024context,
  title={Context-based and Diversity-driven Specificity in Compositional Zero-Shot Learning},
  author={Li, Yun and Liu, Zhe and Chen, Hang and Yao, Lina},
  booktitle={CVPR},
  pages={17037--17046},
  year={2024}
}

@inproceedings{huang2024troika,
  title={Troika: Multi-path cross-modal traction for compositional zero-shot learning},
  author={Huang, Siteng and Gong, Biao and Feng, Yutong and Zhang, Min and Lv, Yiliang and Wang, Donglin},
  booktitle={CVPR},
  pages={24005--24014},
  year={2024}
}

@inproceedings{chao2016empirical,
  title={An empirical study and analysis of generalized zero-shot learning for object recognition in the wild},
  author={Chao, Wei-Lun and Changpinyo, Soravit and Gong, Boqing and Sha, Fei},
  booktitle={ECCV},
  pages={52--68},
  year={2016}
}

@inproceedings{misra2017red,
  title={From red wine to red tomato: Composition with context},
  author={Misra, Ishan and Gupta, Abhinav and Hebert, Martial},
  booktitle={CVPR},
  pages={1792--1801},
  year={2017}
}

@inproceedings{yang2020learning,
  title={Learning unseen concepts via hierarchical decomposition and composition},
  author={Yang, Muli and Deng, Cheng and Yan, Junchi and Liu, Xianglong and Tao, Dacheng},
  booktitle={CVPR},
  pages={10248--10256},
  year={2020}
}

@inproceedings{hao2023learning,
  title={Learning attention as disentangler for compositional zero-shot learning},
  author={Hao, Shaozhe and Han, Kai and Wong, Kwan-Yee K},
  booktitle={CVPR},
  pages={15315--15324},
  year={2023}
}

@inproceedings{saini2022disentangling,
  title={Disentangling visual embeddings for attributes and objects},
  author={Saini, Nirat and Pham, Khoi and Shrivastava, Abhinav},
  booktitle={CVPR},
  pages={13658--13667},
  year={2022}
}

@inproceedings{ruis2021independent,
  title={Independent prototype propagation for zero-shot compositionality},
  author={Ruis, Frank and Burghouts, Gertjan and Bucur, Doina},
  booktitle={NeurIPS},
  volume={34},
  pages={10641--10653},
  year={2021}
}

@inproceedings{li2022siamese,
  title={Siamese contrastive embedding network for compositional zero-shot learning},
  author={Li, Xiangyu and Yang, Xu and Wei, Kun and Deng, Cheng and Yang, Muli},
  booktitle={CVPR},
  pages={9326--9335},
  year={2022}
}

@inproceedings{atzmon2020causal,
  title={A causal view of compositional zero-shot recognition},
  author={Atzmon, Yuval and Kreuk, Felix and Shalit, Uri and Chechik, Gal},
  booktitle={NeurIPS},
  volume={33},
  pages={1462--1473},
  year={2020}
}

@article{yang2022decomposable,
  title={A decomposable causal view of compositional zero-shot learning},
  author={Yang, Muli and Xu, Chenghao and Wu, Aming and Deng, Cheng},
  journal={IEEE TMM},
  volume={25},
  pages={5892--5902},
  year={2022}
}

@inproceedings{li2023distilled,
  title={Distilled reverse attention network for open-world compositional zero-shot learning},
  author={Li, Yun and Liu, Zhe and Jha, Saurav and Yao, Lina},
  booktitle={ICCV},
  pages={1782--1791},
  year={2023}
}

@inproceedings{nayaklearning,
  title={Learning to Compose Soft Prompts for Compositional Zero-Shot Learning},
  author={Nayak, Nihal V and Yu, Peilin and Bach, Stephen},
  booktitle={ICLR},
 year={2023}
}

@inproceedings{lu2023decomposed,
  title={Decomposed soft prompt guided fusion enhancing for compositional zero-shot learning},
  author={Lu, Xiaocheng and Guo, Song and Liu, Ziming and Guo, Jingcai},
  booktitle={CVPR},
  pages={23560--23569},
  year={2023}
}

@inproceedings{jing2024retrieval,
  title={Retrieval-Augmented Primitive Representations for Compositional Zero-Shot Learning},
  author={Jing, Chenchen and Li, Yukun and Chen, Hao and Shen, Chunhua},
  booktitle={AAAI},
  volume={38},
  pages={2652--2660},
  year={2024}
}

@article{bao2023prompting,
  title={Prompting language-informed distribution for compositional zero-shot learning},
  author={Bao, Wentao and Chen, Lichang and Huang, Heng and Kong, Yu},
  journal={arXiv preprint arXiv:2305.14428},
  year={2023}
}

@article{xu2022prompting,
  title={Prompting large pre-trained vision-language models for compositional concept learning},
  author={Xu, Guangyue and Kordjamshidi, Parisa and Chai, Joyce},
  journal={arXiv preprint arXiv:2211.05077},
  year={2022}
}

@inproceedings{radford2021learning,
  title={Learning transferable visual models from natural language supervision},
  author={Radford, Alec and Kim, Jong Wook and Hallacy, Chris and Ramesh, Aditya and Goh, Gabriel and Agarwal, Sandhini and Sastry, Girish and Askell, Amanda and Mishkin, Pamela and Clark, Jack and others},
  booktitle={ICML},
  pages={8748--8763},
  year={2021}
}

@article{zhou2022learning,
  title={Learning to prompt for vision-language models},
  author={Zhou, Kaiyang and Yang, Jingkang and Loy, Chen Change and Liu, Ziwei},
  journal={IJCV},
  volume={130},
  number={9},
  pages={2337--2348},
  year={2022}
}

@inproceedings{xu2024gipcol,
  title={GIPCOL: Graph-Injected Soft Prompting for Compositional Zero-Shot Learning},
  author={Xu, Guangyue and Chai, Joyce and Kordjamshidi, Parisa},
  booktitle={WACV},
  pages={5774--5783},
  year={2024}
}

@inproceedings{zheng2024caila,
  title={CAILA: Concept-Aware Intra-Layer Adapters for Compositional Zero-Shot Learning},
  author={Zheng, Zhaoheng and Zhu, Haidong and Nevatia, Ram},
  booktitle={WACV},
  pages={1721--1731},
  year={2024}
}

@inproceedings{snell2017prototypical,
  title={Prototypical networks for few-shot learning},
  author={Snell, Jake and Swersky, Kevin and Zemel, Richard},
  booktitle={NeurIPS},
  volume={30},
  year={2017}
}

@article{aamodt1994case,
  title={Case-based reasoning: Foundational issues, methodological variations, and system approaches},
  author={Aamodt, Agnar and Plaza, Enric},
  journal={AI communications},
  volume={7},
  number={1},
  pages={39--59},
  year={1994}
}

@article{yang2021multiple,
  title={Multiple knowledge representation for big data artificial intelligence: framework, applications, and case studies},
  author={Yang, Yi and Zhuang, Yueting and Pan, Yunhe},
  journal={Frontiers of Information Technology \& Electronic Engineering},
  volume={22},
  number={12},
  pages={1551--1558},
  year={2021}
}

@misc{ruppert2004elements,
  title={The elements of statistical learning: data mining, inference, and prediction},
  author={Ruppert, David},
  year={2004},
  publisher={Taylor \& Francis}
}

@article{breiman2001random,
  title={Random forests},
  author={Breiman, Leo},
  journal={Machine learning},
  volume={45},
  pages={5--32},
  year={2001}
}

@article{cortes1995support,
  title={Support-Vector Networks},
  author={Cortes, C},
  journal={Machine Learning},
  year={1995}
}

@inproceedings{feng2023clustering,
  title={Clustering based point cloud representation learning for 3d analysis},
  author={Feng, Tuo and Wang, Wenguan and Wang, Xiaohan and Yang, Yi and Zheng, Qinghua},
  booktitle={ICCV},
  pages={8283--8294},
  year={2023}
}

@inproceedings{zhou2022rethinking,
  title={Rethinking semantic segmentation: A prototype view},
  author={Zhou, Tianfei and Wang, Wenguan and Konukoglu, Ender and Van Gool, Luc},
  booktitle={CVPR},
  pages={2582--2593},
  year={2022}
}

@inproceedings{qin2023unified,
  title={Unified 3d segmenter as prototypical classifiers},
  author={Qin, Zheyun and Han, Cheng and Wang, Qifan and Nie, Xiushan and Yin, Yilong and Xiankai, Lu},
  booktitle={NeuIPS},
  volume={36},
  pages={46419--46432},
  year={2023}
}

@inproceedings{wu2018unsupervised,
  title={Unsupervised feature learning via non-parametric instance discrimination},
  author={Wu, Zhirong and Xiong, Yuanjun and Yu, Stella X and Lin, Dahua},
  booktitle={CVPR},
  pages={3733--3742},
  year={2018}
}

@inproceedings{ye2019unsupervised,
  title={Unsupervised embedding learning via invariant and spreading instance feature},
  author={Ye, Mang and Zhang, Xu and Yuen, Pong C and Chang, Shih-Fu},
  booktitle={CVPR},
  pages={6210--6219},
  year={2019}
}

@inproceedings{xu2020attribute,
  title={Attribute prototype network for zero-shot learning},
  author={Xu, Wenjia and Xian, Yongqin and Wang, Jiuniu and Schiele, Bernt and Akata, Zeynep},
  booktitle={NeurIPS},
  volume={33},
  pages={21969--21980},
  year={2020}
}

@inproceedings{hu2023leveraging,
  title={Leveraging sub-class discimination for compositional zero-shot learning},
  author={Hu, Xiaoming and Wang, Zilei},
  booktitle={AAAI},
  volume={37},
  pages={890--898},
  year={2023}
}

@inproceedings{zhu2023transductive,
  title={Transductive few-shot learning with prototype-based label propagation by iterative graph refinement},
  author={Zhu, Hao and Koniusz, Piotr},
  booktitle={CVPR},
  pages={23996--24006},
  year={2023}
}

@inproceedings{hou2022closer,
  title={A closer look at prototype classifier for few-shot image classification},
  author={Hou, Mingcheng and Sato, Issei},
  booktitle={NeurIPS},
  volume={35},
  pages={25767--25778},
  year={2022}
}

@article{kingma2014adam,
  title={Adam: A method for stochastic optimization},
  author={Kingma, Diederik P},
  journal={arXiv preprint arXiv:1412.6980},
  year={2014}
}

@inproceedings{asano2019self,
  title={Self-labelling via simultaneous clustering and representation learning},
  author={Asano, Yuki Markus and Rupprecht, Christian and Vedaldi, Andrea},
  booktitle={ICLR},
  year={2020}
}

@inproceedings{gretton2007kernel,
  title={A kernel statistical test of independence},
  author={Gretton, Arthur and Fukumizu, Kenji and Teo, Choon and Song, Le and Sch{\"o}lkopf, Bernhard and Smola, Alex},
  booktitle={NeurIPS},
  volume={20},
  year={2007}
}

@inproceedings{anwaar2022leveraging,
  title={On leveraging variational graph embeddings for open world compositional zero-shot learning},
  author={Anwaar, Muhammad Umer and Pan, Zhihui and Kleinsteuber, Martin},
  booktitle={ACM MM},
  pages={4645--4654},
  year={2022}
}

@article{mancini2022learning,
  title={Learning graph embeddings for open world compositional zero-shot learning},
  author={Mancini, Massimiliano and Naeem, Muhammad Ferjad and Xian, Yongqin and Akata, Zeynep},
  journal={IEEE TPAMI},
  volume={46},
  number={3},
  pages={1545--1560},
  year={2022}
}

@inproceedings{houlsby2019parameter,
  title={Parameter-efficient transfer learning for NLP},
  author={Houlsby, Neil and Giurgiu, Andrei and Jastrzebski, Stanislaw and Morrone, Bruna and De Laroussilhe, Quentin and Gesmundo, Andrea and Attariyan, Mona and Gelly, Sylvain},
  booktitle={ICML},
  pages={2790--2799},
  year={2019}
}

@inproceedings{hu2021lora,
  title={Lora: Low-rank adaptation of large language models},
  author={Hu, Edward J and Shen, Yelong and Wallis, Phillip and Allen-Zhu, Zeyuan and Li, Yuanzhi and Wang, Shean and Wang, Lu and Chen, Weizhu},
  booktitle={ICLR},
  year={2022}
}


@article{hebart2020revealing,
  title={Revealing the multidimensional mental representations of natural objects underlying human similarity judgements},
  author={Hebart, Martin N and Zheng, Charles Y and Pereira, Francisco and Baker, Chris I},
  journal={Nature human behaviour},
  volume={4},
  number={11},
  pages={1173--1185},
  year={2020}
}

@article{lake2017building,
  title={Building machines that learn and think like people},
  author={Lake, Brenden M and Ullman, Tomer D and Tenenbaum, Joshua B and Gershman, Samuel J},
  journal={Behavioral and brain sciences},
  volume={40},
  pages={e253},
  year={2017}
}

@article{atzmon2016learning,
  title={Learning to generalize to new compositions in image understanding},
  author={Atzmon, Yuval and Berant, Jonathan and Kezami, Vahid and Globerson, Amir and Chechik, Gal},
  journal={arXiv preprint arXiv:1608.07639},
  year={2016}
}


@inproceedings{jiang2024revealing,
  title={Revealing the Proximate Long-Tail Distribution in Compositional Zero-Shot Learning},
  author={Jiang, Chenyi and Zhang, Haofeng},
  booktitle={AAAI},
  volume={38},
  pages={2498--2506},
  year={2024}
}

@inproceedings{karthik2022kg,
  title={Kg-sp: Knowledge guided simple primitives for open world compositional zero-shot learning},
  author={Karthik, Shyamgopal and Mancini, Massimiliano and Akata, Zeynep},
  booktitle={CVPR},
  pages={9336--9345},
  year={2022}
}

@article{xu2021relation,
  title={Relation-aware compositional zero-shot learning for attribute-object pair recognition},
  author={Xu, Ziwei and Wang, Guangzhi and Wong, Yongkang and Kankanhalli, Mohan S},
  journal={IEEE TMM},
  volume={24},
  pages={3652--3664},
  year={2021}
}

@inproceedings{zhang2022learning,
  title={Learning invariant visual representations for compositional zero-shot learning},
  author={Zhang, Tian and Liang, Kongming and Du, Ruoyi and Sun, Xian and Ma, Zhanyu and Guo, Jun},
  booktitle={ECCV},
  pages={339--355},
  year={2022}
}

@article{rakotomamonjy2015generalized,
  title={Generalized conditional gradient: analysis of convergence and applications},
  author={Rakotomamonjy, Alain and Flamary, R{\'e}mi and Courty, Nicolas},
  journal={arXiv preprint arXiv:1510.06567},
  year={2015}
}

@article{dykstra1983algorithm,
  title={An algorithm for restricted least squares regression},
  author={Dykstra, Richard L},
  journal={Journal of the American Statistical Association},
  volume={78},
  number={384},
  pages={837--842},
  year={1983}
}

@article{liu2023simple,
  title={Simple primitives with feasibility-and contextuality-dependence for open-world compositional zero-shot learning},
  author={Liu, Zhe and Li, Yun and Yao, Lina and Chang, Xiaojun and Fang, Wei and Wu, Xiaojun and El Saddik, Abdulmotaleb},
  journal={IEEE TPAMI},
  year={2023}
}

@inproceedings{li2020symmetry,
  title={Symmetry and group in attribute-object compositions},
  author={Li, Yong-Lu and Xu, Yue and Mao, Xiaohan and Lu, Cewu},
  booktitle={CVPR},
  pages={11316--11325},
  year={2020}
}

@inproceedings{kim2023hierarchical,
  title={Hierarchical visual primitive experts for compositional zero-shot learning},
  author={Kim, Hanjae and Lee, Jiyoung and Park, Seongheon and Sohn, Kwanghoon},
  booktitle={ICCV},
  pages={5675--5685},
  year={2023}
}

@article{yang2023dual,
  title={Dual-stream contrastive learning for compositional zero-shot recognition},
  author={Yang, Yanhua and Pan, Rui and Li, Xiangyu and Yang, Xu and Deng, Cheng},
  journal={IEEE TMM},
  volume={26},
  pages={1909--1919},
  year={2023}
}

@inproceedings{chang2023csot,
  title={Csot: Curriculum and structure-aware optimal transport for learning with noisy labels},
  author={Chang, Wanxing and Shi, Ye and Wang, Jingya},
  booktitle={NeurIPS},
  volume={36},
  pages={8528--8541},
  year={2023}
}

@inproceedings{cuturi2013sinkhorn,
  title={Sinkhorn distances: Lightspeed computation of optimal transport},
  author={Cuturi, Marco},
  booktitle={NeurIPS},
  volume={26},
  year={2013}
}

@article{kantorovich2006translocation,
  title={On the Translocation of Masses.},
  author={Kantorovich, Leonid V},
  journal={Journal of mathematical sciences},
  volume={133},
  number={4},
  year={2006}
}

@inproceedings{chanscribble,
  title={Scribble-Supervised Semantic Segmentation with Prototype-based Feature Augmentation},
  author={Chan, Guiyang and Zhang, Pengcheng and Dong, Hai and Ji, Shunhui and Chen, Bainian},
  booktitle={ICML},
  year={2024}
}

@inproceedings{he2016deep,
  title={Deep residual learning for image recognition},
  author={He, Kaiming and Zhang, Xiangyu and Ren, Shaoqing and Sun, Jian},
  booktitle={CVPR},
  pages={770--778},
  year={2016}
}

@inproceedings{nagarajan2018attributes,
  title={Attributes as operators: factorizing unseen attribute-object compositions},
  author={Nagarajan, Tushar and Grauman, Kristen},
  booktitle={ECCV},
  pages={169--185},
  year={2018}
}

@inproceedings{mancini2021open,
  title={Open world compositional zero-shot learning},
  author={Mancini, Massimiliano and Naeem, Muhammad Ferjad and Xian, Yongqin and Akata, Zeynep},
  booktitle={CVPR},
  pages={5222--5230},
  year={2021}
}

@inproceedings{wang2023learning,
  title={Learning conditional attributes for compositional zero-shot learning},
  author={Wang, Qingsheng and Liu, Lingqiao and Jing, Chenchen and Chen, Hao and Liang, Guoqiang and Wang, Peng and Shen, Chunhua},
  booktitle={CVPR},
  pages={11197--11206},
  year={2023}
}

@inproceedings{khan2023learning,
  title={Learning attention propagation for compositional zero-shot learning},
  author={Khan, Muhammad Gul Zain Ali and Naeem, Muhammad Ferjad and Van Gool, Luc and Pagani, Alain and Stricker, Didier and Afzal, Muhammad Zeshan},
  booktitle={WACV},
  pages={3828--3837},
  year={2023}
}

@inproceedings{jia2021scaling,
  title={Scaling up visual and vision-language representation learning with noisy text supervision},
  author={Jia, Chao and Yang, Yinfei and Xia, Ye and Chen, Yi-Ting and Parekh, Zarana and Pham, Hieu and Le, Quoc and Sung, Yun-Hsuan and Li, Zhen and Duerig, Tom},
  booktitle={ICML},
  pages={4904--4916},
  year={2021}
}

@inproceedings{li2022blip,
  title={Blip: Bootstrapping language-image pre-training for unified vision-language understanding and generation},
  author={Li, Junnan and Li, Dongxu and Xiong, Caiming and Hoi, Steven},
  booktitle={ICML},
  pages={12888--12900},
  year={2022}
}

@inproceedings{simonyan2014very,
  title={Very deep convolutional networks for large-scale image recognition},
  author={Simonyan, Karen and Zisserman, Andrew},
  booktitle={ICLR},
  year={2015}
}

@inproceedings{liu2021swin,
  title={Swin transformer: Hierarchical vision transformer using shifted windows},
  author={Liu, Ze and Lin, Yutong and Cao, Yue and Hu, Han and Wei, Yixuan and Zhang, Zheng and Lin, Stephen and Guo, Baining},
  booktitle={ICCV},
  pages={10012--10022},
  year={2021}
}

@article{cover1967nearest,
  title={Nearest neighbor pattern classification},
  author={Cover, Thomas and Hart, Peter},
  journal={IEEE TIT},
  volume={13},
  number={1},
  pages={21--27},
  year={1967}
}

@article{garcia2012prototype,
  title={Prototype selection for nearest neighbor classification: Taxonomy and empirical study},
  author={Garcia, Salvador and Derrac, Joaquin and Cano, Jose and Herrera, Francisco},
  journal={IEEE TPAMI},
  volume={34},
  number={3},
  pages={417--435},
  year={2012}
}

@inproceedings{goldberger2004neighbourhood,
  title={Neighbourhood components analysis},
  author={Goldberger, Jacob and Hinton, Geoffrey E and Roweis, Sam and Salakhutdinov, Russ R},
  booktitle={NeurIPS},
  volume={17},
  year={2004}
}

@inproceedings{he2005neighborhood,
  title={Neighborhood preserving embedding},
  author={He, Xiaofei and Cai, Deng and Yan, Shuicheng and Zhang, Hong-Jiang},
  booktitle={ICCV},
  volume={2},
  pages={1208--1213},
  year={2005}
}

@inproceedings{jeong2021few,
  title={Few-shot open-set recognition by transformation consistency},
  author={Jeong, Minki and Choi, Seokeon and Kim, Changick},
  booktitle={CVPR},
  pages={12566--12575},
  year={2021}
}

@inproceedings{li2023open,
  title={Open-set semantic segmentation for point clouds via adversarial prototype framework},
  author={Li, Jianan and Dong, Qiulei},
  booktitle={CVPR},
  pages={9425--9434},
  year={2023}
}

@article{lu2024learning,
  title={Learning with mixture of prototypes for out-of-distribution detection},
  author={Lu, Haodong and Gong, Dong and Wang, Shuo and Xue, Jason and Yao, Lina and Moore, Kristen},
  journal={ICLR},
  year={2024}
}

@article{ming2022exploit,
  title={How to exploit hyperspherical embeddings for out-of-distribution detection?},
  author={Ming, Yifei and Sun, Yiyou and Dia, Ousmane and Li, Yixuan},
  journal={ICLR},
  year={2023}
}

@article{jing2020self,
  title={Self-supervised visual feature learning with deep neural networks: A survey},
  author={Jing, Longlong and Tian, Yingli},
  journal={IEEE TPAMI},
  volume={43},
  number={11},
  pages={4037--4058},
  year={2020}
}

@article{ericsson2022self,
  title={Self-supervised representation learning: Introduction, advances, and challenges},
  author={Ericsson, Linus and Gouk, Henry and Loy, Chen Change and Hospedales, Timothy M},
  journal={IEEE Signal Processing Magazine},
  volume={39},
  number={3},
  pages={42--62},
  year={2022}
}

@article{kaya2019deep,
  title={Deep metric learning: A survey},
  author={Kaya, Mahmut and Bilge, Hasan {\c{S}}akir},
  journal={Symmetry},
  volume={11},
  number={9},
  pages={1066},
  year={2019}
}

@article{zhai2018classification,
  title={Classification is a strong baseline for deep metric learning},
  author={Zhai, Andrew and Wu, Hao-Yu},
  journal={arXiv preprint arXiv:1811.12649},
  year={2018}
}


@inproceedings{hadsell2006dimensionality,
  title={Dimensionality reduction by learning an invariant mapping},
  author={Hadsell, Raia and Chopra, Sumit and LeCun, Yann},
  booktitle={CVPR},
  volume={2},
  pages={1735--1742},
  year={2006}
}

@book{chomsky2014aspects,
  title={Aspects of the Theory of Syntax},
  author={Chomsky, Noam},
  year={2014},
  publisher={MIT press}
}

@article{wang2024visual,
  title={Visual Knowledge in the Big Model Era: Retrospect and Prospect},
  author={Wang, Wenguan and Yang, Yi and Pan, Yunhe},
  journal={arXiv preprint arXiv:2404.04308},
  year={2024}
}


@article{chen2023protoclip,
  title={ProtoCLIP: Prototypical Contrastive Language Image Pretraining},
  author={Chen, Delong and Wu, Zhao and Liu, Fan and Yang, Zaiquan and Zheng, Shaoqiu and Tan, Ying and Zhou, Erjin},
  journal={IEEE TNNLS},
  year={2023}
}

@inproceedings{wang2021dual,
  title={Dual progressive prototype network for generalized zero-shot learning},
  author={Wang, Chaoqun and Min, Shaobo and Chen, Xuejin and Sun, Xiaoyan and Li, Houqiang},
  booktitle={NeurIPS},
  volume={34},
  pages={2936--2948},
  year={2021}
}

@inproceedings{hou2024visual,
  title={Visual-Augmented Dynamic Semantic Prototype for Generative Zero-Shot Learning},
  author={Hou, Wenjin and Chen, Shiming and Chen, Shuhuang and Hong, Ziming and Wang, Yan and Feng, Xuetao and Khan, Salman and Khan, Fahad Shahbaz and You, Xinge},
  booktitle={CVPR},
  pages={23627--23637},
  year={2024}
}

@article{chen2022prompt,
  title={Prompt learning with optimal transport for vision-language models},
  author={Chen, Guangyi and Yao, Weiran and Song, Xiangchen and Li, Xinyue and Rao, Yongming and Zhang, Kun},
  journal={arXiv preprint arXiv:2210.01253},
   year={2022}
}

@inproceedings{caron2020unsupervised,
  title={Unsupervised learning of visual features by contrasting cluster assignments},
  author={Caron, Mathilde and Misra, Ishan and Mairal, Julien and Goyal, Priya and Bojanowski, Piotr and Joulin, Armand},
  booktitle={NeurIPS},
  volume={33},
  pages={9912--9924},
  year={2020}
}

@inproceedings{caron2018deep,
  title={Deep clustering for unsupervised learning of visual features},
  author={Caron, Mathilde and Bojanowski, Piotr and Joulin, Armand and Douze, Matthijs},
  booktitle={ECCV},
  pages={132--149},
  year={2018}
}

@inproceedings{ronen2022deepdpm,
  title={Deepdpm: Deep clustering with an unknown number of clusters},
  author={Ronen, Meitar and Finder, Shahaf E and Freifeld, Oren},
  booktitle={CVPR},
  pages={9861--9870},
  year={2022}
}

@inproceedings{caron2021emerging,
  title={Emerging properties in self-supervised vision transformers},
  author={Caron, Mathilde and Touvron, Hugo and Misra, Ishan and J{\'e}gou, Herv{\'e} and Mairal, Julien and Bojanowski, Piotr and Joulin, Armand},
  booktitle={ICCV},
  pages={9650--9660},
  year={2021}
}

@inproceedings{deng2009imagenet,
  title={Imagenet: A large-scale hierarchical image database},
  author={Deng, Jia and Dong, Wei and Socher, Richard and Li, Li-Jia and Li, Kai and Fei-Fei, Li},
  booktitle={CVPR},
  pages={248--255},
  year={2009}
}

@inproceedings{mikolov2013distributed,
  title={Distributed representations of words and phrases and their compositionality},
  author={Mikolov, Tomas and Sutskever, Ilya and Chen, Kai and Corrado, Greg S and Dean, Jeff},
  booktitle={NeurIPS},
  volume={26},
  year={2013}
}

@inproceedings{chen2024neural,
  title={Neural clustering based visual representation learning},
  author={Chen, Guikun and Li, Xia and Yang, Yi and Wang, Wenguan},
  booktitle={CVPR},
  pages={5714--5725},
  year={2024}
}

@inproceedings{quan2024clustering,
  title={Clustering for protein representation learning},
  author={Quan, Ruijie and Wang, Wenguan and Ma, Fan and Fan, Hehe and Yang, Yi},
  booktitle={CVPR},
  pages={319--329},
  year={2024}
}

@inproceedings{ding2024clustering,
  title={Clustering propagation for universal medical image segmentation},
  author={Ding, Yuhang and Li, Liulei and Wang, Wenguan and Yang, Yi},
  booktitle={CVPR},
  pages={3357--3369},
  year={2024}
}

@inproceedings{liang2024clusterfomer,
  title={Clusterfomer: clustering as a universal visual learner},
  author={Liang, James and Cui, Yiming and Wang, Qifan and Geng, Tong and Wang, Wenguan and Liu, Dongfang},
  booktitle={NeurIPS},
  volume={36},
  year={2024}
}

@inproceedings{wangvisual,
  title={Visual Recognition with Deep Nearest Centroids},
  author={Wang, Wenguan and Han, Cheng and Zhou, Tianfei and Liu, Dongfang},
  booktitle={ICLR},
  year={2023}
}

@inproceedings{liang2023clustseg,
  title={CLUSTSEG: Clustering for Universal Segmentation},
  author={Liang, James Chenhao and Zhou, Tianfei and Liu, Dongfang and Wang, Wenguan},
  booktitle={ICML},
  pages={20787--20809},
  year={2023}
}

@article{zhou2024prototype,
  title={Prototype-based semantic segmentation},
  author={Zhou, Tianfei and Wang, Wenguan},
  journal={IEEE TPAMI},
  year={2024}
}

@inproceedings{liang2022gmmseg,
  title={Gmmseg: Gaussian mixture based generative semantic segmentation models},
  author={Liang, Chen and Wang, Wenguan and Miao, Jiaxu and Yang, Yi},
  booktitle={NeurIPS},
  volume={35},
  pages={31360--31375},
  year={2022}
}

