@inproceedings{weng2024aggressive,
  title={An aggressive cornering framework for autonomous vehicles combining trajectory planning and drift control},
  author={Weng, Wangjia and Hu, Cheng and Li, Zhouheng and Su, Hongye and Xie, Lei},
  booktitle={2024 IEEE Intelligent Vehicles Symposium (IV)},
  pages={2749--2755},
  year={2024},
  organization={IEEE}
}
@inproceedings{stahl2019multilayer,
  title={Multilayer graph-based trajectory planning for race vehicles in dynamic scenarios},
  author={Stahl, Tim and Wischnewski, Alexander and Betz, Johannes and Lienkamp, Markus},
  booktitle={2019 IEEE intelligent transportation systems conference (ITSC)},
  pages={3149--3154},
  year={2019},
  organization={IEEE}
}
@article{heilmeier2020minimum,
  title={Minimum curvature trajectory planning and control for an autonomous race car},
  author={Heilmeier, Alexander and Wischnewski, Alexander and Hermansdorfer, Leonhard and Betz, Johannes and Lienkamp, Markus and Lohmann, Boris},
  journal={Vehicle System Dynamics},
  year={2020},
  publisher={Taylor \& Francis}
}
@article{christ2021time,
  title={Time-optimal trajectory planning for a race car considering variable tyre-road friction coefficients},
  author={Christ, Fabian and Wischnewski, Alexander and Heilmeier, Alexander and Lohmann, Boris},
  journal={Vehicle system dynamics},
  volume={59},
  number={4},
  pages={588--612},
  year={2021},
  publisher={Taylor \& Francis}
}
@article{heilmeier2019minimum,
  title={Minimum curvature trajectory planning and control for an autonomous race car},
  author={Heilmeier, Alexander and Wischnewski, Alexander and Hermansdorfer, Leonhard and Betz, Johannes and Lienkamp, Markus and Lohmann, Boris},
  journal={Vehicle System Dynamics},
  year={2019},
  publisher={Taylor \& Francis}
}


@INPROCEEDINGS{8460743,
  author={Walsh, Corey H. and Karaman, Sertac},
  booktitle={2018 IEEE International Conference on Robotics and Automation (ICRA)}, 
  title={CDDT: Fast Approximate 2D Ray Casting for Accelerated Localization}, 
  year={2018},
  volume={},
  number={},
  pages={3677-3684},
  keywords={Casting;Table lookup;Robot sensing systems;Transforms;Approximation algorithms;Memory management;Acceleration},
  doi={10.1109/ICRA.2018.8460743}
}


@inproceedings{45466,
title = {Real-Time Loop Closure in 2D LIDAR SLAM},
author  = {Wolfgang Hess and Damon Kohler and Holger Rapp and Daniel Andor},
year  = 2016,
booktitle = {2016 IEEE International Conference on Robotics and Automation (ICRA)},
pages = {1271--1278}
}
@article{o2020f1tenth,
  title={F1tenth: An open-source evaluation environment for continuous control and reinforcement learning},
  author={O'Kelly, Matthew and Zheng, Hongrui and Karthik, Dhruv and Mangharam, Rahul},
  journal={Proceedings of Machine Learning Research},
  volume={123},
  year={2020}
}
@Article{Andersson2019,
  author = {Joel A E Andersson and Joris Gillis and Greg Horn
            and James B Rawlings and Moritz Diehl},
  title = {{CasADi} -- {A} software framework for nonlinear optimization
           and optimal control},
  journal = {Mathematical Programming Computation},
  volume = {11},
  number = {1},
  pages = {1--36},
  year = {2019},
  publisher = {Springer},
  doi = {10.1007/s12532-018-0139-4}
}
@inproceedings{becker2023model,
  title={Model-and acceleration-based pursuit controller for high-performance autonomous racing},
  author={Becker, Jonathan and Imholz, Nadine and Schwarzenbach, Luca and Ghignone, Edoardo and Baumann, Nicolas and Magno, Michele},
  booktitle={2023 IEEE International Conference on Robotics and Automation (ICRA)},
  pages={5276--5283},
  year={2023},
  organization={IEEE}
}
@misc{smith1997scientist,
  title={The scientist and engineer's guide to digital signal processing},
  author={Smith, Steven W and others},
  year={1997},
  publisher={California Technical Pub. San Diego}
}