@article{betz2022autonomous,
  title={Autonomous vehicles on the edge: A survey on autonomous vehicle racing},
  author={Betz, Johannes and Zheng, Hongrui and Liniger, Alexander and Rosolia, Ugo and Karle, Phillip and Behl, Madhur and Krovi, Venkat and Mangharam, Rahul},
  journal={IEEE Open Journal of Intelligent Transportation Systems},
  volume={3},
  pages={458--488},
  year={2022},
  publisher={IEEE}
}

@article{braghinRaceDriverModel2008,
  title={Race driver model},
  author={Braghin, Francesco and Cheli, Federico and Melzi, Stefano and Sabbioni, Edoardo},
  journal={Computers \& Structures},
  volume={86},
  number={13-14},
  pages={1503--1516},
  year={2008},
  publisher={Elsevier}
}


@article{chuAutonomousHighspeedOvertaking2023,
  title={Autonomous high-speed overtaking of intelligent chassis using fast iterative model predictive control},
  author={Chu, Hongqing and Meng, Dele and Huang, Siwen and Tian, Mengjian and Zhang, Jia and Gao, Bingzhao and Chen, Hong},
  journal={IEEE Transactions on Transportation Electrification},
  volume={10},
  number={1},
  pages={1244--1256},
  year={2023},
  publisher={IEEE}
}

@inproceedings{dombergDeepDriftingAutonomous2022,
  title={Deep drifting: Autonomous drifting of arbitrary trajectories using deep reinforcement learning},
  author={Domberg, Fabian and Wembers, Carlos Castelar and Patel, Hiren and Schildbach, Georg},
  booktitle={2022 International Conference on Robotics and Automation (ICRA)},
  pages={7753--7759},
  year={2022},
  organization={IEEE}
}

@article{heilmeierMinimumCurvatureTrajectory2020,
  title = {Minimum Curvature Trajectory Planning and Control for an Autonomous Race Car},
  author = {Heilmeier, Alexander and Wischnewski, Alexander and Hermansdorfer, Leonhard and Betz, Johannes and Lienkamp, Markus and Lohmann, Boris},
  date = {2020-10-02},
  journaltitle = {Vehicle System Dynamics},
  shortjournal = {Vehicle System Dynamics},
  volume = {58},
  number = {10},
  pages = {1497--1527},
  issn = {0042-3114, 1744-5159},
  doi = {10.1080/00423114.2019.1631455},
  urldate = {2023-06-11},
  langid = {english}
}

@inproceedings{huCombinedFastControl2022,
  title={Combined fast control of drifting state and trajectory tracking for autonomous vehicles based on MPC controller},
  author={Hu, Cheng and Zhou, Xiaoling and Duo, Ran and Xiong, Haokun and Qi, Yu and Zhang, Zhiming and Xie, Lei},
  booktitle={2022 International Conference on Robotics and Automation (ICRA)},
  pages={1373--1379},
  year={2022},
  organization={IEEE}
}

@article{kapaniaSequentialTwoStepAlgorithm2016,
  title={A sequential two-step algorithm for fast generation of vehicle racing trajectories},
  author={Kapania, Nitin R and Subosits, John and Christian Gerdes, J},
  journal={Journal of Dynamic Systems, Measurement, and Control},
  volume={138},
  number={9},
  pages={091005},
  year={2016},
  publisher={American Society of Mechanical Engineers}
}

@article{linigerOptimizationbasedAutonomousRacing2015,
  title={Optimization-based autonomous racing of 1: 43 scale RC cars},
  author={Liniger, Alexander and Domahidi, Alexander and Morari, Manfred},
  journal={Optimal Control Applications and Methods},
  volume={36},
  number={5},
  pages={628--647},
  year={2015},
  publisher={Wiley Online Library}
}

@inproceedings{lyonsCurvatureAwareModelPredictive2023,
  title={Curvature-Aware Model Predictive Contouring Control},
  author={Lyons, Lorenzo and Ferranti, Laura},
  booktitle={2023 IEEE International Conference on Robotics and Automation (ICRA)},
  pages={3204--3210},
  year={2023},
  organization={IEEE}
}

@article{nilssonManoeuvreGenerationControl2014,
  title={Manoeuvre generation and control for automated highway driving},
  author={Nilsson, Julia and Gao, Yiqi and Carvalho, Ashwin and Borrelli, Francesco},
  journal={IFAC Proceedings Volumes},
  volume={47},
  number={3},
  pages={6301--6306},
  year={2014},
  publisher={Elsevier}
}

@article{picottiNonlinearModelPredictiveContouring2023,
  title={A nonlinear model-predictive contouring controller for shared control driving assistance in high-performance scenarios},
  author={Picotti, Enrico and Bruschetta, Mattia and Mion, Enrico and Beghi, Alessandro},
  journal={IEEE Transactions on Systems, Man, and Cybernetics: Systems},
  volume={53},
  number={1},
  pages={204--215},
  year={2022},
  publisher={IEEE}
}

@inproceedings{qiMPCbasedControllerFramework2021,
  title={An mpc-based controller framework for agile maneuvering of autonomous vehicles},
  author={Qi, Yu and Zhang, Zhiming and Hu, Cheng and Zhou, Xiaoling and Xie, Lei and Su, Hongye},
  booktitle={2021 IEEE Intelligent Vehicles Symposium (IV)},
  pages={1228--1234},
  year={2021},
  organization={IEEE}
}

@inproceedings{reiterHierarchicalApproachStrategic2023,
  title={A hierarchical approach for strategic motion planning in autonomous racing},
  author={Reiter, Rudolf and Hoffmann, Jasper and Boedecker, Joschka and Diehl, Moritz},
  booktitle={2023 European Control Conference (ECC)},
  pages={1--8},
  year={2023},
  organization={IEEE}
}


@article{sivashangaranNonlinearModelPredictive2022,
  title={Nonlinear model predictive control for optimal motion planning in autonomous race cars},
  author={Sivashangaran, Shathushan and Patel, Darshit and Eskandarian, Azim},
  journal={IFAC-PapersOnLine},
  volume={55},
  number={37},
  pages={645--650},
  year={2022},
  publisher={Elsevier}
}

@inproceedings{werlingOptimalTrajectoryGeneration2010,
  title={Optimal trajectory generation for dynamic street scenarios in a frenet frame},
  author={Werling, Moritz and Ziegler, Julius and Kammel, S{\"o}ren and Thrun, Sebastian},
  booktitle={2010 IEEE international conference on robotics and automation},
  pages={987--993},
  year={2010},
  organization={IEEE}
}

@article{zhangGuaranteedCollisionFree2021,
  title={A guaranteed collision-free trajectory planning method for autonomous parking},
  author={Zhang, Zhiming and Lu, Shan and Xie, Lei and Su, Hongye and Li, Dongliu and Wang, Qibing and Xu, Weihua},
  journal={IET Intelligent Transport Systems},
  volume={15},
  number={2},
  pages={331--343},
  year={2021},
  publisher={Wiley Online Library}
}

@article{zhangOptimizationBasedCollisionAvoidance2021,
  title={Optimization-based collision avoidance},
  author={Zhang, Xiaojing and Liniger, Alexander and Borrelli, Francesco},
  journal={IEEE Transactions on Control Systems Technology},
  volume={29},
  number={3},
  pages={972--983},
  year={2020},
  publisher={IEEE}
}

@inproceedings{zhangTrajectoryTrackingControl2020,
  title = {Trajectory Tracking Control for Autonomous Parking Using Reduced-Horizon Model Predictive Control},
  booktitle = {2020 4th {{CAA International Conference}} on {{Vehicular Control}} and {{Intelligence}} ({{CVCI}})},
  author = {Zhang, Zhiming and Xie, Lei and Su, Hongye},
  date = {2020-12-18},
  pages = {401--405},
  publisher = {{IEEE}},
  location = {{Hangzhou, China}},
  doi = {10.1109/CVCI51460.2020.9338599},
  urldate = {2023-11-15},
  eventtitle = {2020 4th {{CAA International Conference}} on {{Vehicular Control}} and {{Intelligence}} ({{CVCI}})},
  isbn = {978-1-72818-497-5},
  langid = {english}
}

@inproceedings{zhouLearningBasedMPCController2022,
  title={Learning-based mpc controller for drift control of autonomous vehicles},
  author={Zhou, Xiaoling and Hu, Cheng and Duo, Ran and Xiong, Haokun and Qi, Yu and Zhang, Zhiming and Su, Hongye and Xie, Lei},
  booktitle={2022 IEEE 25th International Conference on Intelligent Transportation Systems (ITSC)},
  pages={322--328},
  year={2022},
  organization={IEEE}
}
