@article{braghinRaceDriverModel2008,
  title={Race driver model},
  author={Braghin, Francesco and Cheli, Federico and Melzi, Stefano and Sabbioni, Edoardo},
  journal={Computers \& Structures},
  volume={86},
  number={13-14},
  pages={1503--1516},
  year={2008},
  publisher={Elsevier}
}

@article{kapaniaSequentialTwoStepAlgorithm2016,
  title={A sequential two-step algorithm for fast generation of vehicle racing trajectories},
  author={Kapania, Nitin R and Subosits, John and Christian Gerdes, J},
  journal={Journal of Dynamic Systems, Measurement, and Control},
  volume={138},
  number={9},
  pages={091005},
  year={2016},
  publisher={American Society of Mechanical Engineers}
}

@inproceedings{lyonsCurvatureAwareModelPredictive2023,
  title={Curvature-Aware Model Predictive Contouring Control},
  author={Lyons, Lorenzo and Ferranti, Laura},
  booktitle={2023 IEEE International Conference on Robotics and Automation (ICRA)},
  pages={3204--3210},
  year={2023},
  organization={IEEE}
}

@article{sivashangaranNonlinearModelPredictive2022,
  title={Nonlinear model predictive control for optimal motion planning in autonomous race cars},
  author={Sivashangaran, Shathushan and Patel, Darshit and Eskandarian, Azim},
  journal={IFAC-PapersOnLine},
  volume={55},
  number={37},
  pages={645--650},
  year={2022},
  publisher={Elsevier}
}

