@article{aa_cgka,
      title={Attribute-Based Authentication in Secure Group Messaging for Distributed Environments}, 
      author={David Soler and Carlos Dafonte and Manuel Fernández-Veiga and Ana Fernández Vilas and Francisco J. Nóvoa},
      year={2024},
      eprint={2405.12042},
      archivePrefix={arXiv},
      primaryClass={cs.CR},
      journal={arXiv}
}

@misc{a_cgka,
      author = {David Balbás and Daniel Collins and Serge Vaudenay},
      title = {Cryptographic Administration for Secure Group Messaging},
      howpublished = {Cryptology ePrint Archive, Paper 2022/1411},
      year = {2022},
      url = {https://eprint.iacr.org/2022/1411}
}

@incollection{cgka_analysis,
	address = {Cham},
	title = {Security {Analysis} and {Improvements} for the {IETF} {MLS} {Standard} for {Group} {Messaging}},
	volume = {12170},
	isbn = {978-3-030-56783-5 978-3-030-56784-2},
	language = {en},
	booktitle = {Advances in {Cryptology} – {CRYPTO} 2020},
	publisher = {Springer International Publishing},
	author = {Alwen, Joël and Coretti, Sandro and Dodis, Yevgeniy and Tselekounis, Yiannis},
	editor = {Micciancio, Daniele and Ristenpart, Thomas},
	year = {2020},
	doi = {10.1007/978-3-030-56784-2\_9},
	note = {Series Title: Lecture Notes in Computer Science},
	pages = {248--277},
}

@InProceedings{cost_1,
author="Auerbach, Benedikt
and Cueto Noval, Miguel
and Pascual-Perez, Guillermo
and Pietrzak, Krzysztof",
editor="Rothblum, Guy
and Wee, Hoeteck",
title="On the Cost of Post-compromise Security in Concurrent Continuous Group-Key Agreement",
booktitle="Theory of Cryptography",
year="2023",
publisher="Springer Nature Switzerland",
address="Cham",
pages="271--300",

isbn="978-3-031-48621-0"
}

@InProceedings{cost_2,
author="Anastos, Michael
and Auerbach, Benedikt
and Baig, Mirza Ahad
and Noval, Miguel Cueto
and Kwan, Matthew
and Pascual-Perez, Guillermo
and Pietrzak, Krzysztof",
editor="Boyle, Elette
and Mahmoody, Mohammad",
title="The Cost of Maintaining Keys in Dynamic Groups with Applications to Multicast Encryption and Group Messaging",
booktitle="Theory of Cryptography",
year="2025",
publisher="Springer Nature Switzerland",
address="Cham",
pages="413--443",
isbn="978-3-031-78011-0"
}

@incollection{itk,
	address = {Cham},
	title = {On the {Insider} {Security} of {MLS}},
	volume = {13508},
	isbn = {978-3-031-15978-7 978-3-031-15979-4},
	url = {https://link.springer.com/10.1007/978-3-031-15979-4\_2},
	language = {en},
	urldate = {2024-01-31},
	booktitle = {Advances in {Cryptology} – {CRYPTO} 2022},
	publisher = {Springer Nature Switzerland},
	author = {Alwen, Joël and Jost, Daniel and Mularczyk, Marta},
	editor = {Dodis, Yevgeniy and Shrimpton, Thomas},
	year = {2022},
	doi = {10.1007/978-3-031-15979-4\_2},
	note = {Series Title: Lecture Notes in Computer Science},
	pages = {34--68},
}

@misc{decaf,
      author = {Joël Alwen and Benedikt Auerbach and Miguel Cueto Noval and Karen Klein and Guillermo Pascual-Perez and Krzysztof Pietrzak},
      title = {DeCAF: Decentralizable Continuous Group Key Agreement with Fast Healing},
      howpublished = {Cryptology ePrint Archive, Paper 2022/559},
      year = {2022},
      note = {\url{https://eprint.iacr.org/2022/559}},
      url = {https://eprint.iacr.org/2022/559}
}

@article{mqtt,
  title={MQTT Version 5.0},
  author={OASIS},
  journal={Retrieved June},
  volume={22},
  pages={2020},
  year={2019}
}

@inproceedings{treesync,
  title={$\{$TreeSync$\}$: authenticated group management for messaging layer security},
  author={Wallez, Th{\'e}ophile and Protzenko, Jonathan and Beurdouche, Benjamin and Bhargavan, Karthikeyan},
  booktitle={32nd USENIX Security Symposium (USENIX Security 23)},
  pages={1217--1233},
  year={2023}
}

@article{treekem,
	title = {{TreeKEM}: {Asynchronous} {Decentralized} {Key} {Management} for {Large} {Dynamic} {Groups}},
	language = {en},
	author = {Bhargavan, Karthikeyan and Barnes, Richard and Rescorla, Eric},
    year = {2018},
    journal = {.},
}

@article{mosquitto,
  title={Mosquitto: server and client implementation of the MQTT protocol},
  author={Light, Roger A},
  journal={Journal of Open Source Software},
  volume={2},
  number={13},
  pages={265},
  year={2017}
}

@inproceedings{ttkem,
	address = {San Francisco, CA, USA},
	title = {Keep the {Dirt}: {Tainted} {TreeKEM}, {Adaptively} and {Actively} {Secure} {Continuous} {Group} {Key} {Agreement}},
	isbn = {978-1-72818-934-5},
	shorttitle = {Keep the {Dirt}},
	doi = {10.1109/SP40001.2021.00035},
	language = {en},
	booktitle = {2021 {IEEE} {Symposium} on {Security} and {Privacy} ({SP})},
	publisher = {IEEE},
	author = {Klein, Karen and Pascual-Perez, Guillermo and Walter, Michael and Kamath, Chethan and Capretto, Margarita and Cueto, Miguel and Markov, Ilia and Yeo, Michelle and Alwen, Joël and Pietrzak, Krzysztof},
	month = may,
	year = {2021},
	pages = {268--284},
}

@inproceedings{saik,
	address = {Los Angeles CA USA},
	title = {Server-{Aided} {Continuous} {Group} {Key} {Agreement}},
	isbn = {978-1-4503-9450-5},
	doi = {10.1145/3548606.3560632},
	language = {en},
	booktitle = {Proceedings of the 2022 {ACM} {SIGSAC} {Conference} on {Computer} and {Communications} {Security}},
	publisher = {ACM},
	author = {Alwen, Joël and Hartmann, Dominik and Kiltz, Eike and Mularczyk, Marta},
	month = nov,
	year = {2022},
	pages = {69--82},
}

@inproceedings{qtk,
  title={Quarantined-TreeKEM: a Continuous Group Key Agreement for MLS, Secure in Presence of Inactive Users},
  author={Chevalier, C{\'e}line and Lebrun, Guirec and Martinelli, Ange and Taleb, Abdul Rahman},
  booktitle={Proceedings of the 2024 on ACM SIGSAC Conference on Computer and Communications Security},
  pages={2400--2414},
  year={2024}
}

@article{cost_tree,
  title={The Art of Bonsai: How Well-Shaped Trees Improve the Communication Cost of MLS},
  author={Chevalier, C{\'e}line and Lebrun, Guirec and Martinelli, Ange and Pl{\^u}t, J{\'e}r{\^o}me},
  journal={Cryptology ePrint Archive},
  year={2024}
}

@inproceedings{cmpke,
  title={A concrete treatment of efficient continuous group key agreement via multi-recipient PKEs},
  author={Hashimoto, Keitaro and Katsumata, Shuichi and Postlethwaite, Eamonn and Prest, Thomas and Westerbaan, Bas},
  booktitle={Proceedings of the 2021 ACM SIGSAC Conference on Computer and Communications Security},
  pages={1441--1462},
  year={2021}
}

@inproceedings{worst-case,
  title={On the worst-case inefficiency of CGKA},
  author={Bienstock, Alexander and Dodis, Yevgeniy and Garg, Sanjam and Grogan, Garrison and Hajiabadi, Mohammad and R{\"o}sler, Paul},
  booktitle={Theory of Cryptography Conference},
  pages={213--243},
  year={2022},
  organization={Springer}
}

@inproceedings{kademlia,
  title={Kademlia: A peer-to-peer information system based on the xor metric},
  author={Maymounkov, Petar and Mazieres, David},
  booktitle={International workshop on peer-to-peer systems},
  pages={53--65},
  year={2002},
  organization={Springer}
}

@inproceedings{dec_ack,
	address = {Virtual Event Republic of Korea},
	title = {Key {Agreement} for {Decentralized} {Secure} {Group} {Messaging} with {Strong} {Security} {Guarantees}},
	isbn = {978-1-4503-8454-4},
	doi = {10.1145/3460120.3484542},
	language = {en},
	booktitle = {Proceedings of the 2021 {ACM} {SIGSAC} {Conference} on {Computer} and {Communications} {Security}},
	publisher = {ACM},
	author = {Weidner, Matthew and Kleppmann, Martin and Hugenroth, Daniel and Beresford, Alastair R.},
	month = nov,
	year = {2021},
	pages = {2024--2045},
}


@inproceedings{discreet_original,
	address = {Cham},
	title = {Design of an {Efficient} {Distributed} {Delivery} {Service} for {Group} {Key} {Agreement} {Protocols}},
	isbn = {978-3-031-57537-2},
	doi = {10.1007/978-3-031-57537-2\_25},
	language = {en},
	booktitle = {Foundations and {Practice} of {Security}},
	publisher = {Springer Nature Switzerland},
	author = {Paillat, Ludovic and Ignat, Claudia-Lavinia and Frey, Davide and Turuani, Mathieu and Ismail, Amine},
	editor = {Mosbah, Mohamed and Sèdes, Florence and Tawbi, Nadia and Ahmed, Toufik and Boulahia-Cuppens, Nora and Garcia-Alfaro, Joaquin},
	year = {2024},
	pages = {408--423},
}


@misc{discreet,
	title = {{DiSCreet}: {Distributed} {Delivery} {Service} with {Context}-{Aware} {Cooperation}},
	copyright = {https://creativecommons.org/licenses/by/4.0/},
	shorttitle = {{DiSCreet}},
	doi = {10.21203/rs.3.rs-3959472/v1},
	language = {en},
	author = {Paillat, Ludovic and Ignat, Claudia-Lavinia and Frey, Davide and Turuani, Mathieu and Ismail, Amine},
	month = mar,
	year = {2024},
}


@article{art_bc,
	title = {Group key management in the {Internet} of {Things}: {Handling} asynchronicity},
	volume = {152},
	issn = {0167-739X},
	shorttitle = {Group key management in the {Internet} of {Things}},
	doi = {10.1016/j.future.2023.10.023},
	urldate = {2024-08-05},
	journal = {Future Generation Computer Systems},
	author = {Abdmeziem, Mohammed Riyadh and Ahmed Nacer, Amina and Deroues, Nawfel Moundji},
	month = mar,
	year = {2024},
	keywords = {Asynchronous group communication, Blockchain, Group Key Management (GKM), Internet of Things (IoT), Perfect Forward Secrecy (PFS), Post-compromise Security (PCS)},
	pages = {273--287},
}

@incollection{pass_continuous_2020,
	address = {Cham},
	title = {Continuous {Group} {Key} {Agreement} with {Active} {Security}},
	volume = {12551},
	isbn = {978-3-030-64377-5 978-3-030-64378-2},
	language = {en},
	booktitle = {Theory of {Cryptography}},
	publisher = {Springer International Publishing},
	author = {Alwen, Joël and Coretti, Sandro and Jost, Daniel and Mularczyk, Marta},
	editor = {Pass, Rafael and Pietrzak, Krzysztof},
	year = {2020},
	doi = {10.1007/978-3-030-64378-2\_10},
	note = {Series Title: Lecture Notes in Computer Science},
	pages = {261--290},
}

@incollection{overlap,
	address = {Cham},
	title = {Grafting {Key} {Trees}: {Efficient} {Key} {Management} for {Overlapping} {Groups}},
	volume = {13044},
	isbn = {978-3-030-90455-5 978-3-030-90456-2},
	shorttitle = {Grafting {Key} {Trees}},
	language = {en},
	booktitle = {Theory of {Cryptography}},
	publisher = {Springer International Publishing},
	author = {Alwen, Joël and Auerbach, Benedikt and Baig, Mirza Ahad and Cueto Noval, Miguel and Klein, Karen and Pascual-Perez, Guillermo and Pietrzak, Krzysztof and Walter, Michael},
	editor = {Nissim, Kobbi and Waters, Brent},
	year = {2021},
	doi = {10.1007/978-3-030-90456-2\_8},
	note = {Series Title: Lecture Notes in Computer Science},
	pages = {222--253},
}

@article{gossipsub,
  title={Gossipsub: Attack-resilient message propagation in the filecoin and eth2. 0 networks},
  author={Vyzovitis, Dimitris and Napora, Yusef and McCormick, Dirk and Dias, David and Psaras, Yiannis},
  journal={arXiv preprint arXiv:2007.02754},
  year={2020}
}

@incollection{bounds,
	address = {Cham},
	title = {On the {Price} of {Concurrency} in {Group} {Ratcheting} {Protocols}},
	volume = {12551},
	isbn = {978-3-030-64377-5 978-3-030-64378-2},
	language = {en},
	booktitle = {Theory of {Cryptography}},
	publisher = {Springer International Publishing},
	author = {Bienstock, Alexander and Dodis, Yevgeniy and Rösler, Paul},
	editor = {Pass, Rafael and Pietrzak, Krzysztof},
	year = {2020},
	doi = {10.1007/978-3-030-64378-2\_8},
	note = {Series Title: Lecture Notes in Computer Science},
	pages = {198--228},
}

@inproceedings{cgka_fa,
	address = {Charlotte NC USA},
	title = {Continuous {Group} {Key} {Agreement} with {Flexible} {Authorization} and {Its} {Applications}},
	isbn = {9798400700996},
	doi = {10.1145/3579987.3586570},
	language = {en},
	booktitle = {Proceedings of the 9th {ACM} {International} {Workshop} on {Security} and {Privacy} {Analytics}},
	publisher = {ACM},
	author = {Kajita, Kaisei and Emura, Keita and Ogawa, Kazuto and Nojima, Ryo and Ohtake, Go},
	month = apr,
	year = {2023},
	pages = {3--13},
}

@inproceedings{art,
	address = {Toronto Canada},
	title = {On {Ends}-to-{Ends} {Encryption}: {Asynchronous} {Group} {Messaging} with {Strong} {Security} {Guarantees}},
	isbn = {978-1-4503-5693-0},
	shorttitle = {On {Ends}-to-{Ends} {Encryption}},
	doi = {10.1145/3243734.3243747},
	language = {en},
	booktitle = {Proceedings of the 2018 {ACM} {SIGSAC} {Conference} on {Computer} and {Communications} {Security}},
	publisher = {ACM},
	author = {Cohn-Gordon, Katriel and Cremers, Cas and Garratt, Luke and Millican, Jon and Milner, Kevin},
	month = oct,
	year = {2018},
	pages = {1802--1819},
}

@incollection{cocoa,
	address = {Cham},
	title = {{CoCoA}: {Concurrent} {Continuous} {Group} {Key} {Agreement}},
	volume = {13276},
	isbn = {978-3-031-07084-6 978-3-031-07085-3},
	shorttitle = {{CoCoA}},
	language = {en},
	booktitle = {Advances in {Cryptology} – {EUROCRYPT} 2022},
	publisher = {Springer International Publishing},
	author = {Alwen, Joël and Auerbach, Benedikt and Noval, Miguel Cueto and Klein, Karen and Pascual-Perez, Guillermo and Pietrzak, Krzyzstof and Walter, Michael},
	editor = {Dunkelman, Orr and Dziembowski, Stefan},
	year = {2022},
	doi = {10.1007/978-3-031-07085-3\_28},
	note = {Series Title: Lecture Notes in Computer Science},
	pages = {815--844},
}

@techreport{mls,
	type = {Request for {Comments}},
	title = {The {Messaging} {Layer} {Security} ({MLS}) {Protocol}},
	url = {https://datatracker.ietf.org/doc/rfc9420},
	number = {RFC 9420},
	urldate = {2024-02-01},
	institution = {Internet Engineering Task Force},
	author = {Barnes, Richard and Beurdouche, Benjamin and Robert, Raphael and Millican, Jon and Omara, Emad and Cohn-Gordon, Katriel},
	month = jul,
	year = {2023},
	doi = {10.17487/RFC9420},
	note = {Num Pages: 132},
}

@techreport{hpke,
	type = {Request for {Comments}},
	title = {{Hybrid} {Public} {Key} {Encryption}},
	url = {https://datatracker.ietf.org/doc/rfc9420},
	number = {RFC 9180},
	urldate = {2022-05-13},
	institution = {Internet Engineering Task Force},
	author = {Barnes, Richard and Beurdouche, Benjamin and Robert, Raphael and Millican, Jon and Omara, Emad and Cohn-Gordon, Katriel},
	month = jul,
	year = {2023},
	doi = {10.17487/RFC9420},
	note = {Num Pages: 132},
}

@techreport{mls_arch,
	type = {Internet {Draft}},
	title = {The {Messaging} {Layer} {Security} ({MLS}) {Architecture}},
	url = {https://datatracker.ietf.org/doc/draft-ietf-mls-architecture-13},
	number = {draft-ietf-mls-architecture-13},
	urldate = {2024-06-13},
	institution = {Internet Engineering Task Force},
	author = {Beurdouche, Benjamin and Rescorla, Eric and Omara, Emad and Inguva, Srinivas and Duric, Alan},
	month = mar,
	year = {2024},
	note = {Num Pages: 49},
}

@Misc{libp2p,
  author       = {Libp2p},
  howpublished = {\url{https://github.com/libp2p/rust-libp2p}},
  title        = {Libp2p},
  year         = {2024},
  commit       = {a2a2816},
  journal      = {GitHub repository},
  publisher    = {GitHub},
}

@Misc{openmls,
  author       = {PhoenixR\&D},
  howpublished = {\url{https://github.com/openmls/openmls}},
  title        = {OpenMLS},
  year         = {2024},
  commit       = {1007599},
  journal      = {GitHub repository},
  publisher    = {GitHub},
}
