@inproceedings{DBLP:conf/clef/AlkhalifaBDEAFG24,
  author       = {Rabab Alkhalifa and
                  Hsuvas Borkakoty and
                  Romain Deveaud and
                  Alaa El{-}Ebshihy and
                  Luis Espinosa Anke and
                  Tobias Fink and
                  Petra Galusc{\'{a}}kov{\'{a}} and
                  Gabriela Gonz{\'{a}}lez S{\'{a}}ez and
                  Lorraine Goeuriot and
                  David Iommi and
                  Maria Liakata and
                  Harish Tayyar Madabushi and
                  Pablo Medina{-}Alias and
                  Philippe Mulhem and
                  Florina Piroi and
                  Martin Popel and
                  Arkaitz Zubiaga},
  title        = {Extended Overview of the {CLEF} 2024 LongEval Lab on Longitudinal
                  Evaluation of Model Performance},
  booktitle    = {{CLEF} (Working Notes)},
  series       = {{CEUR} Workshop Proceedings},
  volume       = {3740},
  pages        = {2267--2289},
  publisher    = {CEUR-WS.org},
  year         = {2024}
}

@inproceedings{DBLP:conf/sigir/Dumais14,
  author       = {Susan T. Dumais},
  title        = {Putting searchers into search},
  booktitle    = {{SIGIR}},
  pages        = {1--2},
  publisher    = {{ACM}},
  year         = {2014}
}

@inproceedings{DBLP:conf/sigir/Soboroff06,
  author       = {Ian Soboroff},
  title        = {Dynamic test collections: measuring search effectiveness on the live
                  web},
  booktitle    = {{SIGIR}},
  pages        = {276--283},
  publisher    = {{ACM}},
  year         = {2006}
}

@inproceedings{DBLP:conf/sigir/TikhonovBBOKG13,
  author       = {Alexey Tikhonov and
                  Ivan Bogatyy and
                  Pavel Burangulov and
                  Liudmila Ostroumova and
                  Vitaliy Koshelev and
                  Gleb Gusev},
  title        = {Studying page life patterns in dynamical web},
  booktitle    = {{SIGIR}},
  pages        = {905--908},
  publisher    = {{ACM}},
  year         = {2013}
}

@inproceedings{DBLP:conf/wsdm/AdarTDE09,
  author       = {Eytan Adar and
                  Jaime Teevan and
                  Susan T. Dumais and
                  Jonathan L. Elsas},
  title        = {The web changes everything: understanding the dynamics of web content},
  booktitle    = {{WSDM}},
  pages        = {282--291},
  publisher    = {{ACM}},
  year         = {2009}
}

@inproceedings{DBLP:conf/wsdm/ElsasD10,
  author       = {Jonathan L. Elsas and
                  Susan T. Dumais},
  title        = {Leveraging temporal dynamics of document content in relevance ranking},
  booktitle    = {{WSDM}},
  pages        = {1--10},
  publisher    = {{ACM}},
  year         = {2010}
}

@inproceedings{DBLP:conf/wsdm/TylerT10,
  author       = {Sarah K. Tyler and
                  Jaime Teevan},
  title        = {Large scale query log analysis of re-finding},
  booktitle    = {{WSDM}},
  pages        = {191--200},
  publisher    = {{ACM}},
  year         = {2010}
}

@article{DBLP:journals/csur/CamposDJJ14,
  author       = {Ricardo Campos and
                  Ga{\"{e}}l Dias and
                  Al{\'{\i}}pio M{\'{a}}rio Jorge and
                  Adam Jatowt},
  title        = {Survey of Temporal Information Retrieval and Related Applications},
  journal      = {{ACM} Comput. Surv.},
  volume       = {47},
  number       = {2},
  pages        = {15:1--15:41},
  year         = {2014}
}

@article{DBLP:journals/ftir/KanhabuaBN15,
  title = {Temporal Information Retrieval},
  author = {Kanhabua, Nattiya and Blanco, Roi and N{\o}rv{\aa}g, Kjetil},
  year = {2015},
  journal = {Found. Trends Inf. Retr.},
  volume = {9},
  number = {2},
  pages = {91--208},
  doi = {10.1561/1500000043},
  bibsource = {dblp computer science bibliography, https://dblp.org},
  keywords = {done},
  timestamp = {Thu, 12 Mar 2020 15:55:11 +0100},
  file = {/Users/jueri/Zotero/storage/HDFLWTHF/Kanhabua et al. - 2015 - Temporal information retrieval.pdf}
}

@article{DBLP:journals/sigir/SilversteinHMM99,
  author       = {Craig Silverstein and
                  Monika Henzinger and
                  Hannes Marais and
                  Michael Moricz},
  title        = {Analysis of a Very Large Web Search Engine Query Log},
  journal      = {{SIGIR} Forum},
  volume       = {33},
  number       = {1},
  pages        = {6--12},
  year         = {1999}
}

@inproceedings{alkhalifa:2023,
  author       = {Rabab Alkhalifa and
                  Iman Munire Bilal and
                  Hsuvas Borkakoty and
                  Jos{\'{e}} Camacho{-}Collados and
                  Romain Deveaud and
                  Alaa El{-}Ebshihy and
                  Luis Espinosa Anke and
                  Gabriela Nicole Gonz{\'{a}}lez S{\'{a}}ez and
                  Petra Galusc{\'{a}}kov{\'{a}} and
                  Lorraine Goeuriot and
                  Elena Kochkina and
                  Maria Liakata and
                  Daniel Loureiro and
                  Philippe Mulhem and
                  Florina Piroi and
                  Martin Popel and
                  Christophe Servan and
                  Harish Tayyar Madabushi and
                  Arkaitz Zubiaga},
  title        = {Extended Overview of the {CLEF-2023} LongEval Lab on Longitudinal
                  Evaluation of Model Performance},
  booktitle    = {{CLEF} (Working Notes)},
  series       = {{CEUR} Workshop Proceedings},
  volume       = {3497},
  pages        = {2181--2203},
  publisher    = {CEUR-WS.org},
  year         = {2023}
}

@inproceedings{froebe:2021c,
  title={Efficient query obfuscation with keyqueries},
  author={Fr{\"o}be, Maik and Schmidt, Eric Oliver and Hagen, Matthias},
  booktitle={IEEE/WIC/ACM International Conference on Web Intelligence and Intelligent Agent Technology},
  pages={154--161},
  year={2021}
}

@InProceedings{froebe:2022c,
  author =                   {Maik Fr{\"o}be and Sebastian G{\"u}nther and Alexander Bondarenko and Johannes Huck and Matthias Hagen},
  booktitle =                {2nd Workshop on Reducing Online Misinformation through Credible Information Retrieval (ROMCIR 2022)},
  month =                    apr,
  publisher =                {CEUR-WS.org},
  series =                   {CEUR Workshop Proceedings},
  site =                     {Stavanger, Norway},
  title =                    {{Using Keyqueries to Reduce Misinformation in Health-Related Search Results}},
  year =                     2022
}

@InProceedings{froebe:2022d,
  address =                  {Berlin Heidelberg New York},
  author =                   {Maik Fr{\"o}be and Christopher Akiki and Martin Potthast and Matthias Hagen},
  booktitle =                {Experimental {IR} Meets Multilinguality, Multimodality, and Interaction. 13th International Conference of the {CLEF} Association ({CLEF} 2022)},
  doi =                      {10.1007/978-3-031-13643-6_4},
  editor =                   {Alberto Barr{\'{o}}n{-}Cede{\~{n}}o and Giovanni {Da San Martino} and Mirko Degli Esposti and Fabrizio Sebastiani and Craig Macdonald and Gabriella Pasi and Allan Hanbury and Martin Potthast and Guglielmo Faggioli and Nicola Ferro},
  ids =                      {potthast:2022p},
  month =                    sep,
  pages =                    {48--61},
  publisher =                {Springer},
  series =                   {Lecture Notes in Computer Science},
  title =                    {Noise-Reduction for Automatically Transferred Relevance Judgments},
  volume =                   13390,
  year =                     2022
}

@InProceedings{gollub:2013a,
  author =                   {Tim Gollub and Matthias Hagen and Maximilian Michel and Benno Stein},
  booktitle =                {36th International ACM Conference on Research and Development in Information Retrieval (SIGIR 2013)},
  doi =                      {10.1145/2484028.2484181},
  editor =                   {Cathal Gurrin and {Gareth J.F.} Jones and Diane Kelly and Udo Kruschwitz and Maarten {de Rijke} and Tetsuya Sakai and P{\'a}raic Sheridan},
  month =                    jul,
  pages =                    {981--984},
  publisher =                {ACM},
  site =                     {Dublin},
  title =                    {{From Keywords to Keyqueries: Content Descriptors for the Web}},
  year =                     2013
}

@InProceedings{hagen:2016b,
  address =                  {Berlin Heidelberg New York},
  author =                   {Matthias Hagen and Anna Beyer and Tim Gollub and Kristof Komlossy and Benno Stein},
  booktitle =                {Advances in Information Retrieval. 38th European Conference on IR Research (ECIR 2016)},
  doi =                      {10.1007/978-3-319-30671-1_37},
  editor =                   {Nicola Ferro and Fabio Crestani and Marie-Francine Moens and Josiane Mothe and Fabrizio Silvestri and {Giorgio Maria} {Di Nunzio} and Claudia Hauff and Gianmaria Silvello},
  month =                    mar,
  pages =                    {507--520},
  publisher =                {Springer},
  series =                   {Lecture Notes in Computer Science},
  site =                     {Padua, Italy},
  title =                    {{Supporting Scholarly Search with Keyqueries}},
  volume =                   9626,
  year =                     2016
}

@InProceedings{keller:2024,
  author       = {J{\"{u}}ri Keller and Timo Breuer and Philipp Schaer},
  editor       = {Harrie Oosterhuis and Hannah Bast and Chenyan Xiong},
  title        = {Evaluation of Temporal Change in {IR} Test Collections},
  booktitle    = {Proceedings of the 2024 {ACM} {SIGIR} International Conference on Theory of Information Retrieval, {ICTIR} 2024, Washington, DC, USA, 13 July 2024},
  pages        = {3--13},
  publisher    = {{ACM}},
  year         = {2024},
  doi          = {10.1145/3664190.3672530}
}

