@article{CPO,
  title={Chain of Preference Optimization: Improving Chain-of-Thought Reasoning in LLMs},
  author={Zhang, Xuan and Du, Chao and Pang, Tianyu and Liu, Qian and Gao, Wei and Lin, Min},
  journal={arXiv preprint arXiv:2406.09136},
  year={2024}
}

@article{DPO,
  title={Direct preference optimization: Your language model is secretly a reward model},
  author={Rafailov, Rafael and Sharma, Archit and Mitchell, Eric and Manning, Christopher D and Ermon, Stefano and Finn, Chelsea},
  journal={Advances in Neural Information Processing Systems},
  volume={36},
  year={2024}
}

@article{LATS,
  title={Language agent tree search unifies reasoning acting and planning in language models},
  author={Zhou, Andy and Yan, Kai and Shlapentokh-Rothman, Michal and Wang, Haohan and Wang, Yu-Xiong},
  journal={arXiv preprint arXiv:2310.04406},
  year={2023}
}

@article{O1-model,
  title={Openai o1 system card},
  author={Jaech, Aaron and Kalai, Adam and Lerer, Adam and Richardson, Adam and El-Kishky, Ahmed and Low, Aiden and Helyar, Alec and Madry, Aleksander and Beutel, Alex and Carney, Alex and others},
  journal={arXiv preprint arXiv:2412.16720},
  year={2024}
}

@article{SFT-self-play,
  title={Self-play fine-tuning converts weak language models to strong language models},
  author={Chen, Zixiang and Deng, Yihe and Yuan, Huizhuo and Ji, Kaixuan and Gu, Quanquan},
  journal={arXiv preprint arXiv:2401.01335},
  year={2024}
}

@article{Tree-of-thought,
  title={Tree of thoughts: Deliberate problem solving with large language models},
  author={Yao, Shunyu and Yu, Dian and Zhao, Jeffrey and Shafran, Izhak and Griffiths, Tom and Cao, Yuan and Narasimhan, Karthik},
  journal={Advances in Neural Information Processing Systems},
  volume={36},
  year={2024}
}

@article{VLM-RL-multi-Turn,
  title={Fine-Tuning Large Vision-Language Models as Decision-Making Agents via Reinforcement Learning},
  author={Zhai, Yuexiang and Bai, Hao and Lin, Zipeng and Pan, Jiayi and Tong, Shengbang and Zhou, Yifei and Suhr, Alane and Xie, Saining and LeCun, Yann and Ma, Yi and others},
  journal={arXiv preprint arXiv:2405.10292},
  year={2024}
}

@article{big-bench-hard,
  title={Challenging big-bench tasks and whether chain-of-thought can solve them},
  author={Suzgun, Mirac and Scales, Nathan and Sch{\"a}rli, Nathanael and Gehrmann, Sebastian and Tay, Yi and Chung, Hyung Won and Chowdhery, Aakanksha and Le, Quoc V and Chi, Ed H and Zhou, Denny and others},
  journal={arXiv preprint arXiv:2210.09261},
  year={2022}
}

@article{chain-of-code,
  title={Chain of code: Reasoning with a language model-augmented code emulator},
  author={Li, Chengshu and Liang, Jacky and Zeng, Andy and Chen, Xinyun and Hausman, Karol and Sadigh, Dorsa and Levine, Sergey and Fei-Fei, Li and Xia, Fei and Ichter, Brian},
  journal={arXiv preprint arXiv:2312.04474},
  year={2023}
}

@article{code-as-policies,
  title={Code as policies: Language model programs for embodied control},
  author={Liang, Jacky and Huang, Wenlong and Xia, Fei and Xu, Peng and Hausman, Karol and Ichter, Brian and Florence, Pete and Zeng, Andy},
  journal={arXiv preprint arXiv:2209.07753},
  year={2022}
}

@article{code-based-self-verify,
  title={Solving challenging math word problems using gpt-4 code interpreter with code-based self-verification},
  author={Zhou, Aojun and Wang, Ke and Lu, Zimu and Shi, Weikang and Luo, Sichun and Qin, Zipeng and Lu, Shaoqing and Jia, Anya and Song, Linqi and Zhan, Mingjie and others},
  journal={arXiv preprint arXiv:2308.07921},
  year={2023}
}

@article{codeplan-code-use-llm,
  title={Codeplan: Repository-level coding using llms and planning},
  author={Bairi, Ramakrishna and Sonwane, Atharv and Kanade, Aditya and Iyer, Arun and Parthasarathy, Suresh and Rajamani, Sriram and Ashok, B and Shet, Shashank},
  journal={Proceedings of the ACM on Software Engineering},
  volume={1},
  number={FSE},
  pages={675--698},
  year={2024},
  publisher={ACM New York, NY, USA}
}

@article{codesteering,
  title={Steering Large Language Models between Code Execution and Textual Reasoning},
  author={Chen, Yongchao and Jhamtani, Harsh and Sharma, Srinagesh and Fan, Chuchu and Wang, Chi},
  journal={arXiv preprint arXiv:2410.03524},
  year={2024}
}

@article{crab,
  title={Crab: Cross-environment agent benchmark for multimodal language model agents},
  author={Xu, Tianqi and Chen, Linyao and Wu, Dai-Jie and Chen, Yanjun and Zhang, Zecheng and Yao, Xiang and Xie, Zhiqiang and Chen, Yongchao and Liu, Shilong and Qian, Bochen and others},
  journal={arXiv preprint arXiv:2407.01511},
  year={2024}
}

@article{deepseek,
  title={DeepSeek-R1: Incentivizing Reasoning Capability in LLMs via Reinforcement Learning},
  author={Guo, Daya and Yang, Dejian and Zhang, Haowei and Song, Junxiao and Zhang, Ruoyu and Xu, Runxin and Zhu, Qihao and Ma, Shirong and Wang, Peiyi and Bi, Xiao and others},
  journal={arXiv preprint arXiv:2501.12948},
  year={2025}
}

@article{llmfp,
  title={Planning Anything with Rigor: General-Purpose Zero-Shot Planning with LLM-based Formalized Programming},
  author={Hao, Yilun and Zhang, Yang and Fan, Chuchu},
  journal={arXiv preprint arXiv:2410.12112},
  year={2024}
}

@article{madaan2023self,
  title={Self-refine: Iterative refinement with self-feedback},
  author={Madaan, Aman and Tandon, Niket and Gupta, Prakhar and Hallinan, Skyler and Gao, Luyu and Wiegreffe, Sarah and Alon, Uri and Dziri, Nouha and Prabhumoye, Shrimai and Yang, Yiming and others},
  journal={arXiv preprint arXiv:2303.17651},
  year={2023}
}

@article{meta-prompting,
  title={Meta-prompting: Enhancing language models with task-agnostic scaffolding},
  author={Suzgun, Mirac and Kalai, Adam Tauman},
  journal={arXiv preprint arXiv:2401.12954},
  year={2024}
}

@article{multi-turn-RLHF,
  title={Archer: Training language model agents via hierarchical multi-turn rl},
  author={Zhou, Yifei and Zanette, Andrea and Pan, Jiayi and Levine, Sergey and Kumar, Aviral},
  journal={arXiv preprint arXiv:2402.19446},
  year={2024}
}

@article{overthink-o1,
  title={Do NOT Think That Much for 2+ 3=? On the Overthinking of o1-Like LLMs},
  author={Chen, Xingyu and Xu, Jiahao and Liang, Tian and He, Zhiwei and Pang, Jianhui and Yu, Dian and Song, Linfeng and Liu, Qiuzhi and Zhou, Mengfei and Zhang, Zhuosheng and others},
  journal={arXiv preprint arXiv:2412.21187},
  year={2024}
}

@inproceedings{pal,
  title={Pal: Program-aided language models},
  author={Gao, Luyu and Madaan, Aman and Zhou, Shuyan and Alon, Uri and Liu, Pengfei and Yang, Yiming and Callan, Jamie and Neubig, Graham},
  booktitle={International Conference on Machine Learning},
  pages={10764--10799},
  year={2023},
  organization={PMLR}
}

@article{rstar-math,
  title={rStar-Math: Small LLMs Can Master Math Reasoning with Self-Evolved Deep Thinking},
  author={Guan, Xinyu and Zhang, Li Lyna and Liu, Yifei and Shang, Ning and Sun, Youran and Zhu, Yi and Yang, Fan and Yang, Mao},
  journal={arXiv preprint arXiv:2501.04519},
  year={2025}
}

@article{saycan,
  title={Do as i can, not as i say: Grounding language in robotic affordances},
  author={Ahn, Michael and Brohan, Anthony and Brown, Noah and Chebotar, Yevgen and Cortes, Omar and David, Byron and Finn, Chelsea and Gopalakrishnan, Keerthana and Hausman, Karol and Herzog, Alex and others},
  journal={arXiv preprint arXiv:2204.01691},
  year={2022}
}

@inproceedings{scalable-multi-robot,
  title={Scalable multi-robot collaboration with large language models: Centralized or decentralized systems?},
  author={Chen, Yongchao and Arkin, Jacob and Zhang, Yang and Roy, Nicholas and Fan, Chuchu},
  booktitle={2024 IEEE International Conference on Robotics and Automation (ICRA)},
  pages={4311--4317},
  year={2024},
  organization={IEEE}
}

@article{text2motion,
  title={Text2motion: From natural language instructions to feasible plans},
  author={Lin, Kevin and Agia, Christopher and Migimatsu, Toki and Pavone, Marco and Bohg, Jeannette},
  journal={Autonomous Robots},
  volume={47},
  number={8},
  pages={1345--1365},
  year={2023},
  publisher={Springer}
}

@article{travelplanner,
  title={Large Language Models Can Plan Your Travels Rigorously with Formal Verification Tools},
  author={Hao, Yilun and Chen, Yongchao and Zhang, Yang and Fan, Chuchu},
  journal={arXiv preprint arXiv:2404.11891},
  year={2024}
}

@article{webarena,
  title={Webarena: A realistic web environment for building autonomous agents},
  author={Zhou, Shuyan and Xu, Frank F and Zhu, Hao and Zhou, Xuhui and Lo, Robert and Sridhar, Abishek and Cheng, Xianyi and Bisk, Yonatan and Fried, Daniel and Alon, Uri and others},
  journal={arXiv preprint arXiv:2307.13854},
  year={2023}
}

@article{weir2024learning,
  title={Learning to Reason via Program Generation, Emulation, and Search},
  author={Weir, Nathaniel and Khalifa, Muhammad and Qiu, Linlu and Weller, Orion and Clark, Peter},
  journal={arXiv preprint arXiv:2405.16337},
  year={2024}
}

@inproceedings{welleck2022generating,
  title={Generating Sequences by Learning to Self-Correct},
  author={Welleck, Sean and Lu, Ximing and West, Peter and Brahman, Faeze and Shen, Tianxiao and Khashabi, Daniel and Choi, Yejin},
  booktitle={The Eleventh International Conference on Learning Representations},
  year={2022}
}

@inproceedings{yang2022re3,
  title={Re3: Generating Longer Stories With Recursive Reprompting and Revision},
  author={Yang, Kevin and Tian, Yuandong and Peng, Nanyun and Klein, Dan},
  booktitle={Proceedings of the 2022 Conference on Empirical Methods in Natural Language Processing},
  pages={4393--4479},
  year={2022}
}

