@inproceedings{besta2024graph,
  title={Graph of thoughts: Solving elaborate problems with large language models},
  author={Besta, Maciej and Blach, Nils and Kubicek, Ales and Gerstenberger, Robert and Podstawski, Michal and Gianinazzi, Lukas and Gajda, Joanna and Lehmann, Tomasz and Niewiadomski, Hubert and Nyczyk, Piotr and others},
  booktitle={Proceedings of the AAAI Conference on Artificial Intelligence},
  volume={38},
  number={16},
  pages={17682--17690},
  year={2024}
}

@article{cobbe2021training,
  title={Training verifiers to solve math word problems},
  author={Cobbe, Karl and Kosaraju, Vineet and Bavarian, Mohammad and Chen, Mark and Jun, Heewoo and Kaiser, Lukasz and Plappert, Matthias and Tworek, Jerry and Hilton, Jacob and Nakano, Reiichiro and others},
  journal={arXiv preprint arXiv:2110.14168},
  year={2021}
}

@article{ding2023everything,
  title={Everything of thoughts: Defying the law of penrose triangle for thought generation},
  author={Ding, Ruomeng and Zhang, Chaoyun and Wang, Lu and Xu, Yong and Ma, Minghua and Zhang, Wei and Qin, Si and Rajmohan, Saravan and Lin, Qingwei and Zhang, Dongmei},
  journal={arXiv preprint arXiv:2311.04254},
  year={2023}
}

@article{driess2023palm,
  title={Palm-e: An embodied multimodal language model},
  author={Driess, Danny and Xia, Fei and Sajjadi, Mehdi SM and Lynch, Corey and Chowdhery, Aakanksha and Ichter, Brian and Wahid, Ayzaan and Tompson, Jonathan and Vuong, Quan and Yu, Tianhe and others},
  journal={arXiv preprint arXiv:2303.03378},
  year={2023}
}

@article{fan2022minedojo,
  title={Minedojo: Building open-ended embodied agents with internet-scale knowledge},
  author={Fan, Linxi and Wang, Guanzhi and Jiang, Yunfan and Mandlekar, Ajay and Yang, Yuncong and Zhu, Haoyi and Tang, Andrew and Huang, De-An and Zhu, Yuke and Anandkumar, Anima},
  journal={Advances in Neural Information Processing Systems},
  volume={35},
  pages={18343--18362},
  year={2022}
}

@article{hao2023reasoning,
  title={Reasoning with language model is planning with world model},
  author={Hao, Shibo and Gu, Yi and Ma, Haodi and Hong, Joshua Jiahua and Wang, Zhen and Wang, Daisy Zhe and Hu, Zhiting},
  journal={arXiv preprint arXiv:2305.14992},
  year={2023}
}

@article{huang2022inner,
  title={Inner monologue: Embodied reasoning through planning with language models},
  author={Huang, Wenlong and Xia, Fei and Xiao, Ted and Chan, Harris and Liang, Jacky and Florence, Pete and Zeng, Andy and Tompson, Jonathan and Mordatch, Igor and Chebotar, Yevgen and others},
  journal={arXiv preprint arXiv:2207.05608},
  year={2022}
}

@article{huang2023large,
  title={Large language models cannot self-correct reasoning yet},
  author={Huang, Jie and Chen, Xinyun and Mishra, Swaroop and Zheng, Huaixiu Steven and Yu, Adams Wei and Song, Xinying and Zhou, Denny},
  journal={arXiv preprint arXiv:2310.01798},
  year={2023}
}

@inproceedings{kannan2024smart,
  title={Smart-llm: Smart multi-agent robot task planning using large language models},
  author={Kannan, Shyam Sundar and Venkatesh, Vishnunandan LN and Min, Byung-Cheol},
  booktitle={2024 IEEE/RSJ International Conference on Intelligent Robots and Systems (IROS)},
  pages={12140--12147},
  year={2024},
  organization={IEEE}
}

@article{koza1994genetic,
  title={Genetic programming as a means for programming computers by natural selection},
  author={Koza, John R},
  journal={Statistics and computing},
  volume={4},
  pages={87--112},
  year={1994},
  publisher={Springer}
}

@article{lightman2023let,
  title={Let's verify step by step},
  author={Lightman, Hunter and Kosaraju, Vineet and Burda, Yura and Edwards, Harri and Baker, Bowen and Lee, Teddy and Leike, Jan and Schulman, John and Sutskever, Ilya and Cobbe, Karl},
  journal={arXiv preprint arXiv:2305.20050},
  year={2023}
}

@article{liu2023agentbench,
  title={Agentbench: Evaluating llms as agents},
  author={Liu, Xiao and Yu, Hao and Zhang, Hanchen and Xu, Yifan and Lei, Xuanyu and Lai, Hanyu and Gu, Yu and Ding, Hangliang and Men, Kaiwen and Yang, Kejuan and others},
  journal={arXiv preprint arXiv:2308.03688},
  year={2023}
}

@inproceedings{liu2024evolution,
  title={Evolution of Heuristics: Towards Efficient Automatic Algorithm Design Using Large Language Model},
  author={Liu, Fei and Xialiang, Tong and Yuan, Mingxuan and Lin, Xi and Luo, Fu and Wang, Zhenkun and Lu, Zhichao and Zhang, Qingfu},
  booktitle={Forty-first International Conference on Machine Learning},
  year={2024}
}

@inproceedings{liu2024large,
  title={Large language models as evolutionary optimizers},
  author={Liu, Shengcai and Chen, Caishun and Qu, Xinghua and Tang, Ke and Ong, Yew-Soon},
  booktitle={2024 IEEE Congress on Evolutionary Computation (CEC)},
  pages={1--8},
  year={2024},
  organization={IEEE}
}

@article{romera2024mathematical,
  title={Mathematical discoveries from program search with large language models},
  author={Romera-Paredes, Bernardino and Barekatain, Mohammadamin and Novikov, Alexander and Balog, Matej and Kumar, M Pawan and Dupont, Emilien and Ruiz, Francisco JR and Ellenberg, Jordan S and Wang, Pengming and Fawzi, Omar and others},
  journal={Nature},
  volume={625},
  number={7995},
  pages={468--475},
  year={2024},
  publisher={Nature Publishing Group UK London}
}

@article{shinn2024reflexion,
  title={Reflexion: Language agents with verbal reinforcement learning},
  author={Shinn, Noah and Cassano, Federico and Gopinath, Ashwin and Narasimhan, Karthik and Yao, Shunyu},
  journal={Advances in Neural Information Processing Systems},
  volume={36},
  year={2024}
}

@inproceedings{singh2023progprompt,
  title={Progprompt: Generating situated robot task plans using large language models},
  author={Singh, Ishika and Blukis, Valts and Mousavian, Arsalan and Goyal, Ankit and Xu, Danfei and Tremblay, Jonathan and Fox, Dieter and Thomason, Jesse and Garg, Animesh},
  booktitle={2023 IEEE International Conference on Robotics and Automation (ICRA)},
  pages={11523--11530},
  year={2023},
  organization={IEEE}
}

@article{stechly2024self,
  title={On the self-verification limitations of large language models on reasoning and planning tasks},
  author={Stechly, Kaya and Valmeekam, Karthik and Kambhampati, Subbarao},
  journal={arXiv preprint arXiv:2402.08115},
  year={2024}
}

@article{uesato2022solving,
  title={Solving math word problems with process-and outcome-based feedback},
  author={Uesato, Jonathan and Kushman, Nate and Kumar, Ramana and Song, Francis and Siegel, Noah and Wang, Lisa and Creswell, Antonia and Irving, Geoffrey and Higgins, Irina},
  journal={arXiv preprint arXiv:2211.14275},
  year={2022}
}

@article{velivckovic2024amplifying,
  title={Amplifying human performance in combinatorial competitive programming},
  author={Veli{\v{c}}kovi{\'c}, Petar and Vitvitskyi, Alex and Markeeva, Larisa and Ibarz, Borja and Buesing, Lars and Balog, Matej and Novikov, Alexander},
  journal={arXiv preprint arXiv:2411.19744},
  year={2024}
}

@article{wang2023voyager,
  title={Voyager: An open-ended embodied agent with large language models},
  author={Wang, Guanzhi and Xie, Yuqi and Jiang, Yunfan and Mandlekar, Ajay and Xiao, Chaowei and Zhu, Yuke and Fan, Linxi and Anandkumar, Anima},
  journal={arXiv preprint arXiv:2305.16291},
  year={2023}
}

@article{wei2022chain,
  title={Chain-of-thought prompting elicits reasoning in large language models},
  author={Wei, Jason and Wang, Xuezhi and Schuurmans, Dale and Bosma, Maarten and Xia, Fei and Chi, Ed and Le, Quoc V and Zhou, Denny and others},
  journal={Advances in neural information processing systems},
  volume={35},
  pages={24824--24837},
  year={2022}
}

@article{yao2022react,
  title={React: Synergizing reasoning and acting in language models},
  author={Yao, Shunyu and Zhao, Jeffrey and Yu, Dian and Du, Nan and Shafran, Izhak and Narasimhan, Karthik and Cao, Yuan},
  journal={arXiv preprint arXiv:2210.03629},
  year={2022}
}

@article{yao2024tree,
  title={Tree of thoughts: Deliberate problem solving with large language models},
  author={Yao, Shunyu and Yu, Dian and Zhao, Jeffrey and Shafran, Izhak and Griffiths, Tom and Cao, Yuan and Narasimhan, Karthik},
  journal={Advances in Neural Information Processing Systems},
  volume={36},
  year={2024}
}

@article{yu2024flow,
  title={Flow of Reasoning: Efficient Training of LLM Policy with Divergent Thinking},
  author={Yu, Fangxu and Jiang, Lai and Kang, Haoqiang and Hao, Shibo and Qin, Lianhui},
  journal={arXiv preprint arXiv:2406.05673},
  year={2024}
}

@article{zelikman2022star,
  title={Star: Bootstrapping reasoning with reasoning},
  author={Zelikman, Eric and Wu, Yuhuai and Mu, Jesse and Goodman, Noah},
  journal={Advances in Neural Information Processing Systems},
  volume={35},
  pages={15476--15488},
  year={2022}
}

