@article{wei2022chain,
  title={Chain-of-thought prompting elicits reasoning in large language models},
  author={Wei, Jason and Wang, Xuezhi and Schuurmans, Dale and Bosma, Maarten and Xia, Fei and Chi, Ed and Le, Quoc V and Zhou, Denny and others},
  journal={Advances in neural information processing systems},
  volume={35},
  pages={24824--24837},
  year={2022}
}

@article{yao2024tree,
  title={Tree of thoughts: Deliberate problem solving with large language models},
  author={Yao, Shunyu and Yu, Dian and Zhao, Jeffrey and Shafran, Izhak and Griffiths, Tom and Cao, Yuan and Narasimhan, Karthik},
  journal={Advances in Neural Information Processing Systems},
  volume={36},
  year={2024}
}

@inproceedings{besta2024graph,
  title={Graph of thoughts: Solving elaborate problems with large language models},
  author={Besta, Maciej and Blach, Nils and Kubicek, Ales and Gerstenberger, Robert and Podstawski, Michal and Gianinazzi, Lukas and Gajda, Joanna and Lehmann, Tomasz and Niewiadomski, Hubert and Nyczyk, Piotr and others},
  booktitle={Proceedings of the AAAI Conference on Artificial Intelligence},
  volume={38},
  number={16},
  pages={17682--17690},
  year={2024}
}

@article{hao2023reasoning,
  title={Reasoning with language model is planning with world model},
  author={Hao, Shibo and Gu, Yi and Ma, Haodi and Hong, Joshua Jiahua and Wang, Zhen and Wang, Daisy Zhe and Hu, Zhiting},
  journal={arXiv preprint arXiv:2305.14992},
  year={2023}
}

@article{zelikman2022star,
  title={Star: Bootstrapping reasoning with reasoning},
  author={Zelikman, Eric and Wu, Yuhuai and Mu, Jesse and Goodman, Noah},
  journal={Advances in Neural Information Processing Systems},
  volume={35},
  pages={15476--15488},
  year={2022}
}

@article{cobbe2021training,
  title={Training verifiers to solve math word problems},
  author={Cobbe, Karl and Kosaraju, Vineet and Bavarian, Mohammad and Chen, Mark and Jun, Heewoo and Kaiser, Lukasz and Plappert, Matthias and Tworek, Jerry and Hilton, Jacob and Nakano, Reiichiro and others},
  journal={arXiv preprint arXiv:2110.14168},
  year={2021}
}
@article{lightman2023let,
  title={Let's verify step by step},
  author={Lightman, Hunter and Kosaraju, Vineet and Burda, Yura and Edwards, Harri and Baker, Bowen and Lee, Teddy and Leike, Jan and Schulman, John and Sutskever, Ilya and Cobbe, Karl},
  journal={arXiv preprint arXiv:2305.20050},
  year={2023}
}
@article{uesato2022solving,
  title={Solving math word problems with process-and outcome-based feedback},
  author={Uesato, Jonathan and Kushman, Nate and Kumar, Ramana and Song, Francis and Siegel, Noah and Wang, Lisa and Creswell, Antonia and Irving, Geoffrey and Higgins, Irina},
  journal={arXiv preprint arXiv:2211.14275},
  year={2022}
}

@inproceedings{liu2024large,
  title={Large language models as evolutionary optimizers},
  author={Liu, Shengcai and Chen, Caishun and Qu, Xinghua and Tang, Ke and Ong, Yew-Soon},
  booktitle={2024 IEEE Congress on Evolutionary Computation (CEC)},
  pages={1--8},
  year={2024},
  organization={IEEE}
}

@article{romera2024mathematical,
  title={Mathematical discoveries from program search with large language models},
  author={Romera-Paredes, Bernardino and Barekatain, Mohammadamin and Novikov, Alexander and Balog, Matej and Kumar, M Pawan and Dupont, Emilien and Ruiz, Francisco JR and Ellenberg, Jordan S and Wang, Pengming and Fawzi, Omar and others},
  journal={Nature},
  volume={625},
  number={7995},
  pages={468--475},
  year={2024},
  publisher={Nature Publishing Group UK London}
}

@article{velivckovic2024amplifying,
  title={Amplifying human performance in combinatorial competitive programming},
  author={Veli{\v{c}}kovi{\'c}, Petar and Vitvitskyi, Alex and Markeeva, Larisa and Ibarz, Borja and Buesing, Lars and Balog, Matej and Novikov, Alexander},
  journal={arXiv preprint arXiv:2411.19744},
  year={2024}
}

@article{koza1994genetic,
  title={Genetic programming as a means for programming computers by natural selection},
  author={Koza, John R},
  journal={Statistics and computing},
  volume={4},
  pages={87--112},
  year={1994},
  publisher={Springer}
}

@article{huang2023large,
  title={Large language models cannot self-correct reasoning yet},
  author={Huang, Jie and Chen, Xinyun and Mishra, Swaroop and Zheng, Huaixiu Steven and Yu, Adams Wei and Song, Xinying and Zhou, Denny},
  journal={arXiv preprint arXiv:2310.01798},
  year={2023}
}

@article{stechly2024self,
  title={On the self-verification limitations of large language models on reasoning and planning tasks},
  author={Stechly, Kaya and Valmeekam, Karthik and Kambhampati, Subbarao},
  journal={arXiv preprint arXiv:2402.08115},
  year={2024}
}

@article{ding2023everything,
  title={Everything of thoughts: Defying the law of penrose triangle for thought generation},
  author={Ding, Ruomeng and Zhang, Chaoyun and Wang, Lu and Xu, Yong and Ma, Minghua and Zhang, Wei and Qin, Si and Rajmohan, Saravan and Lin, Qingwei and Zhang, Dongmei},
  journal={arXiv preprint arXiv:2311.04254},
  year={2023}
}

@article{yu2024flow,
  title={Flow of Reasoning: Efficient Training of LLM Policy with Divergent Thinking},
  author={Yu, Fangxu and Jiang, Lai and Kang, Haoqiang and Hao, Shibo and Qin, Lianhui},
  journal={arXiv preprint arXiv:2406.05673},
  year={2024}
}

@article{driess2023palm,
  title={Palm-e: An embodied multimodal language model},
  author={Driess, Danny and Xia, Fei and Sajjadi, Mehdi SM and Lynch, Corey and Chowdhery, Aakanksha and Ichter, Brian and Wahid, Ayzaan and Tompson, Jonathan and Vuong, Quan and Yu, Tianhe and others},
  journal={arXiv preprint arXiv:2303.03378},
  year={2023}
}
@article{fan2022minedojo,
  title={Minedojo: Building open-ended embodied agents with internet-scale knowledge},
  author={Fan, Linxi and Wang, Guanzhi and Jiang, Yunfan and Mandlekar, Ajay and Yang, Yuncong and Zhu, Haoyi and Tang, Andrew and Huang, De-An and Zhu, Yuke and Anandkumar, Anima},
  journal={Advances in Neural Information Processing Systems},
  volume={35},
  pages={18343--18362},
  year={2022}
}

@article{huang2022inner,
  title={Inner monologue: Embodied reasoning through planning with language models},
  author={Huang, Wenlong and Xia, Fei and Xiao, Ted and Chan, Harris and Liang, Jacky and Florence, Pete and Zeng, Andy and Tompson, Jonathan and Mordatch, Igor and Chebotar, Yevgen and others},
  journal={arXiv preprint arXiv:2207.05608},
  year={2022}
}

@article{liu2023agentbench,
  title={Agentbench: Evaluating llms as agents},
  author={Liu, Xiao and Yu, Hao and Zhang, Hanchen and Xu, Yifan and Lei, Xuanyu and Lai, Hanyu and Gu, Yu and Ding, Hangliang and Men, Kaiwen and Yang, Kejuan and others},
  journal={arXiv preprint arXiv:2308.03688},
  year={2023}
}

@article{yao2022react,
  title={React: Synergizing reasoning and acting in language models},
  author={Yao, Shunyu and Zhao, Jeffrey and Yu, Dian and Du, Nan and Shafran, Izhak and Narasimhan, Karthik and Cao, Yuan},
  journal={arXiv preprint arXiv:2210.03629},
  year={2022}
}

@article{wang2023voyager,
  title={Voyager: An open-ended embodied agent with large language models},
  author={Wang, Guanzhi and Xie, Yuqi and Jiang, Yunfan and Mandlekar, Ajay and Xiao, Chaowei and Zhu, Yuke and Fan, Linxi and Anandkumar, Anima},
  journal={arXiv preprint arXiv:2305.16291},
  year={2023}
}

@inproceedings{kannan2024smart,
  title={Smart-llm: Smart multi-agent robot task planning using large language models},
  author={Kannan, Shyam Sundar and Venkatesh, Vishnunandan LN and Min, Byung-Cheol},
  booktitle={2024 IEEE/RSJ International Conference on Intelligent Robots and Systems (IROS)},
  pages={12140--12147},
  year={2024},
  organization={IEEE}
}
@inproceedings{singh2023progprompt,
  title={Progprompt: Generating situated robot task plans using large language models},
  author={Singh, Ishika and Blukis, Valts and Mousavian, Arsalan and Goyal, Ankit and Xu, Danfei and Tremblay, Jonathan and Fox, Dieter and Thomason, Jesse and Garg, Animesh},
  booktitle={2023 IEEE International Conference on Robotics and Automation (ICRA)},
  pages={11523--11530},
  year={2023},
  organization={IEEE}
}

@article{shinn2024reflexion,
  title={Reflexion: Language agents with verbal reinforcement learning},
  author={Shinn, Noah and Cassano, Federico and Gopinath, Ashwin and Narasimhan, Karthik and Yao, Shunyu},
  journal={Advances in Neural Information Processing Systems},
  volume={36},
  year={2024}
}

@inproceedings{liu2024evolution,
  title={Evolution of Heuristics: Towards Efficient Automatic Algorithm Design Using Large Language Model},
  author={Liu, Fei and Xialiang, Tong and Yuan, Mingxuan and Lin, Xi and Luo, Fu and Wang, Zhenkun and Lu, Zhichao and Zhang, Qingfu},
  booktitle={Forty-first International Conference on Machine Learning},
  year={2024}
}

@article{luo2024improve,
  title={Improve Mathematical Reasoning in Language Models by Automated Process Supervision},
  author={Luo, Liangchen and Liu, Yinxiao and Liu, Rosanne and Phatale, Samrat and Lara, Harsh and Li, Yunxuan and Shu, Lei and Zhu, Yun and Meng, Lei and Sun, Jiao and others},
  journal={arXiv preprint arXiv:2406.06592},
  year={2024}
}

@article{li2022making,
  title={Making large language models better reasoners with step-aware verifier},
  author={Li, Yifei and Lin, Zeqi and Zhang, Shizhuo and Fu, Qiang and Chen, Bei and Lou, Jian-Guang and Chen, Weizhu},
  journal={arXiv preprint arXiv:2206.02336},
  year={2022}
}

@inproceedings{valmeekam2022large,
  title={Large language models still can't plan (a benchmark for LLMs on planning and reasoning about change)},
  author={Valmeekam, Karthik and Olmo, Alberto and Sreedharan, Sarath and Kambhampati, Subbarao},
  booktitle={NeurIPS 2022 Foundation Models for Decision Making Workshop},
  year={2022}
}

@article{kambhampati2024llms,
  title={LLMs can't plan, but can help planning in LLM-modulo frameworks},
  author={Kambhampati, Subbarao and Valmeekam, Karthik and Guan, Lin and Verma, Mudit and Stechly, Kaya and Bhambri, Siddhant and Saldyt, Lucas and Murthy, Anil},
  journal={arXiv preprint arXiv:2402.01817},
  year={2024}
}

@article{sel2023algorithm,
  title={Algorithm of thoughts: Enhancing exploration of ideas in large language models},
  author={Sel, Bilgehan and Al-Tawaha, Ahmad and Khattar, Vanshaj and Jia, Ruoxi and Jin, Ming},
  journal={arXiv preprint arXiv:2308.10379},
  year={2023}
}

@article{wang2022self,
  title={Self-consistency improves chain of thought reasoning in language models},
  author={Wang, Xuezhi and Wei, Jason and Schuurmans, Dale and Le, Quoc and Chi, Ed and Narang, Sharan and Chowdhery, Aakanksha and Zhou, Denny},
  journal={arXiv preprint arXiv:2203.11171},
  year={2022}
}

@misc{noauthor_learning_nodate,
	title = {Learning to {Reason} with {LLMs}},
	url = {https://openai.com/index/learning-to-reason-with-llms/},
	abstract = {We are introducing OpenAI o1, a new large language model trained with reinforcement learning to perform complex reasoning. o1 thinks before it answers—it can produce a long internal chain of thought before responding to the user.},
	language = {en-US},
	urldate = {2024-09-24},
}

@inproceedings{parashar2024neglected,
  title={The Neglected Tails in Vision-Language Models},
  author={Parashar, Shubham and Lin, Zhiqiu and Liu, Tian and Dong, Xiangjue and Li, Yanan and Ramanan, Deva and Caverlee, James and Kong, Shu},
  booktitle={Proceedings of the IEEE/CVF Conference on Computer Vision and Pattern Recognition},
  pages={12988--12997},
  year={2024}
}

@article{cobbe2021gsm8k,
  title={Training Verifiers to Solve Math Word Problems},
  author={Cobbe, Karl and Kosaraju, Vineet and Bavarian, Mohammad and Chen, Mark and Jun, Heewoo and Kaiser, Lukasz and Plappert, Matthias and Tworek, Jerry and Hilton, Jacob and Nakano, Reiichiro and Hesse, Christopher and Schulman, John},
  journal={arXiv preprint arXiv:2110.14168},
  year={2021}
}

@inproceedings{
  PrOntoQA,
  title={Language Models Are Greedy Reasoners: A Systematic Formal Analysis of Chain-of-Thought},
  author={Abulhair Saparov and He He},
  booktitle={The Eleventh International Conference on Learning Representations},
  year={2023},
  url={https://openreview.net/forum?id=qFVVBzXxR2V}
}

@article{yang2018hotpotqa,
  title={HotpotQA: A dataset for diverse, explainable multi-hop question answering},
  author={Yang, Zhilin and Qi, Peng and Zhang, Saizheng and Bengio, Yoshua and Cohen, William W and Salakhutdinov, Ruslan and Manning, Christopher D},
  journal={arXiv preprint arXiv:1809.09600},
  year={2018}
}

@article{canLrmPlan,
  title={LLMs Still Can't Plan; Can LRMs? A Preliminary Evaluation of OpenAI's o1 on PlanBench},
  author={Valmeekam, Karthik and Stechly, Kaya and Kambhampati, Subbarao},
  journal={arXiv preprint arXiv:2409.13373},
  year={2024}
}

@article{hjeij2023brief,
  title={A brief history of heuristics: how did research on heuristics evolve?},
  author={Hjeij, Mohamad and Vilks, Arnis},
  journal={Humanities and Social Sciences Communications},
  volume={10},
  number={1},
  pages={1--15},
  year={2023},
  publisher={Palgrave}
}

@book{simon1997models,
  title={Models of Bounded Rationality: Empirically Grounded Economic Reason},
  author={Simon, Herbert A},
  year={1997},
  publisher={The MIT Press}
}

@article{tversky1974judgment,
  title={Judgment under Uncertainty: Heuristics and Biases: Biases in judgments reveal some heuristics of thinking under uncertainty.},
  author={Tversky, Amos and Kahneman, Daniel},
  journal={science},
  volume={185},
  number={4157},
  pages={1124--1131},
  year={1974},
  publisher={American association for the advancement of science}
}

@misc{2025Sys2BenchLLM,
      title={Inference-Time Computations for LLM Reasoning and Planning: A Benchmark and Insights}, 
      author={Shubham Parashar and Blake Olson and Sambhav Khurana and Eric Li and Hongyi Ling and James Caverlee and Shuiwang Ji},
      year={2025},
      eprint={2502.12521},
      archivePrefix={arXiv},
      primaryClass={cs.AI},
      url={https://arxiv.org/abs/2502.12521}, 
}

@inproceedings{langley00,
 author    = {P. Langley},
 title     = {Crafting Papers on Machine Learning},
 year      = {2000},
 pages     = {1207--1216},
 editor    = {Pat Langley},
 booktitle     = {Proceedings of the 17th International Conference
              on Machine Learning (ICML 2000)},
 address   = {Stanford, CA},
 publisher = {Morgan Kaufmann}
}

@TechReport{mitchell80,
  author = 	 "T. M. Mitchell",
  title = 	 "The Need for Biases in Learning Generalizations",
  institution =  "Computer Science Department, Rutgers University",
  year = 	 "1980",
  address =	 "New Brunswick, MA",
}

@phdthesis{kearns89,
  author = {M. J. Kearns},
  title =  {Computational Complexity of Machine Learning},
  school = {Department of Computer Science, Harvard University},
  year =   {1989}
}

@Book{MachineLearningI,
  editor = 	 "R. S. Michalski and J. G. Carbonell and T.
		  M. Mitchell",
  title = 	 "Machine Learning: An Artificial Intelligence
		  Approach, Vol. I",
  publisher = 	 "Tioga",
  year = 	 "1983",
  address =	 "Palo Alto, CA"
}

@Book{DudaHart2nd,
  author =       "R. O. Duda and P. E. Hart and D. G. Stork",
  title =        "Pattern Classification",
  publisher =    "John Wiley and Sons",
  edition =      "2nd",
  year =         "2000"
}

@misc{anonymous,
  title= {Suppressed for Anonymity},
  author= {Author, N. N.},
  year= {2021}
}

@InCollection{Newell81,
  author =       "A. Newell and P. S. Rosenbloom",
  title =        "Mechanisms of Skill Acquisition and the Law of
                  Practice", 
  booktitle =    "Cognitive Skills and Their Acquisition",
  pages =        "1--51",
  publisher =    "Lawrence Erlbaum Associates, Inc.",
  year =         "1981",
  editor =       "J. R. Anderson",
  chapter =      "1",
  address =      "Hillsdale, NJ"
}


@Article{Samuel59,
  author = 	 "A. L. Samuel",
  title = 	 "Some Studies in Machine Learning Using the Game of
		  Checkers",
  journal =	 "IBM Journal of Research and Development",
  year =	 "1959",
  volume =	 "3",
  number =	 "3",
  pages =	 "211--229"
}

@inproceedings{
huang2024large,
title={Large Language Models Cannot Self-Correct Reasoning Yet},
author={Jie Huang and Xinyun Chen and Swaroop Mishra and Huaixiu Steven Zheng and Adams Wei Yu and Xinying Song and Denny Zhou},
booktitle={The Twelfth International Conference on Learning Representations},
year={2024},
url={https://openreview.net/forum?id=IkmD3fKBPQ}
}