@inproceedings{GNS,
  author       = {Alvaro Sanchez{-}Gonzalez and
                  Jonathan Godwin and
                  Tobias Pfaff and
                  Rex Ying and
                  Jure Leskovec and
                  Peter W. Battaglia},
  title        = {Learning to Simulate Complex Physics with Graph Networks},
  booktitle    = {Proceedings of the 37th International Conference on Machine Learning,
                  {ICML} 2020, 13-18 July 2020, Virtual Event},
  series       = {Proceedings of Machine Learning Research},
  volume       = {119},
  pages        = {8459--8468},
  publisher    = {{PMLR}},
  year         = {2020},
  url          = {http://proceedings.mlr.press/v119/sanchez-gonzalez20a.html},
  timestamp    = {Tue, 15 Dec 2020 17:40:19 +0100},
  biburl       = {https://dblp.org/rec/conf/icml/Sanchez-Gonzalez20.bib},
  bibsource    = {dblp computer science bibliography, https://dblp.org}
}

@article{GPT3,
  title={Language models are few-shot learners},
  author={Mann, Ben and Ryder, N and Subbiah, M and Kaplan, J and Dhariwal, P and Neelakantan, A and Shyam, P and Sastry, G and Askell, A and Agarwal, S and others},
  journal={arXiv preprint arXiv:2005.14165},
  volume={1},
  year={2020}
}

@inproceedings{GraphNetworkConstraint,
  author       = {Yulia Rubanova and
                  Alvaro Sanchez{-}Gonzalez and
                  Tobias Pfaff and
                  Peter W. Battaglia},
  editor       = {Kamalika Chaudhuri and
                  Stefanie Jegelka and
                  Le Song and
                  Csaba Szepesv{\'{a}}ri and
                  Gang Niu and
                  Sivan Sabato},
  title        = {Constraint-based graph network simulator},
  booktitle    = {International Conference on Machine Learning, {ICML} 2022, 17-23 July
                  2022, Baltimore, Maryland, {USA}},
  series       = {Proceedings of Machine Learning Research},
  volume       = {162},
  pages        = {18844--18870},
  publisher    = {{PMLR}},
  year         = {2022},
  url          = {https://proceedings.mlr.press/v162/rubanova22a.html},
  timestamp    = {Tue, 12 Jul 2022 17:36:52 +0200},
  biburl       = {https://dblp.org/rec/conf/icml/RubanovaSPB22.bib},
  bibsource    = {dblp computer science bibliography, https://dblp.org}
}

@inproceedings{GraphNetworkDiscontinuous,
  author       = {Kelsey R. Allen and
                  Tatiana Lopez{-}Guevara and
                  Yulia Rubanova and
                  Kimberly L. Stachenfeld and
                  Alvaro Sanchez{-}Gonzalez and
                  Peter W. Battaglia and
                  Tobias Pfaff},
  editor       = {Karen Liu and
                  Dana Kulic and
                  Jeffrey Ichnowski},
  title        = {Graph network simulators can learn discontinuous, rigid contact dynamics},
  booktitle    = {Conference on Robot Learning, CoRL 2022, 14-18 December 2022, Auckland,
                  New Zealand},
  series       = {Proceedings of Machine Learning Research},
  volume       = {205},
  pages        = {1157--1167},
  publisher    = {{PMLR}},
  year         = {2022},
  url          = {https://proceedings.mlr.press/v205/allen23a.html},
  timestamp    = {Thu, 04 May 2023 17:10:57 +0200},
  biburl       = {https://dblp.org/rec/conf/corl/AllenLRSSBP22.bib},
  bibsource    = {dblp computer science bibliography, https://dblp.org}
}

@article{HCMT,
  author       = {Youn{-}Yeol Yu and
                  Jeongwhan Choi and
                  Woojin Cho and
                  Kookjin Lee and
                  Nayong Kim and
                  Kiseok Chang and
                  ChangSeung Woo and
                  Ilho Kim and
                  SeokWoo Lee and
                  Joon{-}Young Yang and
                  Sooyoung Yoon and
                  Noseong Park},
  title        = {Learning Flexible Body Collision Dynamics with Hierarchical Contact
                  Mesh Transformer},
  journal      = {CoRR},
  volume       = {abs/2312.12467},
  year         = {2023},
  url          = {https://doi.org/10.48550/arXiv.2312.12467},
  doi          = {10.48550/ARXIV.2312.12467},
  eprinttype    = {arXiv},
  eprint       = {2312.12467},
  timestamp    = {Wed, 17 Jan 2024 15:55:49 +0100},
  biburl       = {https://dblp.org/rec/journals/corr/abs-2312-12467.bib},
  bibsource    = {dblp computer science bibliography, https://dblp.org}
}

@article{OpenFOAM,
  title={A tensorial approach to computational continuum mechanics using object-oriented techniques},
  author={Weller, Henry G and Tabor, Gavin and Jasak, Hrvoje and Fureby, Christer},
  journal={Computers in physics},
  volume={12},
  number={6},
  pages={620--631},
  year={1998},
  publisher={American Institute of Physics}
}

@inproceedings{TLResNet1,
  title={Transfer learning with ResNet-50 for malaria cell-image classification},
  author={Reddy, A Sai Bharadwaj and Juliet, D Sujitha},
  booktitle={2019 International conference on communication and signal processing (ICCSP)},
  pages={0945--0949},
  year={2019},
  organization={IEEE}
}

@inproceedings{TLResNet2,
  title={Malicious software classification using transfer learning of resnet-50 deep neural network},
  author={Rezende, Edmar and Ruppert, Guilherme and Carvalho, Tiago and Ramos, Fabio and De Geus, Paulo},
  booktitle={2017 16th IEEE international conference on machine learning and applications (ICMLA)},
  pages={1011--1014},
  year={2017},
  organization={IEEE}
}

@article{TLsurvey,
  title={A comprehensive survey on transfer learning},
  author={Zhuang, Fuzhen and Qi, Zhiyuan and Duan, Keyu and Xi, Dongbo and Zhu, Yongchun and Zhu, Hengshu and Xiong, Hui and He, Qing},
  journal={Proceedings of the IEEE},
  volume={109},
  number={1},
  pages={43--76},
  year={2020},
  publisher={Ieee}
}

@inproceedings{TemporalAttention,
  author       = {Xu Han and
                  Han Gao and
                  Tobias Pfaff and
                  Jian{-}Xun Wang and
                  Liping Liu},
  title        = {Predicting Physics in Mesh-reduced Space with Temporal Attention},
  booktitle    = {The Tenth International Conference on Learning Representations, {ICLR}
                  2022, Virtual Event, April 25-29, 2022},
  publisher    = {OpenReview.net},
  year         = {2022},
  url          = {https://openreview.net/forum?id=XctLdNfCmP},
  timestamp    = {Fri, 08 Dec 2023 20:16:45 +0100},
  biburl       = {https://dblp.org/rec/conf/iclr/HanGPWL22.bib},
  bibsource    = {dblp computer science bibliography, https://dblp.org}
}

@article{allen2022FIG,
  title={Learning rigid dynamics with face interaction graph networks},
  author={Allen, Kelsey R and Rubanova, Yulia and Lopez-Guevara, Tatiana and Whitney, William and Sanchez-Gonzalez, Alvaro and Battaglia, Peter and Pfaff, Tobias},
  journal={arXiv preprint arXiv:2212.03574},
  year={2022}
}

@article{allen2022physical,
  title={Physical design using differentiable learned simulators},
  author={Allen, Kelsey R and Lopez-Guevara, Tatiana and Stachenfeld, Kimberly and Sanchez-Gonzalez, Alvaro and Battaglia, Peter and Hamrick, Jessica and Pfaff, Tobias},
  journal={arXiv preprint arXiv:2202.00728},
  year={2022}
}

@article{arcsim,
  title={Adaptive anisotropic remeshing for cloth simulation},
  author={Narain, Rahul and Samii, Armin and O'brien, James F},
  journal={ACM transactions on graphics (TOG)},
  volume={31},
  number={6},
  pages={1--10},
  year={2012},
  publisher={ACM New York, NY, USA}
}

@article{gnnunet,
  title={GNN-based physics solver for time-independent PDEs},
  author={Gladstone, Rini Jasmine and Rahmani, Helia and Suryakumar, Vishvas and Meidani, Hadi and D'Elia, Marta and Zareei, Ahmad},
  journal={arXiv preprint arXiv:2303.15681},
  year={2023}
}

@article{gouk2020distance,
  title={Distance-based regularisation of deep networks for fine-tuning},
  author={Gouk, Henry and Hospedales, Timothy M and Pontil, Massimiliano},
  journal={arXiv preprint arXiv:2002.08253},
  year={2020}
}

@article{llama,
  title={Llama: Open and efficient foundation language models},
  author={Touvron, Hugo and Lavril, Thibaut and Izacard, Gautier and Martinet, Xavier and Lachaux, Marie-Anne and Lacroix, Timoth{\'e}e and Rozi{\`e}re, Baptiste and Goyal, Naman and Hambro, Eric and Azhar, Faisal and others},
  journal={arXiv preprint arXiv:2302.13971},
  year={2023}
}

@inproceedings{meshgraphnets,
  author       = {Tobias Pfaff and
                  Meire Fortunato and
                  Alvaro Sanchez{-}Gonzalez and
                  Peter W. Battaglia},
  title        = {Learning Mesh-Based Simulation with Graph Networks},
  booktitle    = {9th International Conference on Learning Representations, {ICLR} 2021,
                  Virtual Event, Austria, May 3-7, 2021},
  publisher    = {OpenReview.net},
  year         = {2021},
  url          = {https://openreview.net/forum?id=roNqYL0\_XP},
  timestamp    = {Wed, 23 Jun 2021 17:36:39 +0200},
  biburl       = {https://dblp.org/rec/conf/iclr/PfaffFSB21.bib},
  bibsource    = {dblp computer science bibliography, https://dblp.org}
}

@article{particle-based-RGB,
  title={Learning 3D Particle-based Simulators from RGB-D Videos},
  author={Whitney, William F and Lopez-Guevara, Tatiana and Pfaff, Tobias and Rubanova, Yulia and Kipf, Thomas and Stachenfeld, Kimberly and Allen, Kelsey R},
  journal={arXiv preprint arXiv:2312.05359},
  year={2023}
}

@inproceedings{xuhong2018explicit,
  title={Explicit inductive bias for transfer learning with convolutional networks},
  author={Xuhong, LI and Grandvalet, Yves and Davoine, Franck},
  booktitle={International Conference on Machine Learning},
  pages={2825--2834},
  year={2018},
  organization={PMLR}
}

