@inproceedings{meshgraphnets,
  author       = {Tobias Pfaff and
                  Meire Fortunato and
                  Alvaro Sanchez{-}Gonzalez and
                  Peter W. Battaglia},
  title        = {Learning Mesh-Based Simulation with Graph Networks},
  booktitle    = {9th International Conference on Learning Representations, {ICLR} 2021,
                  Virtual Event, Austria, May 3-7, 2021},
  publisher    = {OpenReview.net},
  year         = {2021},
  url          = {https://openreview.net/forum?id=roNqYL0\_XP},
  timestamp    = {Wed, 23 Jun 2021 17:36:39 +0200},
  biburl       = {https://dblp.org/rec/conf/iclr/PfaffFSB21.bib},
  bibsource    = {dblp computer science bibliography, https://dblp.org}
}

@article{FrancoGNN,
  author       = {Franco Scarselli and
                  Marco Gori and
                  Ah Chung Tsoi and
                  Markus Hagenbuchner and
                  Gabriele Monfardini},
  title        = {The Graph Neural Network Model},
  journal      = {{IEEE} Trans. Neural Networks},
  volume       = {20},
  number       = {1},
  pages        = {61--80},
  year         = {2009},
  url          = {https://doi.org/10.1109/TNN.2008.2005605},
  doi          = {10.1109/TNN.2008.2005605},
  timestamp    = {Sat, 19 Aug 2023 18:09:46 +0200},
  biburl       = {https://dblp.org/rec/journals/tnn/ScarselliGTHM09.bib},
  bibsource    = {dblp computer science bibliography, https://dblp.org}
}

@article{BattagliaRelational,
  author       = {Peter W. Battaglia and
                  Jessica B. Hamrick and
                  Victor Bapst and
                  Alvaro Sanchez{-}Gonzalez and
                  Vin{\'{\i}}cius Flores Zambaldi and
                  Mateusz Malinowski and
                  Andrea Tacchetti and
                  David Raposo and
                  Adam Santoro and
                  Ryan Faulkner and
                  {\c{C}}aglar G{\"{u}}l{\c{c}}ehre and
                  H. Francis Song and
                  Andrew J. Ballard and
                  Justin Gilmer and
                  George E. Dahl and
                  Ashish Vaswani and
                  Kelsey R. Allen and
                  Charles Nash and
                  Victoria Langston and
                  Chris Dyer and
                  Nicolas Heess and
                  Daan Wierstra and
                  Pushmeet Kohli and
                  Matthew M. Botvinick and
                  Oriol Vinyals and
                  Yujia Li and
                  Razvan Pascanu},
  title        = {Relational inductive biases, deep learning, and graph networks},
  journal      = {CoRR},
  volume       = {abs/1806.01261},
  year         = {2018},
  url          = {http://arxiv.org/abs/1806.01261},
  eprinttype    = {arXiv},
  eprint       = {1806.01261},
  timestamp    = {Tue, 18 Jun 2024 08:32:16 +0200},
  biburl       = {https://dblp.org/rec/journals/corr/abs-1806-01261.bib},
  bibsource    = {dblp computer science bibliography, https://dblp.org}
}

@inproceedings{GraphNetworkDiscontinuous,
  author       = {Kelsey R. Allen and
                  Tatiana Lopez{-}Guevara and
                  Yulia Rubanova and
                  Kimberly L. Stachenfeld and
                  Alvaro Sanchez{-}Gonzalez and
                  Peter W. Battaglia and
                  Tobias Pfaff},
  editor       = {Karen Liu and
                  Dana Kulic and
                  Jeffrey Ichnowski},
  title        = {Graph network simulators can learn discontinuous, rigid contact dynamics},
  booktitle    = {Conference on Robot Learning, CoRL 2022, 14-18 December 2022, Auckland,
                  New Zealand},
  series       = {Proceedings of Machine Learning Research},
  volume       = {205},
  pages        = {1157--1167},
  publisher    = {{PMLR}},
  year         = {2022},
  url          = {https://proceedings.mlr.press/v205/allen23a.html},
  timestamp    = {Thu, 04 May 2023 17:10:57 +0200},
  biburl       = {https://dblp.org/rec/conf/corl/AllenLRSSBP22.bib},
  bibsource    = {dblp computer science bibliography, https://dblp.org}
}

@inproceedings{GraphNetworkConstraint,
  author       = {Yulia Rubanova and
                  Alvaro Sanchez{-}Gonzalez and
                  Tobias Pfaff and
                  Peter W. Battaglia},
  editor       = {Kamalika Chaudhuri and
                  Stefanie Jegelka and
                  Le Song and
                  Csaba Szepesv{\'{a}}ri and
                  Gang Niu and
                  Sivan Sabato},
  title        = {Constraint-based graph network simulator},
  booktitle    = {International Conference on Machine Learning, {ICML} 2022, 17-23 July
                  2022, Baltimore, Maryland, {USA}},
  series       = {Proceedings of Machine Learning Research},
  volume       = {162},
  pages        = {18844--18870},
  publisher    = {{PMLR}},
  year         = {2022},
  url          = {https://proceedings.mlr.press/v162/rubanova22a.html},
  timestamp    = {Tue, 12 Jul 2022 17:36:52 +0200},
  biburl       = {https://dblp.org/rec/conf/icml/RubanovaSPB22.bib},
  bibsource    = {dblp computer science bibliography, https://dblp.org}
}

@inproceedings{TemporalAttention,
  author       = {Xu Han and
                  Han Gao and
                  Tobias Pfaff and
                  Jian{-}Xun Wang and
                  Liping Liu},
  title        = {Predicting Physics in Mesh-reduced Space with Temporal Attention},
  booktitle    = {The Tenth International Conference on Learning Representations, {ICLR}
                  2022, Virtual Event, April 25-29, 2022},
  publisher    = {OpenReview.net},
  year         = {2022},
  url          = {https://openreview.net/forum?id=XctLdNfCmP},
  timestamp    = {Fri, 08 Dec 2023 20:16:45 +0100},
  biburl       = {https://dblp.org/rec/conf/iclr/HanGPWL22.bib},
  bibsource    = {dblp computer science bibliography, https://dblp.org}
}

@article{MultiScaleMGN,
  author       = {Meire Fortunato and
                  Tobias Pfaff and
                  Peter Wirnsberger and
                  Alexander Pritzel and
                  Peter W. Battaglia},
  title        = {MultiScale MeshGraphNets},
  journal      = {CoRR},
  volume       = {abs/2210.00612},
  year         = {2022},
  url          = {https://doi.org/10.48550/arXiv.2210.00612},
  doi          = {10.48550/ARXIV.2210.00612},
  eprinttype    = {arXiv},
  eprint       = {2210.00612},
  timestamp    = {Fri, 07 Oct 2022 15:24:59 +0200},
  biburl       = {https://dblp.org/rec/journals/corr/abs-2210-00612.bib},
  bibsource    = {dblp computer science bibliography, https://dblp.org}
}

@article{HCMT,
  author       = {Youn{-}Yeol Yu and
                  Jeongwhan Choi and
                  Woojin Cho and
                  Kookjin Lee and
                  Nayong Kim and
                  Kiseok Chang and
                  ChangSeung Woo and
                  Ilho Kim and
                  SeokWoo Lee and
                  Joon{-}Young Yang and
                  Sooyoung Yoon and
                  Noseong Park},
  title        = {Learning Flexible Body Collision Dynamics with Hierarchical Contact
                  Mesh Transformer},
  journal      = {CoRR},
  volume       = {abs/2312.12467},
  year         = {2023},
  url          = {https://doi.org/10.48550/arXiv.2312.12467},
  doi          = {10.48550/ARXIV.2312.12467},
  eprinttype    = {arXiv},
  eprint       = {2312.12467},
  timestamp    = {Wed, 17 Jan 2024 15:55:49 +0100},
  biburl       = {https://dblp.org/rec/journals/corr/abs-2312-12467.bib},
  bibsource    = {dblp computer science bibliography, https://dblp.org}
}

@inproceedings{EagleTransformer,
  author       = {Steeven Janny and
                  Aur{\'{e}}lien B{\'{e}}neteau and
                  Madiha Nadri and
                  Julie Digne and
                  Nicolas Thome and
                  Christian Wolf},
  title        = {{EAGLE:} Large-scale Learning of Turbulent Fluid Dynamics with Mesh
                  Transformers},
  booktitle    = {The Eleventh International Conference on Learning Representations,
                  {ICLR} 2023, Kigali, Rwanda, May 1-5, 2023},
  publisher    = {OpenReview.net},
  year         = {2023},
  url          = {https://openreview.net/pdf?id=mfIX4QpsARJ},
  timestamp    = {Fri, 30 Jun 2023 14:55:53 +0200},
  biburl       = {https://dblp.org/rec/conf/iclr/JannyBNDT023.bib},
  bibsource    = {dblp computer science bibliography, https://dblp.org}
}

@inproceedings{GNS,
  author       = {Alvaro Sanchez{-}Gonzalez and
                  Jonathan Godwin and
                  Tobias Pfaff and
                  Rex Ying and
                  Jure Leskovec and
                  Peter W. Battaglia},
  title        = {Learning to Simulate Complex Physics with Graph Networks},
  booktitle    = {Proceedings of the 37th International Conference on Machine Learning,
                  {ICML} 2020, 13-18 July 2020, Virtual Event},
  series       = {Proceedings of Machine Learning Research},
  volume       = {119},
  pages        = {8459--8468},
  publisher    = {{PMLR}},
  year         = {2020},
  url          = {http://proceedings.mlr.press/v119/sanchez-gonzalez20a.html},
  timestamp    = {Tue, 15 Dec 2020 17:40:19 +0100},
  biburl       = {https://dblp.org/rec/conf/icml/Sanchez-Gonzalez20.bib},
  bibsource    = {dblp computer science bibliography, https://dblp.org}
}

@inproceedings{BERT,
  author       = {Jacob Devlin and
                  Ming{-}Wei Chang and
                  Kenton Lee and
                  Kristina Toutanova},
  editor       = {Jill Burstein and
                  Christy Doran and
                  Thamar Solorio},
  title        = {{BERT:} Pre-training of Deep Bidirectional Transformers for Language
                  Understanding},
  booktitle    = {Proceedings of the 2019 Conference of the North American Chapter of
                  the Association for Computational Linguistics: Human Language Technologies,
                  {NAACL-HLT} 2019, Minneapolis, MN, USA, June 2-7, 2019, Volume 1 (Long
                  and Short Papers)},
  pages        = {4171--4186},
  publisher    = {Association for Computational Linguistics},
  year         = {2019},
  url          = {https://doi.org/10.18653/v1/n19-1423},
  doi          = {10.18653/V1/N19-1423},
  timestamp    = {Mon, 26 Sep 2022 12:21:55 +0200},
  biburl       = {https://dblp.org/rec/conf/naacl/DevlinCLT19.bib},
  bibsource    = {dblp computer science bibliography, https://dblp.org}
}

@article{GPT2,
  title={Language models are unsupervised multitask learners},
  author={Radford, Alec and Wu, Jeffrey and Child, Rewon and Luan, David and Amodei, Dario and Sutskever, Ilya and others},
  journal={OpenAI blog},
  volume={1},
  number={8},
  pages={9},
  year={2019}
}

@inproceedings{TLResNet1,
  title={Transfer learning with ResNet-50 for malaria cell-image classification},
  author={Reddy, A Sai Bharadwaj and Juliet, D Sujitha},
  booktitle={2019 International conference on communication and signal processing (ICCSP)},
  pages={0945--0949},
  year={2019},
  organization={IEEE}
}

@inproceedings{TLResNet2,
  title={Malicious software classification using transfer learning of resnet-50 deep neural network},
  author={Rezende, Edmar and Ruppert, Guilherme and Carvalho, Tiago and Ramos, Fabio and De Geus, Paulo},
  booktitle={2017 16th IEEE international conference on machine learning and applications (ICMLA)},
  pages={1011--1014},
  year={2017},
  organization={IEEE}
}

@article{GPT3,
  title={Language models are few-shot learners},
  author={Mann, Ben and Ryder, N and Subbiah, M and Kaplan, J and Dhariwal, P and Neelakantan, A and Shyam, P and Sastry, G and Askell, A and Agarwal, S and others},
  journal={arXiv preprint arXiv:2005.14165},
  volume={1},
  year={2020}
}

@article{llama,
  title={Llama: Open and efficient foundation language models},
  author={Touvron, Hugo and Lavril, Thibaut and Izacard, Gautier and Martinet, Xavier and Lachaux, Marie-Anne and Lacroix, Timoth{\'e}e and Rozi{\`e}re, Baptiste and Goyal, Naman and Hambro, Eric and Azhar, Faisal and others},
  journal={arXiv preprint arXiv:2302.13971},
  year={2023}
}

@inproceedings{Graph-Unets,
  title={Graph u-nets},
  author={Gao, Hongyang and Ji, Shuiwang},
  booktitle={international conference on machine learning},
  pages={2083--2092},
  year={2019},
  organization={PMLR}
}

@inproceedings{GNB,
  title={Graph networks as learnable physics engines for inference and control},
  author={Sanchez-Gonzalez, Alvaro and Heess, Nicolas and Springenberg, Jost Tobias and Merel, Josh and Riedmiller, Martin and Hadsell, Raia and Battaglia, Peter},
  booktitle={International conference on machine learning},
  pages={4470--4479},
  year={2018},
  organization={PMLR}
}

@inproceedings{kolesnikov2020big,
  title={Big transfer (bit): General visual representation learning},
  author={Kolesnikov, Alexander and Beyer, Lucas and Zhai, Xiaohua and Puigcerver, Joan and Yung, Jessica and Gelly, Sylvain and Houlsby, Neil},
  booktitle={Computer Vision--ECCV 2020: 16th European Conference, Glasgow, UK, August 23--28, 2020, Proceedings, Part V 16},
  pages={491--507},
  year={2020},
  organization={Springer}
}

@article{hu2021lora,
  title={Lora: Low-rank adaptation of large language models},
  author={Hu, Edward J and Shen, Yelong and Wallis, Phillip and Allen-Zhu, Zeyuan and Li, Yuanzhi and Wang, Shean and Wang, Lu and Chen, Weizhu},
  journal={arXiv preprint arXiv:2106.09685},
  year={2021}
}

@inproceedings{xu2023initializing,
  title={Initializing models with larger ones},
  author={Xu, Zhiqiu and Chen, Yanjie and Vishniakov, Kirill and Yin, Yida and Shen, Zhiqiang and Darrell, Trevor and Liu, Lingjie and Liu, Zhuang},
  booktitle={The Twelfth International Conference on Learning Representations},
  year={2023}
}

@inproceedings{koch2019abc,
  title={Abc: A big cad model dataset for geometric deep learning},
  author={Koch, Sebastian and Matveev, Albert and Jiang, Zhongshi and Williams, Francis and Artemov, Alexey and Burnaev, Evgeny and Alexa, Marc and Zorin, Denis and Panozzo, Daniele},
  booktitle={Proceedings of the IEEE/CVF conference on computer vision and pattern recognition},
  pages={9601--9611},
  year={2019}
}

@article{GGNS,
  title={Grounding graph network simulators using physical sensor observations},
  author={Linkerh{\"a}gner, Jonas and Freymuth, Niklas and Scheikl, Paul Maria and Mathis-Ullrich, Franziska and Neumann, Gerhard},
  journal={arXiv preprint arXiv:2302.11864},
  year={2023}
}

@article{gouk2020distance,
  title={Distance-based regularisation of deep networks for fine-tuning},
  author={Gouk, Henry and Hospedales, Timothy M and Pontil, Massimiliano},
  journal={arXiv preprint arXiv:2002.08253},
  year={2020}
}

@article{renda2020comparing,
  title={Comparing rewinding and fine-tuning in neural network pruning},
  author={Renda, Alex and Frankle, Jonathan and Carbin, Michael},
  journal={arXiv preprint arXiv:2003.02389},
  year={2020}
}

@inproceedings{xuhong2018explicit,
  title={Explicit inductive bias for transfer learning with convolutional networks},
  author={Xuhong, LI and Grandvalet, Yves and Davoine, Franck},
  booktitle={International Conference on Machine Learning},
  pages={2825--2834},
  year={2018},
  organization={PMLR}
}

@inproceedings{ronneberger2015unet,
  title={U-net: Convolutional networks for biomedical image segmentation},
  author={Ronneberger, Olaf and Fischer, Philipp and Brox, Thomas},
  booktitle={Medical image computing and computer-assisted intervention--MICCAI 2015: 18th international conference, Munich, Germany, October 5-9, 2015, proceedings, part III 18},
  pages={234--241},
  year={2015},
  organization={Springer}
}

@article{lopez2024scalingFIG,
  title={Scaling Face Interaction Graph Networks to Real World Scenes},
  author={Lopez-Guevara, Tatiana and Rubanova, Yulia and Whitney, William F and Pfaff, Tobias and Stachenfeld, Kimberly and Allen, Kelsey R},
  journal={arXiv preprint arXiv:2401.11985},
  year={2024}
}

@inproceedings{greff2022kubric,
  title={Kubric: A scalable dataset generator},
  author={Greff, Klaus and Belletti, Francois and Beyer, Lucas and Doersch, Carl and Du, Yilun and Duckworth, Daniel and Fleet, David J and Gnanapragasam, Dan and Golemo, Florian and Herrmann, Charles and others},
  booktitle={Proceedings of the IEEE/CVF conference on computer vision and pattern recognition},
  pages={3749--3761},
  year={2022}
}

@article{allen2022FIG,
  title={Learning rigid dynamics with face interaction graph networks},
  author={Allen, Kelsey R and Rubanova, Yulia and Lopez-Guevara, Tatiana and Whitney, William and Sanchez-Gonzalez, Alvaro and Battaglia, Peter and Pfaff, Tobias},
  journal={arXiv preprint arXiv:2212.03574},
  year={2022}
}

@article{TLsurvey,
  title={A comprehensive survey on transfer learning},
  author={Zhuang, Fuzhen and Qi, Zhiyuan and Duan, Keyu and Xi, Dongbo and Zhu, Yongchun and Zhu, Hengshu and Xiong, Hui and He, Qing},
  journal={Proceedings of the IEEE},
  volume={109},
  number={1},
  pages={43--76},
  year={2020},
  publisher={Ieee}
}

@article{gnnunet,
  title={GNN-based physics solver for time-independent PDEs},
  author={Gladstone, Rini Jasmine and Rahmani, Helia and Suryakumar, Vishvas and Meidani, Hadi and D'Elia, Marta and Zareei, Ahmad},
  journal={arXiv preprint arXiv:2303.15681},
  year={2023}
}

@article{DESHPANDE2024108055,
title = {MAgNET: A graph U-Net architecture for mesh-based simulations},
journal = {Engineering Applications of Artificial Intelligence},
volume = {133},
pages = {108055},
year = {2024},
issn = {0952-1976},
doi = {https://doi.org/10.1016/j.engappai.2024.108055},
url = {https://www.sciencedirect.com/science/article/pii/S0952197624002136},
author = {Saurabh Deshpande and Stéphane P.A. Bordas and Jakub Lengiewicz},
}


@InProceedings{pmlr-v202-cao23a,
  title = 	 {Efficient Learning of Mesh-Based Physical Simulation with Bi-Stride Multi-Scale Graph Neural Network},
  author =       {Cao, Yadi and Chai, Menglei and Li, Minchen and Jiang, Chenfanfu},
  booktitle = 	 {Proceedings of the 40th International Conference on Machine Learning},
  pages = 	 {3541--3558},
  year = 	 {2023},
  editor = 	 {Krause, Andreas and Brunskill, Emma and Cho, Kyunghyun and Engelhardt, Barbara and Sabato, Sivan and Scarlett, Jonathan},
  volume = 	 {202},
  series = 	 {Proceedings of Machine Learning Research},
  month = 	 {23--29 Jul},
  publisher =    {PMLR},
  pdf = 	 {https://proceedings.mlr.press/v202/cao23a/cao23a.pdf},
  url = 	 {https://proceedings.mlr.press/v202/cao23a.html},
}

@article{li2020multipole,
  title={Multipole graph neural operator for parametric partial differential equations},
  author={Li, Zongyi and Kovachki, Nikola and Azizzadenesheli, Kamyar and Liu, Burigede and Stuart, Andrew and Bhattacharya, Kaushik and Anandkumar, Anima},
  journal={Advances in Neural Information Processing Systems},
  volume={33},
  pages={6755--6766},
  year={2020}
}

@article{allen2022physical,
  title={Physical design using differentiable learned simulators},
  author={Allen, Kelsey R and Lopez-Guevara, Tatiana and Stachenfeld, Kimberly and Sanchez-Gonzalez, Alvaro and Battaglia, Peter and Hamrick, Jessica and Pfaff, Tobias},
  journal={arXiv preprint arXiv:2202.00728},
  year={2022}
}

@article{OpenFOAM,
  title={A tensorial approach to computational continuum mechanics using object-oriented techniques},
  author={Weller, Henry G and Tabor, Gavin and Jasak, Hrvoje and Fureby, Christer},
  journal={Computers in physics},
  volume={12},
  number={6},
  pages={620--631},
  year={1998},
  publisher={American Institute of Physics}
}

@article{arcsim,
  title={Adaptive anisotropic remeshing for cloth simulation},
  author={Narain, Rahul and Samii, Armin and O'brien, James F},
  journal={ACM transactions on graphics (TOG)},
  volume={31},
  number={6},
  pages={1--10},
  year={2012},
  publisher={ACM New York, NY, USA}
}

@article{particle-based-RGB,
  title={Learning 3D Particle-based Simulators from RGB-D Videos},
  author={Whitney, William F and Lopez-Guevara, Tatiana and Pfaff, Tobias and Rubanova, Yulia and Kipf, Thomas and Stachenfeld, Kimberly and Allen, Kelsey R},
  journal={arXiv preprint arXiv:2312.05359},
  year={2023}
}

@article{hafez2023robust,
  title={A robust workflow for b-rep generation from image masks},
  author={Hafez, Omar M and Rashid, Mark M},
  journal={Graphical Models},
  volume={128},
  pages={101174},
  year={2023},
  publisher={Elsevier}
}