@inproceedings{al2020tutorial,
  title={A tutorial on learned multi-dimensional indexes},
  author={Al-Mamun, Abdullah and Wu, Hao and Aref, Walid G},
  booktitle={Proceedings of the 28th ACM SIGSPATIAL International Conference on Advances in Geographic Information Systems},
  pages={1--4},
  year={2020}
}

@article{al2024survey,
  title={A Survey of Learned Indexes for the Multi-dimensional Space},
  author={Al-Mamun, Abdullah and Wu, Hao and He, Qiyang and Wang, Jianguo and Aref, Walid G},
  journal={arXiv preprint arXiv:2403.06456},
  year={2024}
}

@article{arge2008priority,
  title={The priority R-tree: A practically efficient and worst-case optimal R-tree},
  author={Arge, Lars and Berg, Mark De and Haverkort, Herman and Yi, Ke},
  journal={ACM Transactions on Algorithms (TALG)},
  volume={4},
  number={1},
  pages={1--30},
  year={2008},
  publisher={ACM New York, NY, USA}
}

@inproceedings{beckmann1990r,
  title={The R*-tree: an efficient and robust access method for points and rectangles},
  author={Beckmann, Norbert and Kriegel, Hans-Peter and Schneider, Ralf and Seeger, Bernhard},
  booktitle={Proceedings of the ACM SIGMOD international conference on Management of data},
  pages={322--331},
  year={1990}
}

@inproceedings{beckmann2009revised,
  title={A revised R*-tree in comparison with related index structures},
  author={Beckmann, Norbert and Seeger, Bernhard},
  booktitle={Proceedings of the ACM SIGMOD International Conference on Management of data},
  pages={799--812},
  year={2009}
}

@article{chatterjee2024limousine,
  title={Limousine: Blending Learned and Classical Indexes to Self-Design Larger-than-Memory Cloud Storage Engines},
  author={Chatterjee, Subarna and Pekala, Mark F and Kruglyak, Lev and Idreos, Stratos},
  journal={Proceedings of the ACM on Management of Data},
  volume={2},
  number={1},
  pages={1--28},
  year={2024},
  publisher={ACM New York, NY, USA}
}

@article{fahim2023unsupervised,
  title={Unsupervised Space Partitioning for Nearest Neighbor Search},
  author={Fahim, Abrar and Ali, Mohammed Eunus and Cheema, Muhammad Aamir},
  Journal={International Conference on Extending Database Technology (EDBT)},
  year={2023}
}

@article{gu2021rlr,
  title={The RLR-Tree: A Reinforcement Learning Based R-Tree for Spatial Data},
  author={Gu, Tu and Feng, Kaiyu and Cong, Gao and Long, Cheng and Wang, Zheng and Wang, Sheng},
  journal={arXiv preprint arXiv:2103.04541},
  year={2021}
}

@inproceedings{guttman1984r,
  title={R-trees: A dynamic index structure for spatial searching},
  author={Guttman, Antonin},
  booktitle={Proceedings of the ACM SIGMOD international conference on Management of data},
  pages={47--57},
  year={1984}
}

@inproceedings{hadian2020handsoff,
  title = {Hands-off Model Integration in Spatial Index Structures},
  author = {Hadian, Ali and Kumar, Ankit and Heinis, Thomas},
  booktitle = {Proceedings of the 2nd International Workshop on Applied AI for Database Systems and Applications},
  year = {2020},
  website = {https://sites.google.com/view/aidb2020/home/accepted-papers},
  pdf = {yes}
}

@inproceedings{huang2023acr,
  title={ACR-Tree: Constructing R-Trees Using Deep Reinforcement Learning},
  author={Huang, Shuai and Wang, Yong and Li, Guoliang},
  booktitle={International Conference on Database Systems for Advanced Applications},
  pages={80--96},
  year={2023},
  organization={Springer}
}

@inproceedings{kamel1993hilbert,
title = {Hilbert R-Tree: An Improved R-Tree Using Fractals},
author = {Kamel, Ibrahim and Faloutsos, Christos},
booktitle = {Proceedings of the 20th International Conference on Very Large Data Bases},
pages = {500â€“509},
year = {1994}
}

@InProceedings{kang2021the,
author = {Kang, Rong and Wu, Wentao and Wang, Chen and Zhang, Ce and Wang, Jianmin},
title = {The Case for ML-Enhanced High-Dimensional Indexes},
booktitle = {Proceedings of the 3rd International Workshop on Applied AI for Database Systems and Applications},
year = {2021}
}

@article{li2024survey,
  title={A Survey of Multi-Dimensional Indexes: Past and Future Trends},
  author={Li, Mingxin and Wang, Hancheng and Dai, Haipeng and Li, Meng and Gu, Rong and Chen, Feng and Chen, Zhiyuan and Li, Shuaituan and Liu, Qizhi and Chen, Guihai},
  journal={IEEE Transactions on Knowledge and Data Engineering},
  year={2024},
  publisher={IEEE}
}

@article{liu2024good,
  title={How Good Are Multi-dimensional Learned Indices? An Experimental Survey},
  author={Liu, Qiyu and Li, Maocheng and Zeng, Yuxiang and Shen, Yanyan and Chen, Lei},
  journal={arXiv preprint arXiv:2405.05536},
  year={2024}
}

@book{manolopoulos2010r,
  title={R-trees: Theory and Applications},
  author={Manolopoulos, Yannis and Nanopoulos, Alexandros and Papadopoulos, Apostolos N and Theodoridis, Yannis},
  year={2010},
  publisher={Springer Science \& Business Media}
}

@article{pandey2020case,
  title={The Case for Learned Spatial Indexes},
  author={Pandey, Varun and van Renen, Alexander and Kipf, Andreas and Sabek, Ibrahim and Ding, Jialin and Kemper, Alfons},
  journal={arXiv preprint arXiv:2008.10349},
  year={2020}
}

@book{samet2006foundations,
  title={Foundations of multidimensional and metric data structures},
  author={Samet, Hanan},
  year={2006},
  publisher={Morgan Kaufmann}
}

@techreport{sellis1987r+,
  title={The R+-Tree: A Dynamic Index for Multi-Dimensional Objects.},
  author={Sellis, Timos and Roussopoulos, Nick and Faloutsos, Christos},
  year={1987}
}

@inproceedings{sidlauskas2018improving,
  title={Improving spatial data processing by clipping minimum bounding boxes},
  author={Sidlauskas, Darius and Chester, Sean and Zacharatou, Eleni Tzirita and Ailamaki, Anastasia},
  booktitle={34th International Conference on Data Engineering (ICDE)},
  pages={425--436},
  year={2018},
  organization={IEEE}
}

@article{yang2023platon,
  title={PLATON: Top-down R-tree Packing with Learned Partition Policy},
  author={Yang, Jingyi and Cong, Gao},
  journal={Proceedings of the ACM on Management of Data},
  volume={1},
  number={4},
  pages={1--26},
  year={2023},
  publisher={ACM New York, NY, USA}
}

