% Learned Index Papers
%\usepackage{url}

@inproceedings{kraska2019sagedb,
  title={Sagedb: A Learned Database System},
  author={Kraska, Tim and Alizadeh, Mohammad and Beutel, Alex and Chi, Ed H and Ding, Jialin and Kristo, Ani and Leclerc, Guillaume and Madden, Samuel and Mao, Hongzi and Nathan, Vikram},
  booktitle = {9th Biennial Conference on Innovative Data Systems Research},
  year={2019}
}





@inproceedings{kraska2018case,
  title={The case for learned index structures},
  author={Kraska, Tim and Beutel, Alex and Chi, Ed H and Dean, Jeffrey and Polyzotis, Neoklis},
  booktitle={Proceedings of the ACM SIGMOD International Conference on Management of Data},
  pages={489--504},
  year={2018}
}



@online{Kraska2019Tutorial,
author = {Tim Kraska},
title = {Learned Data Structures and Algorithms},
year = {2019},
howpublished={\url{http://people.csail.mit.edu/kraska/pub/sigmod19tutorialpart2.pdf}}
}


% Learned Index with Update Issue
@inproceedings{ding2019alex,
  title={ALEX: an updatable adaptive learned index},
  author={Ding, Jialin and Minhas, Umar Farooq and Yu, Jia and Wang, Chi and Do, Jaeyoung and Li, Yinan and Zhang, Hantian and Chandramouli, Badrish and Gehrke, Johannes and Kossmann, Donald and others},
  booktitle={Proceedings of the ACM SIGMOD International Conference on Management of Data},
  pages={969--984},
  year={2020}
}

@inproceedings{hadian2019considerations,
  title={Considerations for handling updates in learned index structures},
  author={Hadian, Ali and Heinis, Thomas},
  booktitle={Proceedings of the Second International Workshop on Exploiting Artificial Intelligence Techniques for Data Management},
  pages={3},
  year={2019},
  organization={ACM}
}


% Other Follow up papers of Learned index

@article{wu2019designing,
  title={Designing Succinct Secondary Indexing Mechanism by Exploiting Column Correlations},
  author={Wu, Yingjun and Yu, Jia and Tian, Yuanyuan and Sidle, Richard and Barber, Ronald},
  journal={arXiv preprint arXiv:1903.11203},
  year={2019}
}

@inproceedings{mackelifting,
  title={Lifting the curse of multidimensional data with learned existence indexes},
  author={Macke, Stephen and Beutel, Alex and Kraska, Tim and Sathiamoorthy, Maheswaran and Cheng, Derek Zhiyuan and Chi, EH},
  booktitle={Workshop on ML for Systems at NeurIPS},
  year={2018}
}

@inproceedings{mitzenmacher2018model,
  title={A model for learned bloom filters and optimizing by sandwiching},
  author={Mitzenmacher, Michael},
  booktitle={Advances in Neural Information Processing Systems},
  pages={464--473},
  year={2018}
}


@inproceedings{van2019efficiently,
  title={Efficiently Searching In-Memory Sorted Arrays: Revenge of the Interpolation Search?},
  author={Van Sandt, Peter and Chronis, Yannis and Patel, Jignesh M},
  booktitle={Proceedings of the 2019 International Conference on Management of Data},
  pages={36--53},
  year={2019},
  organization={ACM}
}

@article{xiang2018pavo,
  title={Pavo: A RNN-Based Learned Inverted Index, Supervised or Unsupervised?},
  author={Xiang, Wenkun and Zhang, Hao and Cui, Rui and Chu, Xing and Li, Keqin and Zhou, Wei},
  journal={IEEE Access},
  volume={7},
  pages={293--303},
  year={2018},
  publisher={IEEE}
}

@article{ferragina2019superseding,
  title={Superseding traditional indexes by orchestrating learning and geometry},
  author={Ferragina, Paolo and Vinciguerra, Giorgio and Miccinesi, Michele},
  journal={arXiv preprint arXiv:1903.00507},
  year={2019}
}

@article{wu2019designing,
  title={Designing Succinct Secondary Indexing Mechanism by Exploiting Column Correlations},
  author={Wu, Yingjun and Yu, Jia and Tian, Yuanyuan and Sidle, Richard and Barber, Ronald},
  journal={arXiv preprint arXiv:1903.11203},
  year={2019}
}

@article{tang2019learned,
  title={Learned Indexes for Dynamic Workloads},
  author={Tang, Chuzhe and Dong, Zhiyuan and Wang, Minjie and Wang, Zhaoguo and Chen, Haibo},
  journal={arXiv preprint arXiv:1902.00655},
  year={2019}
}


% Hybrid Index Structure
@inproceedings{galakatos2019fiting,
  title={Fiting-tree: A data-aware index structure},
  author={Galakatos, Alex and Markovitch, Michael and Binnig, Carsten and Fonseca, Rodrigo and Kraska, Tim},
  booktitle={Proceedings of the International Conference on Management of Data},
  pages={1189--1206},
  year={2019}
}

@article{hadian2019interp,
  title={Interpolation-friendly B-trees: Bridging the Gap Between Algorithmic and LearnedIndexes},
  author={Hadian, Ali and Heinis, Thomas},
  year={2019}
}

@inproceedings{llavesh2019accelerating,
  title={Accelerating b+ tree search by using simple machine learning techniques},
  author={Llavesh, A and Sirin, Utku and West, R and Ailamaki, A},
  booktitle={Proceedings of the 1st International Workshop on Applied AI for Database Systems and Applications},
  year={2019}
}






%New Papers on Learned Index For Spatial Queries
@inproceedings{nathan2019learning,
  title={Learning multi-dimensional indexes},
  author={Nathan, Vikram and Ding, Jialin and Alizadeh, Mohammad and Kraska, Tim},
  booktitle={Proceedings of the ACM SIGMOD International Conference on Management of Data},
  pages={985--1000},
  year={2020}
}

@inproceedings{wang2019learned,
  title={Learned Index for Spatial Queries},
  author={Wang, Haixin and Fu, Xiaoyi and Xu, Jianliang and Lu, Hua},
  booktitle={20th International Conference on Mobile Data Management (MDM)},
  pages={569--574},
  year={2019},
  organization={IEEE}
}


% a set of 2020 papers
% the Alex, Flood and CDFShop in SIGMOD 2020
% LISA: A Learned Index Structure for Spatial Data  is still missing here.


%others in 2020

@inproceedings{kipf2020radixspline,
  title={RadixSpline: a single-pass learned index},
  author={Kipf, Andreas and Marcus, Ryan and van Renen, Alexander and Stoian, Mihail and Kemper, Alfons and Kraska, Tim and Neumann, Thomas},
  booktitle={Proceedings of the Third International Workshop on Exploiting Artificial Intelligence Techniques for Data Management},
  pages={1--5},
  year={2020}
}

@article{Kipf2019SOSDAB,
  title={SOSD: A Benchmark for Learned Indexes},
  author={Andreas Kipf and Ryan Marcus and Alexander van Renen and Mihail Stoian and Alfons Kemper and Tim Kraska and Thomas Neumann},
  journal={ArXiv},
  year={2019},
  volume={abs/1911.13014}
}

@article{Tang2020XIndexAS,
  title={XIndex: a scalable learned index for multicore data storage},
  author={Chuzhe Tang and Youyun Wang and Zhiyuan Dong and Gansen Hu and Zhaoguo Wang and Minjie Wang and Haibo Chen},
  journal={Proceedings of the 25th ACM SIGPLAN Symposium on Principles and Practice of Parallel Programming},
  year={2020}
}

@inproceedings{wang2020sindex,
  title={SIndex: a scalable learned index for string keys},
  author={Wang, Youyun and Tang, Chuzhe and Wang, Zhaoguo and Chen, Haibo},
  booktitle={Proceedings of the 11th ACM SIGOPS Asia-Pacific Workshop on Systems},
  pages={17--24},
  year={2020}
}

@article{LISA,
    title={LISA: A Learned Index Structure for Spatial Data},
    author={Pengfei Li and Hua Lu and Qian Zheng and Long Yang and Gang Pan},
    journal={Proceedings of the ACM SIGMOD International Conference on Management of Data},
  year={2020}
}

@article{CDFShop,
    title={CDFShop: Exploring and Optimizing Learned Index Structures},
     author={Ryan Marcus and Emily Zhang and Tim Kraska},
    journal={Proceedings of the ACM SIGMOD International Conference on Management of Data},
  year={2020}
}

@inproceedings{yang2020qd,
  title={Qd-tree: Learning Data Layouts for Big Data Analytics},
  author={Yang, Zongheng and Chandramouli, Badrish and Wang, Chi and Gehrke, Johannes and Li, Yinan and Minhas, Umar Farooq and Larson, Per-{\AA}ke and Kossmann, Donald and Acharya, Rajeev},
  booktitle={Proceedings of the ACM SIGMOD International Conference on Management of Data},
  pages={193--208},
  year={2020}
}

%MTO
@inproceedings{ding2021instance,
  title={Instance-Optimized Data Layouts for Cloud Analytics Workloads},
  author={Ding, Jialin and Minhas, Umar Farooq and Chandramouli, Badrish and Wang, Chi and Li, Yinan and Li, Ying and Kossmann, Donald and Gehrke, Johannes and Kraska, Tim},
  booktitle={Proceedings of the ACM SIGMOD International Conference on Management of Data},
  pages={418--431},
  year={2021}
}
  



%Prof. Aref's Paper from SIGMOD 1995
@article{handwritten_trie_previous,
author = {Aref, Walid and Barbar\'{a}, Daniel and Vallabhaneni, Padmavathi},
title = {The Handwritten Trie: Indexing Electronic Ink},
year = {1995}
}
%issue_date = {May 1995},
publisher = {Association for Computing Machinery},
address = {New York, NY, USA},
volume = {24},
number = {2},
issn = {0163-5808},
%url = {https://doi.org/10.1145/568271.223811},
%doi = {10.1145/568271.223811},
journal = {SIGMOD Rec.},
%month = may,
pages = {151–162},
numpages = {12}
}

@inproceedings{handwritten_trie,
title = {The Handwritten Trie: Indexing Electronic Ink},
author = {Aref, Walid and Barbar\'{a}, Daniel and Vallabhaneni, Padmavathi},
booktitle={SIGMOD Rec.},
pages = {151–162},
year = {1995}
}

@inproceedings{jin2002indexing,
  title={Indexing Hidden Markov Models for Music Retrieval.},
  author={Jin, Hui and Jagadish, HV},
  booktitle={ISMIR},
  year={2002}
}

%Papers from "Learned Data Structure" paper
@article{AIDEL,
  author    = {Pengfei Li and
               Yu Hua and
               Pengfei Zuo and
               Jingnan Jia},
  title     = {A Scalable Learned Index Scheme in Storage Systems},
  journal   = {CoRR},
  volume    = {abs/1905.06256},
  year      = {2019},
  url       = {http://arxiv.org/abs/1905.06256},
  archivePrefix = {arXiv},
  eprint    = {1905.06256},
  timestamp = {Wed, 24 Jul 2019 16:44:00 +0200},
  biburl    = {https://dblp.org/rec/journals/corr/abs-1905-06256.bib},
  bibsource = {dblp computer science bibliography, https://dblp.org}
}

@inproceedings{ASLM,
  title={ASLM: Adaptive single layer model for learned index},
  author={Li, Xin and Li, Jingdong and Wang, Xiaoling},
  booktitle={International Conference on Database Systems for Advanced Applications},
  pages={80--95},
  year={2019},
  organization={Springer}
}

@inproceedings{qu2019hybrid,
  title={Hybrid indexes by exploring traditional B-tree and linear regression},
  author={Qu, Wenwen and Wang, Xiaoling and Li, Jingdong and Li, Xin},
  booktitle={International Conference on Web Information Systems and Applications},
  pages={601--613},
  year={2019},
  organization={Springer}
}

%VLDB 2020

@inproceedings{Ferragina_PGM,
   title={The PGM-index},
   author={Ferragina, Paolo and Vinciguerra, Giorgio},
   booktitle={Proceedings of the VLDB Endowment},
   pages={1162–1175},
   year = {2020}
 }

@inproceedings{hadian2020handsoff,
  title = {Hands-off Model Integration in Spatial Index Structures},
  author = {Hadian, Ali and Kumar, Ankit and Heinis, Thomas},
  booktitle = {Proceedings of the 2nd International Workshop on Applied AI for Database Systems and Applications},
  year = {2020},
  website = {https://sites.google.com/view/aidb2020/home/accepted-papers},
  pdf = {yes}
}

@inproceedings{hadian2020madex,
  title = {MADEX: Learning-augmented Algorithmic Index Structures},
  author = {Hadian, Ali and Heinis, Thomas},
  booktitle = {Proceedings of the 2nd International Workshop on Applied AI for Database Systems and Applications},
  year = {2020},
  website = {https://sites.google.com/view/aidb2020/home/accepted-papers},
  pdf = {yes}
}

@article{hilprecht2020deepdb,
  title={DeepDB: learn from data, not from queries!},
  author={Hilprecht, Benjamin and Schmidt, Andreas and Kulessa, Moritz and Molina, Alejandro and Kersting, Kristian and Binnig, Carsten},
  journal={Proceedings of the VLDB Endowment},
  volume={13},
  number={7},
  pages={992--1005},
  year={2020},
  publisher={VLDB Endowment}
}

@article{qi13effectively,
  title={Effectively learning spatial indices},
  author={Qi, Jianzhong and Liu, Guanli and Jensen, Christian S and Kulik, Lars},
  journal={Proceedings of the VLDB Endowment},
  volume={13},
  number={12},
  pages={2341--2354},
  year={2020},
  publisher={VLDB Endowment}
}

@article{pandey2020case,
  title={The Case for Learned Spatial Indexes},
  author={Pandey, Varun and van Renen, Alexander and Kipf, Andreas and Sabek, Ibrahim and Ding, Jialin and Kemper, Alfons},
  journal={arXiv preprint arXiv:2008.10349},
  year={2020}
}
%EDBT 2020
@inproceedings{davitkova2020ml,
  title={The ML-Index: A Multidimensional, Learned Index for Point, Range, and Nearest-Neighbor Queries.},
  author={Davitkova, Angjela and Milchevski, Evica and Michel, Sebastian},
  booktitle={International Conference on Extending Database Technology (EDBT)},
  pages={407--410},
  year={2020}
}

%Latest Archive papers in 2020
@article{ding2020tsunami,
  title={Tsunami: a learned multi-dimensional index for correlated data and skewed workloads},
  author={Ding, Jialin and Nathan, Vikram and Alizadeh, Mohammad and Kraska, Tim},
  journal={Proceedings of the VLDB Endowment},
  volume={14},
  number={2},
  pages={74--86},
  year={2020},
  publisher={VLDB Endowment}
}
  

% Ref to earlier papers of R-Tree Variants
@inproceedings{guttman1984r,
  title={R-trees: A dynamic index structure for spatial searching},
  author={Guttman, Antonin},
  booktitle={Proceedings of the ACM SIGMOD international conference on Management of data},
  pages={47--57},
  year={1984}
}


@inproceedings{beckmann1990r,
  title={The R*-tree: an efficient and robust access method for points and rectangles},
  author={Beckmann, Norbert and Kriegel, Hans-Peter and Schneider, Ralf and Seeger, Bernhard},
  booktitle={Proceedings of the ACM SIGMOD international conference on Management of data},
  pages={322--331},
  year={1990}
}

@techreport{sellis1987r+,
  title={The R+-Tree: A Dynamic Index for Multi-Dimensional Objects.},
  author={Sellis, Timos and Roussopoulos, Nick and Faloutsos, Christos},
  year={1987}
}



@inproceedings{kamel1993hilbert,
title = {Hilbert R-Tree: An Improved R-Tree Using Fractals},
author = {Kamel, Ibrahim and Faloutsos, Christos},
booktitle = {Proceedings of the 20th International Conference on Very Large Data Bases},
pages = {500–509},
year = {1994}
}

@inproceedings{beckmann2009revised,
  title={A revised R*-tree in comparison with related index structures},
  author={Beckmann, Norbert and Seeger, Bernhard},
  booktitle={Proceedings of the ACM SIGMOD International Conference on Management of data},
  pages={799--812},
  year={2009}
}

@article{arge2008priority,
  title={The priority R-tree: A practically efficient and worst-case optimal R-tree},
  author={Arge, Lars and Berg, Mark De and Haverkort, Herman and Yi, Ke},
  journal={ACM Transactions on Algorithms (TALG)},
  volume={4},
  number={1},
  pages={1--30},
  year={2008},
  publisher={ACM New York, NY, USA}
}

@article{qi2020packing,
  title={Packing R-trees with space-filling curves: Theoretical optimality, empirical efficiency, and bulk-loading parallelizability},
  author={Qi, Jianzhong and Tao, Yufei and Chang, Yanchuan and Zhang, Rui},
  journal={ACM Transactions on Database Systems (TODS)},
  volume={45},
  number={3},
  pages={1--47},
  year={2020},
  publisher={ACM New York, NY, USA}
}

@inproceedings{leutenegger1997str,
  title={STR: A simple and efficient algorithm for R-tree packing},
  author={Leutenegger, Scott T and Lopez, Mario A and Edgington, Jeffrey},
  booktitle={Proceedings 13th international conference on data engineering},
  pages={497--506},
  year={1997},
  organization={IEEE}
}


@article{finkel1974quad,
  title={Quad trees a data structure for retrieval on composite keys},
  author={Finkel, Raphael A. and Bentley, Jon Louis},
  journal={Acta informatica},
  volume={4},
  number={1},
  pages={1--9},
  year={1974},
  publisher={Springer}
}


@article{samet1984quadtree,
  title={The quadtree and related hierarchical data structures},
  author={Samet, Hanan},
  journal={ACM Computing Surveys (CSUR)},
  volume={16},
  number={2},
  pages={187--260},
  year={1984},
  publisher={ACM New York, NY, USA}
}

@book{samet2006foundations,
  title={Foundations of multidimensional and metric data structures},
  author={Samet, Hanan},
  year={2006},
  publisher={Morgan Kaufmann}
}

%R-Tree Book: Theory and application

@book{manolopoulos2010r,
  title={R-trees: Theory and Applications},
  author={Manolopoulos, Yannis and Nanopoulos, Alexandros and Papadopoulos, Apostolos N and Theodoridis, Yannis},
  year={2010},
  publisher={Springer Science \& Business Media}
}

@techreport{manolopoulos2003r,
  title={R-trees have grown everywhere},
  author={Manolopoulos, Yannis and Nanopoulos, Alexandros and Papadopoulos, Apostolos N and Theodoridis, Yannis},
  year={2003}
}


%---------------------



@article{GVE+19,
  title={UCR-STAR: The UCR spatio-temporal active repository},
  author={Ghosh, Saheli and Vu, Tin and Eskandari, Mehrad Amin and Eldawy, Ahmed},
  journal={SIGSPATIAL Special},
  volume={11},
  number={2},
  pages={34--40},
  year={2019},
  publisher={ACM New York, NY, USA}
}

@article{scikit-learn,
 title={Scikit-learn: Machine Learning in {P}ython},
 author={Pedregosa, F. and Varoquaux, G. and Gramfort, A. and Michel, V.
         and Thirion, B. and Grisel, O. and Blondel, M. and Prettenhofer, P.
         and Weiss, R. and Dubourg, V. and Vanderplas, J. and Passos, A. and
         Cournapeau, D. and Brucher, M. and Perrot, M. and Duchesnay, E.},
 journal={Journal of Machine Learning Research},
 volume={12},
 pages={2825--2830},
 year={2011}
}
@article{szymanski2019scikit_multilearn,
  title={Scikit-multilearn: a scikit-based Python environment for performing multi-label classification},
  author={Szymanski, Piotr and Kajdanowicz, Tomasz},
  journal={The Journal of Machine Learning Research},
  volume={20},
  number={1},
  pages={209--230},
  year={2019},
  publisher={JMLR. org}
}




@misc{rtreelib123,
  title = {rtreelib,
  githublink = {\url{https://github.com/sergkr/rtreelib}}
}
}

@inproceedings{mahmood2014indexing,
  title={Indexing recent trajectories of moving objects},
  author={Mahmood, Ahmed R and Aref, Walid G and Aly, Ahmed M and Basalamah, Saleh},
  booktitle={Proceedings of the 22nd ACM SIGSPATIAL International Conference on Advances in Geographic Information Systems},
  pages={393--396},
  year={2014}
}

@article{deng2011future,
  title={What is the future of disk drives, death or rebirth?},
  author={Deng, Yuhui},
  journal={ACM Computing Surveys (CSUR)},
  volume={43},
  number={3},
  pages={1--27},
  year={2011},
  publisher={ACM New York, NY, USA}
}

%Comer B Tree Paper
@article{comer1979ubiquitous,
  title={Ubiquitous B-tree},
  author={Comer, Douglas},
  journal={ACM Computing Surveys (CSUR)},
  volume={11},
  number={2},
  pages={121--137},
  year={1979},
  publisher={ACM New York, NY, USA}
}

%Space Filling Curves
@book{sagan2012space,
  title={Space-filling Curves},
  author={Sagan, Hans},
  year={2012},
  publisher={Springer Science \& Business Media}
}

@article{mokbel2009space,
  title={Space-filling curves},
  author={Mokbel, Mohamed F and Aref, Walid G},
  year={2009}
}

@article{mokbel2003analysis,
  title={Analysis of Multi-dimensional Space-filling Curves},
  author={Mokbel, Mohamed F and Aref, Walid G and Kamel, Ibrahim},
  journal={GeoInformatica},
  volume={7},
  number={3},
  pages={179--209},
  year={2003},
  publisher={Springer}
}
%Multi-label Classification Book
@incollection{herrera2016multilabel,
  title={Multilabel classification},
  author={Herrera, Francisco and Charte, Francisco and Rivera, Antonio J and Del Jesus, Mar{\'\i}a J},
  booktitle={Multilabel Classification},
  pages={17--31},
  year={2016},
  publisher={Springer}
}


%Query workload aware regular R-Tree QUASII

@inproceedings{pavlovic2018quasii,
  title={QUASII: query-aware spatial incremental index},
  author={Pavlovic, Mirjana and Sidlauskas, Darius and Heinis, Thomas and Ailamaki, Anastasia},
  booktitle={21st International Conference on Extending Database Technology (EDBT)},
  number={CONF},
  year={2018}
}




%surveys and tutorials
@inproceedings{ferragina2020learned,
  title={Why Are Learned Indexes So Effective?},
  author={Ferragina, Paolo and Lillo, Fabrizio and Vinciguerra, Giorgio},
  booktitle={International Conference on Machine Learning},
  pages={3123--3132},
  year={2020},
  organization={PMLR}
}

@article{ferragina2021performance,
  title={On the performance of learned data structures},
  author={Ferragina, Paolo and Lillo, Fabrizio and Vinciguerra, Giorgio},
  journal={Theoretical Computer Science},
  volume={871},
  pages={107--120},
  year={2021},
  publisher={Elsevier}
}

@article{ferragina_survey,
  title={Learned data structures},
  author={Ferragina, Paolo and Vinciguerra, Giorgio},
  journal={Recent Trends in Learning From Data},
  pages={5--41},
  year={2020},
  publisher={Springer, Cham}
}

@article{zhou2020database,
  title={Database meets artificial intelligence: A survey},
  author={Zhou, Xuanhe and Chai, Chengliang and Li, Guoliang and Sun, Ji},
  journal={IEEE Transactions on Knowledge and Data Engineering},
  year={2020},
  publisher={IEEE}
}

@inproceedings{li2021ai_tutorial,
  title={AI Meets Database: AI4DB and DB4AI},
  author={Li, Guoliang and Zhou, Xuanhe and Cao, Lei},
  booktitle={Proceedings of the ACM SIGMOD international conference on Management of data},
  pages={2859--2866},
  year={2021}
}

@inproceedings{sabek2020machine_tutorial,
  title={Machine learning meets big spatial data},
  author={Sabek, Ibrahim and Mokbel, Mohamed F},
  booktitle={36th International Conference on Data Engineering (ICDE)},
  pages={1782--1785},
  year={2020},
  organization={IEEE}
}

@inproceedings{al2020tutorial,
  title={A tutorial on learned multi-dimensional indexes},
  author={Al-Mamun, Abdullah and Wu, Hao and Aref, Walid G},
  booktitle={Proceedings of the 28th ACM SIGSPATIAL International Conference on Advances in Geographic Information Systems},
  pages={1--4},
  year={2020}
}

@inproceedings{idreos2019_tutorial,
  title={From auto-tuning one size fits all to self-designed and learned data-intensive systems},
  author={Idreos, Stratos and Kraska, Tim},
  booktitle={Proceedings of the ACM SIGMOD International Conference on Management of Data},
  pages={2054--2059},
  year={2019}
}

@inproceedings{echihabi2021new10001,
 title={New Trends in High-D Vector Similarity Search: AI-driven, Progressive, and Distributed},
  author={Echihabi, Karima and Zoumpatianos, Kostas and Palpanas, Themis},
 year={2021},
 organization={VLDB}
}

@article{echihabi2021new,
  title={New trends in high-D vector similarity search: al-driven, progressive, and distributed},
  author={Echihabi, Karima and Zoumpatianos, Kostas and Palpanas, Themis},
  journal={Proceedings of the VLDB Endowment},
  volume={14},
  number={12},
  pages={3198--3201},
  year={2021},
  publisher={VLDB Endowment}
}

%bencmark
@article{marcus2020benchmarking,
  title={Benchmarking learned indexes},
  author={Marcus, Ryan and Kipf, Andreas and van Renen, Alexander and Stoian, Mihail and Misra, Sanchit and Kemper, Alfons and Neumann, Thomas and Kraska, Tim},
  journal={Proceedings of the VLDB Endowment},
  volume={14},
  number={1},
  pages={1--13},
  year={2020},
  publisher={VLDB Endowment}
}

@inproceedings{bindschaedler2021_benchmark,
  title={Towards a Benchmark for Learned Systems},
  author={Bindschaedler, Laurent and Kipf, Andreas and Kraska, Tim and Marcus, Ryan and Minhas, Umar Farooq},
  booktitle={IEEE 37th International Conference on Data Engineering Workshops},
  pages={127--133},
  year={2021},
  organization={IEEE}
}

%Classification Book
@book{han2011data_book,
  title={Data mining: concepts and techniques},
  author={Han, Jiawei and Pei, Jian and Kamber, Micheline},
  year={2011},
  publisher={Elsevier}
}

@inproceedings{aggarwal2015data_book,
  title={Data classification},
  author={Aggarwal, Charu C},
  booktitle={Data Mining},
  pages={285--344},
  year={2015},
  organization={Springer}
}

@article{gibaja2015tutorial,
  title={A tutorial on multilabel learning},
  author={Gibaja, Eva and Ventura, Sebasti{\'a}n},
  journal={ACM Computing Surveys (CSUR)},
  volume={47},
  number={3},
  pages={1--38},
  year={2015},
  publisher={ACM New York, NY, USA}
}

%Latest papers
@article{abu2020learned,
  title={Learned Indexes for a Google-scale Disk-based Database},
  author={Abu-Libdeh, Hussam and Alt{\i}nb{\"u}ken, Deniz and Beutel, Alex and Chi, Ed H and Doshi, Lyric and Kraska, Tim and Ly, Andy and Olston, Christopher and others},
  journal={arXiv preprint},
  year={2020}
}

@inproceedings{li2021polyfit_edbt2021,
  title={PolyFit: Polynomial-based Indexing Approach for Fast Approximate Range Aggregate Queries},
  author={Li, Zhe and Chan, Tsz Nam and Yiu, Man Lung and Jensen, Christian S},
  booktitle={International Conference on Extending Database Technology},
  year={2021}
}

@inproceedings{hadian2021shift_edbt_2021,
  title={Shift-Table: A Low-latency Learned Index for Range Queries using Model Correction},
  author={Hadian, Ali and Heinis, Thomas},
  booktitle={International Conference on Extending Database Technology},
  year={2021}
}

@inproceedings{mishra2021rusli_update,
  title={RUSLI: Real-time Updatable Spline Learned Index},
  author={Mishra, Mayank and Singhal, Rekha},
  booktitle={Fourth Workshop in Exploiting AI Techniques for Data Management},
  pages={1--8},
  year={2021}
}

@inproceedings{behrend2019period,
  title={Period Index: A Learned 2D Hash Index for Range and Duration Queries},
  author={Behrend, Andreas and Dign{\"o}s, Anton and Gamper, Johann and Schmiegelt, Philip and Voigt, Hannes and Rottmann, Matthias and Kahl, Karsten},
  booktitle={Proceedings of the 16th International Symposium on Spatial and Temporal Databases},
  pages={100--109},
  year={2019}
}

@inproceedings{dai2020wisckey,
  title={From wisckey to bourbon: A learned index for log-structured merge trees},
  author={Dai, Yifan and Xu, Yien and Ganesan, Aishwarya and Alagappan, Ramnatthan and Kroth, Brian and Arpaci-Dusseau, Andrea and Arpaci-Dusseau, Remzi},
  booktitle={14th Symposium on Operating Systems Design and Implementation},
  pages={155--171},
  year={2020}
}

@article{wu2021updatable,
  title={Updatable Learned Index with Precise Positions},
  author={Wu, Jiacheng and Zhang, Yong and Chen, Shimin and Wang, Jin and Chen, Yu and Xing, Chunxiao},
  journal={arXiv preprint arXiv:2104.05520},
  year={2021}
}


@inproceedings{kraskatowards101,
  title={Towards instance-optimized data systems},
  author={Kraska, Tim},
  booktitle={47th International Conference on Very Large Data Bases},
  year={2021}
}

@article{kraskatowards,
  title={Towards Instance-Optimized Data Systems},
  author={Kraska, Tim},
  journal={Proceedings of the VLDB Endowment},
  volume={14},
  number={12},
  pages={3222–3232},
  year={2021},
  publisher={VLDB Endowment}
}
%----------Not cited till now------------
@inproceedings{zhang2021sprig,
  title={SPRIG: A Learned Spatial Index for Range and kNN Queries},
  author={Zhang, Songnian and Ray, Suprio and Lu, Rongxing and Zheng, Yandong},
  booktitle={17th International Symposium on Spatial and Temporal Databases},
  pages={96--105},
  year={2021}
}

%---------AIDBVLDB 2021 Papers----------

@InProceedings{kang2021the,
author = {Kang, Rong and Wu, Wentao and Wang, Chen and Zhang, Ce and Wang, Jianmin},
title = {The Case for ML-Enhanced High-Dimensional Indexes},
booktitle = {Proceedings of the 3rd International Workshop on Applied AI for Database Systems and Applications},
year = {2021}
}

@article{sabek2021learned,
  title={When Are Learned Models Better Than Hash Functions?},
  author={Sabek, Ibrahim and Vaidya, Kapil and Horn, Dominik and Kipf, Andreas and Kraska, Tim},
  journal={arXiv preprint arXiv:2107.01464},
  year={2021}
}

@article{stoian2021plex,
  title={PLEX: Towards Practical Learned Indexing},
  author={Stoian, Mihail and Kipf, Andreas and Marcus, Ryan and Kraska, Tim},
  journal={arXiv preprint arXiv:2108.05117},
  year={2021}
}
@article{gu2021rlr,
  title={The RLR-Tree: A Reinforcement Learning Based R-Tree for Spatial Data},
  author={Gu, Tu and Feng, Kaiyu and Cong, Gao and Long, Cheng and Wang, Zheng and Wang, Sheng},
  journal={arXiv preprint arXiv:2103.04541},
  year={2021}
}

%Early Decision Tree Paper
@article{quinlan1986induction,
  title={Induction of decision trees},
  author={Quinlan, J. Ross},
  journal={Machine learning},
  volume={1},
  number={1},
  pages={81--106},
  year={1986},
  publisher={Springer}
}

%Early random forest paper
@article{breiman2001random,
  title={Random forests},
  author={Breiman, Leo},
  journal={Machine learning},
  volume={45},
  number={1},
  pages={5--32},
  year={2001},
  publisher={Springer}
}

%Bagging Paper
@article{breiman1996bagging,
  title={Bagging predictors},
  author={Breiman, Leo},
  journal={Machine learning},
  volume={24},
  pages={123--140},
  year={1996},
  publisher={Springer}
}

%Data Clustering
@article{jain1999data,
  title={Data clustering: a review},
  author={Jain, Anil K and Murty, M Narasimha and Flynn, Patrick J},
  journal={ACM computing surveys (CSUR)},
  volume={31},
  number={3},
  pages={264--323},
  year={1999},
  publisher={Acm New York, NY, USA}
}

%not cited yet
@article{safavian1991survey,
  title={A survey of decision tree classifier methodology},
  author={Safavian, S Rasoul and Landgrebe, David},
  journal={IEEE transactions on systems, man, and cybernetics},
  volume={21},
  number={3},
  pages={660--674},
  year={1991},
  publisher={IEEE}
}

%Python Doc for get_size() reference

@misc{pythonDoc,
title = {The Python Standard Library: System-specific parameters and functions},
year = {2021},
howpublished = "\url{ https://docs.python.org/3.6/library/sys.html }"}


%AAM_MDM: added papers from the review of SIGMOD
@article{zhang2014towards,
  title={Towards a painless index for spatial objects},
  author={Zhang, Rui and Qi, Jianzhong and Stradling, Martin and Huang, Jin},
  journal={ACM Transactions on Database Systems (TODS)},
  volume={39},
  number={3},
  pages={1--42},
  year={2014},
  publisher={ACM New York, NY, USA}
}

@inproceedings{koudas1997size,
  title={Size separation spatial join},
  author={Koudas, Nick and Sevcik, Kenneth C},
  booktitle={Proceedings of the ACM SIGMOD international conference on Management of data},
  pages={324--335},
  year={1997}
}

@inproceedings{sidlauskas2018improving,
  title={Improving spatial data processing by clipping minimum bounding boxes},
  author={Sidlauskas, Darius and Chester, Sean and Zacharatou, Eleni Tzirita and Ailamaki, Anastasia},
  booktitle={34th International Conference on Data Engineering (ICDE)},
  pages={425--436},
  year={2018},
  organization={IEEE}
}

%hyperparameter:
@article{bergstra2011algorithms,
  title={Algorithms for hyper-parameter optimization},
  author={Bergstra, James and Bardenet, R{\'e}mi and Bengio, Yoshua and K{\'e}gl, Bal{\'a}zs},
  journal={Advances in neural information processing systems},
  volume={24},
  year={2011}
}


%MDM_Paper
@INPROCEEDINGS{AI_R_tree_mdm_2022,
  author={Al-Mamun, Abdullah and Haider, Ch. Md. Rakin and Wang, Jianguo and Aref, Walid G.},
  booktitle={2022 23rd IEEE International Conference on Mobile Data Management (MDM)}, 
  title={The “AI + R” - tree: An Instance-optimized R - tree}, 
  year={2022},
  pages={9-18}
}

%survey learned index
@article{al2024survey,
  title={A Survey of Learned Indexes for the Multi-dimensional Space},
  author={Al-Mamun, Abdullah and Wu, Hao and He, Qiyang and Wang, Jianguo and Aref, Walid G},
  journal={arXiv preprint arXiv:2403.06456},
  year={2024}
}

@article{yang2023platon,
  title={PLATON: Top-down R-tree Packing with Learned Partition Policy},
  author={Yang, Jingyi and Cong, Gao},
  journal={Proceedings of the ACM on Management of Data},
  volume={1},
  number={4},
  pages={1--26},
  year={2023},
  publisher={ACM New York, NY, USA}
}

%ACR-Tree similar to RLR-tree
@inproceedings{huang2023acr,
  title={ACR-Tree: Constructing R-Trees Using Deep Reinforcement Learning},
  author={Huang, Shuai and Wang, Yong and Li, Guoliang},
  booktitle={International Conference on Database Systems for Advanced Applications},
  pages={80--96},
  year={2023},
  organization={Springer}
}

%XGBoost Paper
@inproceedings{chen2016xgboost,
  title={Xgboost: A scalable tree boosting system},
  author={Chen, Tianqi and Guestrin, Carlos},
  booktitle={Proceedings of the 22nd acm sigkdd international conference on knowledge discovery and data mining},
  pages={785--794},
  year={2016}
}

%HAP One-d index example
@inproceedings{liu2022hap,
  title={HAP: an efficient hamming space index based on augmented pigeonhole principle},
  author={Liu, Qiyu and Shen, Yanyan and Chen, Lei},
  booktitle={Proceedings of the 2022 International Conference on Management of Data},
  pages={917--930},
  year={2022}
}

%LIPP paper
@article{LIPP_index_vldb,
author = {Wu, Jiacheng and Zhang, Yong and Chen, Shimin and Wang, Jin and Chen, Yu and Xing, Chunxiao},
title = {Updatable Learned Index with Precise Positions},
year = {2021},
publisher = {VLDB Endowment},
volume = {14},
number = {8},
issn = {2150-8097},
journal = {Proc. VLDB Endow.},
month = {apr},
pages = {1276–1288}
}

%BCELoss link
@misc{BCELoss_pytorch,
    title = {Pytorch Module for Loss Functions},
    url = {https://pytorch.org/docs/stable/generated/torch.nn.BCELoss.html},
    year = {Accessed in 2024 }
}

@article{zhang2019s3,
  title={S3: A scalable in-memory skip-list index for key-value store},
  author={Zhang, Jingtian and Wu, Sai and Tan, Zeyuan and Chen, Gang and Cheng, Zhushi and Cao, Wei and Gao, Yusong and Feng, Xiaojie},
  journal={Proceedings of the VLDB Endowment},
  volume={12},
  number={12},
  pages={2183--2194},
  year={2019},
  publisher={VLDB Endowment}
}

%other new surveys on learned Multi-D Indexes
@article{liu2024good,
  title={How Good Are Multi-dimensional Learned Indices? An Experimental Survey},
  author={Liu, Qiyu and Li, Maocheng and Zeng, Yuxiang and Shen, Yanyan and Chen, Lei},
  journal={arXiv preprint arXiv:2405.05536},
  year={2024}
}
@article{li2024survey,
  title={A Survey of Multi-Dimensional Indexes: Past and Future Trends},
  author={Li, Mingxin and Wang, Hancheng and Dai, Haipeng and Li, Meng and Gu, Rong and Chen, Feng and Chen, Zhiyuan and Li, Shuaituan and Liu, Qizhi and Chen, Guihai},
  journal={IEEE Transactions on Knowledge and Data Engineering},
  year={2024},
  publisher={IEEE}
}

%custom and NN models
@inproceedings{eppert2021tailored,
  title={A Tailored Regression for Learned Indexes: Logarithmic Error Regression},
  author={Eppert, Martin and Fent, Philipp and Neumann, Thomas},
  booktitle={Fourth Workshop in Exploiting AI Techniques for Data Management},
  pages={9--15},
  year={2021}
}
%NN suitability
@inproceedings{amato2022suitability,
  title={On the Suitability of Neural Networks as Building Blocks for the Design of Efficient Learned Indexes},
  author={Amato, Domenico and Bosco, Giosu{\'e} Lo and Giancarlo, Raffaele},
  booktitle={International Conference on Engineering Applications of Neural Networks},
  pages={115--127},
  year={2022},
  organization={Springer}
}

@article{amato2023neural,
  title={Neural networks as building blocks for the design of efficient learned indexes},
  author={Amato, Domenico and Lo Bosco, Giosu{\'e} and Giancarlo, Raffaele},
  journal={Neural Computing and Applications},
  volume={35},
  number={29},
  pages={21399--21414},
  year={2023},
  publisher={Springer}
}

%neural network models for one-d learned string index
@article{ferragina2023nonlinear,
  title={On nonlinear learned string indexing},
  author={Ferragina, Paolo and Frasca, Marco and Marin{\`o}, Giosu{\`e} Cataldo and Vinciguerra, Giorgio},
  journal={IEEE Access},
  year={2023},
  publisher={IEEE}
}

%Custom Loss using in EDBT paper

@article{fahim2023unsupervised,
  title={Unsupervised Space Partitioning for Nearest Neighbor Search},
  author={Fahim, Abrar and Ali, Mohammed Eunus and Cheema, Muhammad Aamir},
  Journal={International Conference on Extending Database Technology (EDBT)},
  year={2023}
}

%limousine
@article{chatterjee2024limousine,
  title={Limousine: Blending Learned and Classical Indexes to Self-Design Larger-than-Memory Cloud Storage Engines},
  author={Chatterjee, Subarna and Pekala, Mark F and Kruglyak, Lev and Idreos, Stratos},
  journal={Proceedings of the ACM on Management of Data},
  volume={2},
  number={1},
  pages={1--28},
  year={2024},
  publisher={ACM New York, NY, USA}
}


%EDBT 2024
@article{davitkova2024learning,
  title={Learning over Sets for Databases},
  author={Davitkova, Angjela and Gjurovski, Damjan and Michel, Sebastian},
  Journal={International Conference on Extending Database Technology (EDBT)},
  year={2024}
}

%2 is better than 1
@article{zhou2023two,
  title={Two is better than one: The case for 2-tree for skewed data sets},
  author={Zhou, Xinjing and Yu, Xiangyao and Graefe, Goetz and Stonebraker, Michael},
  journal={CIDR},
  volume={11},
  pages={13},
year = {2023}
}

%machine unlearning

@article{kurmanji2024machine,
  title={Machine unlearning in learned databases: An experimental analysis},
  author={Kurmanji, Meghdad and Triantafillou, Eleni and Triantafillou, Peter},
  journal={Proceedings of the ACM on Management of Data},
  volume={2},
  number={1},
  pages={1--26},
  year={2024},
  publisher={ACM New York, NY, USA}
}

%poisoning attack

@inproceedings{kornaropoulos2022price,
  title={The price of tailoring the index to your data: Poisoning attacks on learned index structures},
  author={Kornaropoulos, Evgenios M and Ren, Silei and Tamassia, Roberto},
  booktitle={Proceedings of the 2022 International Conference on Management of Data},
  pages={1331--1344},
  year={2022}
}


@inproceedings{cong2024machine,
  title={Machine learning for databases: Foundations, paradigms, and open problems},
  author={Cong, Gao and Yang, Jingyi and Zhao, Yue},
  booktitle={Companion of the 2024 International Conference on Management of Data},
  pages={622--629},
  year={2024}
}

@misc{xgboost,
title = {XGBoost Documentation},
howpublished = "\url{ https://xgboost.readthedocs.io/en/stable/tutorials/multioutput.html }"
}

@article{paszke2019pytorch,
  title={Pytorch: An imperative style, high-performance deep learning library},
  author={Paszke, Adam and Gross, Sam and Massa, Francisco and Lerer, Adam and Bradbury, James and Chanan, Gregory and Killeen, Trevor and Lin, Zeming and Gimelshein, Natalia and Antiga, Luca and others},
  journal={Advances in neural information processing systems},
  volume={32},
  year={2019}
}

@article{kingma2014adam,
  title={Adam: A method for stochastic optimization},
  author={Kingma, Diederik P},
  journal={arXiv preprint arXiv:1412.6980},
  year={2014}
}

@book{bishop2023deep,
  title={Deep learning: Foundations and concepts},
  author={Bishop, Christopher M and Bishop, Hugh},
  year={2023},
  publisher={Springer Nature}
}

%SS-tree
@inproceedings{white1996similarity,
  title={Similarity indexing with the SS-tree},
  author={White, David A and Jain, Ramesh},
  booktitle={Proceedings of the Twelfth International Conference on Data Engineering},
  pages={516--523},
  year={1996},
  organization={IEEE}
}