@inproceedings{puglisi2024enhancing,
  title={Enhancing spatiotemporal disease progression models via latent diffusion and prior knowledge},
  author={Puglisi, Lemuel and Alexander, Daniel C and Rav{\`\i}, Daniele},
  booktitle={International Conference on Medical Image Computing and Computer-Assisted Intervention},
  pages={173--183},
  year={2024},
  organization={Springer}
}

@article{pini2016brain,
  title={Brain atrophy in Alzheimer’s disease and aging},
  author={Pini, Lorenzo and Pievani, Michela and Bocchetta, Martina and Altomare, Daniele and Bosco, Paolo and Cavedo, Enrica and Galluzzi, Samantha and Marizzoni, Moira and Frisoni, Giovanni B},
  journal={Ageing research reviews},
  volume={30},
  pages={25--48},
  year={2016},
  publisher={Elsevier}
}

@article{oxtoby2017imaging,
  title={Imaging plus X: multimodal models of neurodegenerative disease},
  author={Oxtoby, Neil P and Alexander, Daniel C},
  journal={Current opinion in neurology},
  volume={30},
  number={4},
  pages={371},
  year={2017},
  publisher={Wolters Kluwer Health}
}

@article{young2018uncovering,
  title={Uncovering the heterogeneity and temporal complexity of neurodegenerative diseases with Subtype and Stage Inference},
  author={Young, Alexandra L and Marinescu, Razvan V and Oxtoby, Neil P and Bocchetta, Martina and Yong, Keir and Firth, Nicholas C and Cash, David M and Thomas, David L and Dick, Katrina M and Cardoso, Jorge and others},
  journal={Nature communications},
  volume={9},
  number={1},
  pages={4273},
  year={2018},
  publisher={Nature Publishing Group UK London}
}

@misc{WHO2023Dementia,
  author = {{World Health Organization}},
  title = {Dementia},
  year = {2023},
  url = {https://www.who.int/news-room/fact-sheets/detail/dementia}
}

@misc{PF2023Statistics,
  author = {{Parkinson's Foundation}},
  title = {Who has Parkinson's?},
  year = {2024},
  url = {https://www.parkinson.org/understanding-parkinsons/statistics}
}

@article{cury2019spatiotemporal,
  title={Spatiotemporal analysis for detection of pre-symptomatic shape changes in neurodegenerative diseases: Initial application to the GENFI cohort},
  author={Cury, Claire and Durrleman, Stanley and Cash, David M and Lorenzi, Marco and Nicholas, Jennifer M and Bocchetta, Martina and Van Swieten, John C and Borroni, Barbara and Galimberti, Daniela and Masellis, Mario and others},
  journal={NeuroImage},
  volume={188},
  pages={282--290},
  year={2019},
  publisher={Elsevier}
}

@article{zhu2023hippocampus,
  title={Hippocampus shape characterization with 3D Zernike transformation in clinical Alzheimer's disease progression},
  author={Zhu, David C and Gwo, Chih-Ying and Deng, An-Wen and Scheel, Norman and Dowling, Mari A and Zhang, Rong and Alzheimer's Disease Neuroimaging Initiative},
  journal={Human Brain Mapping},
  volume={44},
  number={4},
  pages={1432--1444},
  year={2023},
  publisher={Wiley Online Library}
}

@article{firth2019longitudinal,
  title={Longitudinal neuroanatomical and cognitive progression of posterior cortical atrophy},
  author={Firth, Nicholas C and Primativo, Silvia and Marinescu, Razvan-Valentin and Shakespeare, Timothy J and Suarez-Gonzalez, Aida and Lehmann, Manja and Carton, Amelia and Ocal, Dilek and Pavisic, Ivanna and Paterson, Ross W and others},
  journal={Brain},
  volume={142},
  number={7},
  pages={2082--2095},
  year={2019},
  publisher={Oxford University Press}
}

@article{AA2023Alzheimer,
  title    = "2023 Alzheimer's disease facts and figures",
  journal  = "Alzheimers Dement",
  volume   =  19,
  number   =  4,
  pages    = "1598--1695",
  month    =  mar,
  year     =  2023,
  address  = "United States",
  language = "en",
 url={https://alz-journals.onlinelibrary.wiley.com/doi/10.1002/alz.13016}
}

@article{young2024data,
  title={Data-driven modelling of neurodegenerative disease progression: thinking outside the black box},
  author={Young, Alexandra L and Oxtoby, Neil P and Garbarino, Sara and Fox, Nick C and Barkhof, Frederik and Schott, Jonathan M and Alexander, Daniel C},
  journal={Nature Reviews Neuroscience},
  pages={1--20},
  year={2024},
  publisher={Nature Publishing Group UK London}
}

@article{eshaghi2021identifying,
  title={Identifying multiple sclerosis subtypes using unsupervised machine learning and MRI data},
  author={Eshaghi, Arman and Young, Alexandra L and Wijeratne, Peter A and Prados, Ferran and Arnold, Douglas L and Narayanan, Sridar and Guttmann, Charles RG and Barkhof, Frederik and Alexander, Daniel C and Thompson, Alan J and others},
  journal={Nature communications},
  volume={12},
  number={1},
  pages={2078},
  year={2021},
  publisher={Nature Publishing Group UK London}
}

@article{vogel2021four,
  title={Four distinct trajectories of tau deposition identified in Alzheimer’s disease},
  author={Vogel, Jacob W and Young, Alexandra L and Oxtoby, Neil P and Smith, Ruben and Ossenkoppele, Rik and Strandberg, Olof T and La Joie, Renaud and Aksman, Leon M and Grothe, Michel J and Iturria-Medina, Yasser and others},
  journal={Nature medicine},
  volume={27},
  number={5},
  pages={871--881},
  year={2021},
  publisher={Nature Publishing Group US New York}
}

@article{koval2021ad,
  title={{AD} Course Map charts Alzheimer’s disease progression},
  author={Koval, Igor and B{\^o}ne, Alexandre and Louis, Maxime and Lartigue, Thomas and Bottani, Simona and Marcoux, Arnaud and Samper-Gonzalez, Jorge and Burgos, Ninon and Charlier, Benjamin and Bertrand, Anne and others},
  journal={Scientific Reports},
  volume={11},
  number={1},
  pages={8020},
  year={2021},
  publisher={Nature Publishing Group UK London}
}

@article{tijms2024cerebrospinal,
  title={Cerebrospinal fluid proteomics in patients with Alzheimer’s disease reveals five molecular subtypes with distinct genetic risk profiles},
  author={Tijms, Betty M and Vromen, Ellen M and Mjaavatten, Olav and Holstege, Henne and Reus, Lianne M and van der Lee, Sven and Wesenhagen, Kirsten EJ and Lorenzini, Luigi and Vermunt, Lisa and Venkatraghavan, Vikram and others},
  journal={Nature Aging},
  pages={1--15},
  year={2024},
  publisher={Nature Publishing Group US New York}
}

@article{ho2020denoising,
  title={Denoising diffusion probabilistic models},
  author={Ho, Jonathan and Jain, Ajay and Abbeel, Pieter},
  journal={Advances in neural information processing systems},
  volume={33},
  pages={6840--6851},
  year={2020}
}

@inproceedings{rombach2022high,
  title={High-resolution image synthesis with latent diffusion models},
  author={Rombach, Robin and Blattmann, Andreas and Lorenz, Dominik and Esser, Patrick and Ommer, Bj{\"o}rn},
  booktitle={Proceedings of the IEEE/CVF conference on computer vision and pattern recognition},
  pages={10684--10695},
  year={2022}
}

@inproceedings{pinaya2022brain,
  title={Brain imaging generation with latent diffusion models},
  author={Pinaya, Walter HL and Tudosiu, Petru-Daniel and Dafflon, Jessica and Da Costa, Pedro F and Fernandez, Virginia and Nachev, Parashkev and Ourselin, Sebastien and Cardoso, M Jorge},
  booktitle={MICCAI Workshop on Deep Generative Models},
  pages={117--126},
  year={2022},
  organization={Springer}
}

@inproceedings{zhang2023adding,
  title={Adding conditional control to text-to-image diffusion models},
  author={Zhang, Lvmin and Rao, Anyi and Agrawala, Maneesh},
  booktitle={Proceedings of the IEEE/CVF International Conference on Computer Vision},
  pages={3836--3847},
  year={2023}
}

@inproceedings{song2021denoising,
title={Denoising Diffusion Implicit Models},
author={Jiaming Song and Chenlin Meng and Stefano Ermon},
booktitle={International Conference on Learning Representations},
year={2021}
}

@article{schiratti2017bayesian,
  title={A Bayesian mixed-effects model to learn trajectories of changes from repeated manifold-valued observations},
  author={Schiratti, Jean-Baptiste and Allassonni{\`e}re, St{\'e}phanie and Colliot, Olivier and Durrleman, Stanley},
  journal={The Journal of Machine Learning Research},
  volume={18},
  number={1},
  pages={4840--4872},
  year={2017},
  publisher={JMLR. org}
}

@article{tustison2010n4itk,
  title={N4ITK: improved N3 bias correction},
  author={Tustison, Nicholas J and Avants, Brian B and Cook, Philip A and Zheng, Yuanjie and Egan, Alexander and Yushkevich, Paul A and Gee, James C},
  journal={IEEE transactions on medical imaging},
  volume={29},
  number={6},
  pages={1310--1320},
  year={2010},
  publisher={IEEE}
}

@article{hoopes2022synthstrip,
  title={SynthStrip: Skull-stripping for any brain image},
  author={Hoopes, Andrew and Mora, Jocelyn S and Dalca, Adrian V and Fischl, Bruce and Hoffmann, Malte},
  journal={NeuroImage},
  volume={260},
  pages={119474},
  year={2022},
  publisher={Elsevier}
}

@article{billot2023synthseg,
  title={SynthSeg: Segmentation of brain MRI scans of any contrast and resolution without retraining},
  author={Billot, Benjamin and Greve, Douglas N and Puonti, Oula and Thielscher, Axel and Van Leemput, Koen and Fischl, Bruce and Dalca, Adrian V and Iglesias, Juan Eugenio and others},
  journal={Medical image analysis},
  volume={86},
  pages={102789},
  year={2023},
  publisher={Elsevier}
}

@article{shinohara2014statistical,
  title={Statistical normalization techniques for magnetic resonance imaging},
  author={Shinohara, Russell T and Sweeney, Elizabeth M and Goldsmith, Jeff and Shiee, Navid and Mateen, Farrah J and Calabresi, Peter A and Jarso, Samson and Pham, Dzung L and Reich, Daniel S and Crainiceanu, Ciprian M and others},
  journal={NeuroImage: Clinical},
  volume={6},
  pages={9--19},
  year={2014},
  publisher={Elsevier}
}

@article{cardoso2022monai,
  title={Monai: An open-source framework for deep learning in healthcare},
  author={Cardoso, M Jorge and Li, Wenqi and Brown, Richard and Ma, Nic and Kerfoot, Eric and Wang, Yiheng and Murrey, Benjamin and Myronenko, Andriy and Zhao, Can and Yang, Dong and others},
  journal={arXiv preprint arXiv:2211.02701},
  year={2022}
}

@article{pinaya2023generative,
  title={Generative ai for medical imaging: extending the monai framework},
  author={Pinaya, Walter HL and Graham, Mark S and Kerfoot, Eric and Tudosiu, Petru-Daniel and Dafflon, Jessica and Fernandez, Virginia and Sanchez, Pedro and Wolleb, Julia and da Costa, Pedro F and Patel, Ashay and others},
  journal={arXiv preprint arXiv:2307.15208},
  year={2023}
}

@article{pombo2023equitable,
  title={Equitable modelling of brain imaging by counterfactual augmentation with morphologically constrained 3d deep generative models},
  author={Pombo, Guilherme and Gray, Robert and Cardoso, M Jorge and Ourselin, Sebastien and Rees, Geraint and Ashburner, John and Nachev, Parashkev},
  journal={Medical Image Analysis},
  volume={84},
  pages={102723},
  year={2023},
  publisher={Elsevier}
}

@inproceedings{blumberg2018deeper,
  title={Deeper image quality transfer: Training low-memory neural networks for 3d images},
  author={Blumberg, Stefano B and Tanno, Ryutaro and Kokkinos, Iasonas and Alexander, Daniel C},
  booktitle={Medical Image Computing and Computer Assisted Intervention--MICCAI 2018: 21st International Conference, Granada, Spain, September 16-20, 2018, Proceedings, Part I},
  pages={118--125},
  year={2018},
  organization={Springer}
}

@article{ellis2009australian,
  title={The Australian Imaging, Biomarkers and Lifestyle (AIBL) study of aging: methodology and baseline characteristics of 1112 individuals recruited for a longitudinal study of Alzheimer's disease},
  author={Ellis, Kathryn A and Bush, Ashley I and Darby, David and De Fazio, Daniela and Foster, Jonathan and Hudson, Peter and Lautenschlager, Nicola T and Lenzo, Nat and Martins, Ralph N and Maruff, Paul and others},
  journal={International psychogeriatrics},
  volume={21},
  number={4},
  pages={672--687},
  year={2009},
  publisher={Cambridge University Press}
}

@article{lamontagne2019oasis,
  title={OASIS-3: longitudinal neuroimaging, clinical, and cognitive dataset for normal aging and Alzheimer disease},
  author={LaMontagne, Pamela J and Benzinger, Tammie LS and Morris, John C and Keefe, Sarah and Hornbeck, Russ and Xiong, Chengjie and Grant, Elizabeth and Hassenstab, Jason and Moulder, Krista and Vlassenko, Andrei G and others},
  journal={MedRxiv},
  pages={2019--12},
  year={2019},
  publisher={Cold Spring Harbor Laboratory Press}
}

@article{petersen2010alzheimer,
  title={Alzheimer's disease neuroimaging initiative (ADNI): clinical characterization},
  author={Petersen, Ronald Carl and Aisen, Paul S and Beckett, Laurel A and Donohue, Michael C and Gamst, Anthony Collins and Harvey, Danielle J and Jack, Clifford R and Jagust, William J and Shaw, Leslie M and Toga, Arthur W and others},
  journal={Neurology},
  volume={74},
  number={3},
  pages={201--209},
  year={2010},
  publisher={AAN Enterprises}
}

@article{beekly2007national,
  title={The National Alzheimer's Coordinating Center (NACC) database: the uniform data set},
  author={Beekly, Duane L and Ramos, Erin M and Lee, William W and Deitrich, Woodrow D and Jacka, Mary E and Wu, Joylee and Hubbard, Janene L and Koepsell, Thomas D and Morris, John C and Kukull, Walter A and others},
  journal={Alzheimer Disease \& Associated Disorders},
  volume={21},
  number={3},
  pages={249--258},
  year={2007},
  publisher={LWW}
}

@inproceedings{
abdulaal2024causal,
title={Causal Modelling Agents: Causal Graph Discovery through Synergising Metadata- and Data-driven Reasoning},
author={Ahmed Abdulaal and adamos hadjivasiliou and Nina Montana-Brown and Tiantian He and Ayodeji Ijishakin and Ivana Drobnjak and Daniel C. Castro and Daniel C. Alexander},
booktitle={The Twelfth International Conference on Learning Representations},
year={2024},
url={https://openreview.net/forum?id=pAoqRlTBtY}
}

%-------------- start baselines

@inproceedings{ravi2019degenerative,
  title={Degenerative adversarial neuroimage nets: generating images that mimic disease progression},
  author={Ravi, Daniele and Alexander, Daniel C and Oxtoby, Neil P and Alzheimer’s Disease Neuroimaging Initiative},
  booktitle={International Conference on Medical Image Computing and Computer-Assisted Intervention},
  pages={164--172},
  year={2019},
  organization={Springer}
}

@article{ravi2022degenerative,
  title={Degenerative adversarial neuroimage nets for brain scan simulations: Application in ageing and dementia},
  author={Ravi, Daniele and Blumberg, Stefano B and Ingala, Silvia and Barkhof, Frederik and Alexander, Daniel C and Oxtoby, Neil P and Alzheimer’s Disease Neuroimaging Initiative and others},
  journal={Medical Image Analysis},
  volume={75},
  pages={102257},
  year={2022},
  publisher={Elsevier}
}

@article{xia2021learning,
  title={Learning to synthesise the ageing brain without longitudinal data},
  author={Xia, Tian and Chartsias, Agisilaos and Wang, Chengjia and Tsaftaris, Sotirios A and Alzheimer’s Disease Neuroimaging Initiative and others},
  journal={Medical Image Analysis},
  volume={73},
  pages={102169},
  year={2021},
  publisher={Elsevier}
}

@inproceedings{jung2021conditional,
  title={Conditional GAN with an attention-based generator and a 3D discriminator for 3D medical image generation},
  author={Jung, Euijin and Luna, Miguel and Park, Sang Hyun},
  booktitle={Medical Image Computing and Computer Assisted Intervention--MICCAI 2021: 24th International Conference, Strasbourg, France, September 27--October 1, 2021, Proceedings, Part VI 24},
  pages={318--328},
  year={2021},
  organization={Springer}
}

@article{zhao2020prediction,
  title={Prediction of Alzheimer's disease progression with multi-information generative adversarial network},
  author={Zhao, Yan and Ma, Baoqiang and Jiang, Pengbo and Zeng, Debin and Wang, Xuetong and Li, Shuyu},
  journal={IEEE Journal of Biomedical and Health Informatics},
  volume={25},
  number={3},
  pages={711--719},
  year={2020},
  publisher={IEEE}
}

@inproceedings{yoon2023sadm,
  title={SADM: Sequence-Aware Diffusion Model for Longitudinal Medical Image Generation},
  author={Yoon, Jee Seok and Zhang, Chenghao and Suk, Heung-Il and Guo, Jia and Li, Xiaoxiao},
  booktitle={International Conference on Information Processing in Medical Imaging},
  pages={388--400},
  year={2023},
  organization={Springer}
}

@inproceedings{sauty2022progression,
  title={Progression models for imaging data with Longitudinal Variational Auto Encoders},
  author={Sauty, Beno{\^\i}t and Durrleman, Stanley},
  booktitle={International Conference on Medical Image Computing and Computer-Assisted Intervention},
  pages={3--13},
  year={2022},
  organization={Springer}
}

@article{lorenzi2015disentangling,
  title={Disentangling normal aging from Alzheimer's disease in structural magnetic resonance images},
  author={Lorenzi, Marco and Pennec, Xavier and Frisoni, Giovanni B and Ayache, Nicholas and Alzheimer's Disease Neuroimaging Initiative and others},
  journal={Neurobiology of aging},
  volume={36},
  pages={S42--S52},
  year={2015},
  publisher={Elsevier}
}

@article{schiratti2015learning,
  title={Learning spatiotemporal trajectories from manifold-valued longitudinal data},
  author={Schiratti, Jean-Baptiste and Allassonniere, St{\'e}phanie and Colliot, Olivier and Durrleman, Stanley},
  journal={Advances in neural information processing systems},
  volume={28},
  year={2015}
}

@inproceedings{sauty2022riemannian,
  title={Riemannian metric learning for progression modeling of longitudinal datasets},
  author={Sauty, Beno{\^\i}t and Durrleman, Stanley},
  booktitle={2022 IEEE 19th International Symposium on Biomedical Imaging (ISBI)},
  pages={1--5},
  year={2022},
  organization={IEEE}
}

@article{wilms2022invertible,
  title={Invertible modeling of bidirectional relationships in neuroimaging with normalizing flows: application to brain aging},
  author={Wilms, Matthias and Bannister, Jordan J and Mouches, Pauline and MacDonald, M Ethan and Rajashekar, Deepthi and Langner, S{\"o}nke and Forkert, Nils D},
  journal={IEEE Transactions on Medical Imaging},
  volume={41},
  number={9},
  pages={2331--2347},
  year={2022},
  publisher={IEEE}
}

@article{goodfellow2020generative,
  title={Generative adversarial networks},
  author={Goodfellow, Ian and Pouget-Abadie, Jean and Mirza, Mehdi and Xu, Bing and Warde-Farley, David and Ozair, Sherjil and Courville, Aaron and Bengio, Yoshua},
  journal={Communications of the ACM},
  volume={63},
  number={11},
  pages={139--144},
  year={2020},
  publisher={ACM New York, NY, USA}
}

@article{kingma2013auto,
  title={Auto-encoding variational bayes},
  author={Kingma, Diederik P},
  journal={arXiv preprint arXiv:1312.6114},
  year={2013}
}

@article{papamakarios2021normalizing,
  title={Normalizing flows for probabilistic modeling and inference},
  author={Papamakarios, George and Nalisnick, Eric and Rezende, Danilo Jimenez and Mohamed, Shakir and Lakshminarayanan, Balaji},
  journal={Journal of Machine Learning Research},
  volume={22},
  number={57},
  pages={1--64},
  year={2021}
}

@inproceedings{chadebec2022image,
  title={An Image Feature Mapping Model for Continuous Longitudinal Data Completion and Generation of Synthetic Patient Trajectories},
  author={Chadebec, Cl{\'e}ment and Huijben, Evi MC and Pluim, Josien PW and Allassonni{\`e}re, St{\'e}phanie and van Eijnatten, Maureen AJM},
  booktitle={MICCAI Workshop on Deep Generative Models},
  pages={55--64},
  year={2022},
  organization={Springer}
}

@article{he2024individualized,
  title={Individualized multi-horizon MRI trajectory prediction for Alzheimer's Disease},
  author={He, Rosemary and Ang, Gabriella and Tward, Daniel},
  journal={arXiv preprint arXiv:2408.02018},
  year={2024}
}

@inproceedings{litrico2024tadm,
  title={TADM: Temporally-Aware Diffusion Model for Neurodegenerative Progression on Brain MRI},
  author={Litrico, Mattia and Guarnera, Francesco and Giuffrida, Mario Valerio and Rav{\`\i}, Daniele and Battiato, Sebastiano},
  booktitle={International Conference on Medical Image Computing and Computer-Assisted Intervention},
  pages={444--453},
  year={2024},
  organization={Springer}
}

@inproceedings{kim2022diffusion,
  title={Diffusion deformable model for 4D temporal medical image generation},
  author={Kim, Boah and Ye, Jong Chul},
  booktitle={International Conference on Medical Image Computing and Computer-Assisted Intervention},
  pages={539--548},
  year={2022},
  organization={Springer}
}

@article{alam2024digital,
  title={Digital Twin Generators for Disease Modeling},
  author={Alam, Nameyeh and Basilico, Jake and Bertolini, Daniele and Chetty, Satish Casie and D'Angelo, Heather and Douglas, Ryan and Fisher, Charles K and Fuller, Franklin and Gomes, Melissa and Gupta, Rishabh and others},
  journal={arXiv preprint arXiv:2405.01488},
  year={2024}
}

@article{durrleman2013toward,
  title={Toward a comprehensive framework for the spatiotemporal statistical analysis of longitudinal shape data},
  author={Durrleman, Stanley and Pennec, Xavier and Trouv{\'e}, Alain and Braga, Jos{\'e} and Gerig, Guido and Ayache, Nicholas},
  journal={International journal of computer vision},
  volume={103},
  pages={22--59},
  year={2013},
  publisher={Springer}
}

@article{scikit-learn,
  title={Scikit-learn: Machine Learning in {P}ython},
  author={Pedregosa, F. and Varoquaux, G. and Gramfort, A. and Michel, V.
          and Thirion, B. and Grisel, O. and Blondel, M. and Prettenhofer, P.
          and Weiss, R. and Dubourg, V. and Vanderplas, J. and Passos, A. and
          Cournapeau, D. and Brucher, M. and Perrot, M. and Duchesnay, E.},
  journal={Journal of Machine Learning Research},
  volume={12},
  pages={2825--2830},
  year={2011}
}