@inproceedings{chadebec2022image,
  title={An Image Feature Mapping Model for Continuous Longitudinal Data Completion and Generation of Synthetic Patient Trajectories},
  author={Chadebec, Cl{\'e}ment and Huijben, Evi MC and Pluim, Josien PW and Allassonni{\`e}re, St{\'e}phanie and van Eijnatten, Maureen AJM},
  booktitle={MICCAI Workshop on Deep Generative Models},
  pages={55--64},
  year={2022},
  organization={Springer}
}

@article{goodfellow2020generative,
  title={Generative adversarial networks},
  author={Goodfellow, Ian and Pouget-Abadie, Jean and Mirza, Mehdi and Xu, Bing and Warde-Farley, David and Ozair, Sherjil and Courville, Aaron and Bengio, Yoshua},
  journal={Communications of the ACM},
  volume={63},
  number={11},
  pages={139--144},
  year={2020},
  publisher={ACM New York, NY, USA}
}

@article{he2024individualized,
  title={Individualized multi-horizon MRI trajectory prediction for Alzheimer's Disease},
  author={He, Rosemary and Ang, Gabriella and Tward, Daniel},
  journal={arXiv preprint arXiv:2408.02018},
  year={2024}
}

@article{ho2020denoising,
  title={Denoising diffusion probabilistic models},
  author={Ho, Jonathan and Jain, Ajay and Abbeel, Pieter},
  journal={Advances in neural information processing systems},
  volume={33},
  pages={6840--6851},
  year={2020}
}

@inproceedings{jung2021conditional,
  title={Conditional GAN with an attention-based generator and a 3D discriminator for 3D medical image generation},
  author={Jung, Euijin and Luna, Miguel and Park, Sang Hyun},
  booktitle={Medical Image Computing and Computer Assisted Intervention--MICCAI 2021: 24th International Conference, Strasbourg, France, September 27--October 1, 2021, Proceedings, Part VI 24},
  pages={318--328},
  year={2021},
  organization={Springer}
}

@inproceedings{kim2022diffusion,
  title={Diffusion deformable model for 4D temporal medical image generation},
  author={Kim, Boah and Ye, Jong Chul},
  booktitle={International Conference on Medical Image Computing and Computer-Assisted Intervention},
  pages={539--548},
  year={2022},
  organization={Springer}
}

@article{kingma2013auto,
  title={Auto-encoding variational bayes},
  author={Kingma, Diederik P},
  journal={arXiv preprint arXiv:1312.6114},
  year={2013}
}

@inproceedings{litrico2024tadm,
  title={TADM: Temporally-Aware Diffusion Model for Neurodegenerative Progression on Brain MRI},
  author={Litrico, Mattia and Guarnera, Francesco and Giuffrida, Mario Valerio and Rav{\`\i}, Daniele and Battiato, Sebastiano},
  booktitle={International Conference on Medical Image Computing and Computer-Assisted Intervention},
  pages={444--453},
  year={2024},
  organization={Springer}
}

@article{papamakarios2021normalizing,
  title={Normalizing flows for probabilistic modeling and inference},
  author={Papamakarios, George and Nalisnick, Eric and Rezende, Danilo Jimenez and Mohamed, Shakir and Lakshminarayanan, Balaji},
  journal={Journal of Machine Learning Research},
  volume={22},
  number={57},
  pages={1--64},
  year={2021}
}

@inproceedings{pinaya2022brain,
  title={Brain imaging generation with latent diffusion models},
  author={Pinaya, Walter HL and Tudosiu, Petru-Daniel and Dafflon, Jessica and Da Costa, Pedro F and Fernandez, Virginia and Nachev, Parashkev and Ourselin, Sebastien and Cardoso, M Jorge},
  booktitle={MICCAI Workshop on Deep Generative Models},
  pages={117--126},
  year={2022},
  organization={Springer}
}

@article{pombo2023equitable,
  title={Equitable modelling of brain imaging by counterfactual augmentation with morphologically constrained 3d deep generative models},
  author={Pombo, Guilherme and Gray, Robert and Cardoso, M Jorge and Ourselin, Sebastien and Rees, Geraint and Ashburner, John and Nachev, Parashkev},
  journal={Medical Image Analysis},
  volume={84},
  pages={102723},
  year={2023},
  publisher={Elsevier}
}

@article{ravi2022degenerative,
  title={Degenerative adversarial neuroimage nets for brain scan simulations: Application in ageing and dementia},
  author={Ravi, Daniele and Blumberg, Stefano B and Ingala, Silvia and Barkhof, Frederik and Alexander, Daniel C and Oxtoby, Neil P and Alzheimer’s Disease Neuroimaging Initiative and others},
  journal={Medical Image Analysis},
  volume={75},
  pages={102257},
  year={2022},
  publisher={Elsevier}
}

@inproceedings{rombach2022high,
  title={High-resolution image synthesis with latent diffusion models},
  author={Rombach, Robin and Blattmann, Andreas and Lorenz, Dominik and Esser, Patrick and Ommer, Bj{\"o}rn},
  booktitle={Proceedings of the IEEE/CVF conference on computer vision and pattern recognition},
  pages={10684--10695},
  year={2022}
}

@inproceedings{sauty2022progression,
  title={Progression models for imaging data with Longitudinal Variational Auto Encoders},
  author={Sauty, Beno{\^\i}t and Durrleman, Stanley},
  booktitle={International Conference on Medical Image Computing and Computer-Assisted Intervention},
  pages={3--13},
  year={2022},
  organization={Springer}
}

@inproceedings{sauty2022riemannian,
  title={Riemannian metric learning for progression modeling of longitudinal datasets},
  author={Sauty, Beno{\^\i}t and Durrleman, Stanley},
  booktitle={2022 IEEE 19th International Symposium on Biomedical Imaging (ISBI)},
  pages={1--5},
  year={2022},
  organization={IEEE}
}

@article{schiratti2015learning,
  title={Learning spatiotemporal trajectories from manifold-valued longitudinal data},
  author={Schiratti, Jean-Baptiste and Allassonniere, St{\'e}phanie and Colliot, Olivier and Durrleman, Stanley},
  journal={Advances in neural information processing systems},
  volume={28},
  year={2015}
}

@article{wilms2022invertible,
  title={Invertible modeling of bidirectional relationships in neuroimaging with normalizing flows: application to brain aging},
  author={Wilms, Matthias and Bannister, Jordan J and Mouches, Pauline and MacDonald, M Ethan and Rajashekar, Deepthi and Langner, S{\"o}nke and Forkert, Nils D},
  journal={IEEE Transactions on Medical Imaging},
  volume={41},
  number={9},
  pages={2331--2347},
  year={2022},
  publisher={IEEE}
}

@article{xia2021learning,
  title={Learning to synthesise the ageing brain without longitudinal data},
  author={Xia, Tian and Chartsias, Agisilaos and Wang, Chengjia and Tsaftaris, Sotirios A and Alzheimer’s Disease Neuroimaging Initiative and others},
  journal={Medical Image Analysis},
  volume={73},
  pages={102169},
  year={2021},
  publisher={Elsevier}
}

@inproceedings{yoon2023sadm,
  title={SADM: Sequence-Aware Diffusion Model for Longitudinal Medical Image Generation},
  author={Yoon, Jee Seok and Zhang, Chenghao and Suk, Heung-Il and Guo, Jia and Li, Xiaoxiao},
  booktitle={International Conference on Information Processing in Medical Imaging},
  pages={388--400},
  year={2023},
  organization={Springer}
}

