@article{alla2021mlops,
  title={What is mlops?},
  author={Alla, Sridhar and Adari, Suman Kalyan and Alla, Sridhar and Adari, Suman Kalyan},
  journal={Beginning MLOps with MLFlow: Deploy Models in AWS SageMaker, Google Cloud, and Microsoft Azure},
  pages={79--124},
  year={2021},
  publisher={Springer}
}

@inproceedings{bernardo2018studying,
  title={Studying the impact of adopting continuous integration on the delivery time of pull requests},
  author={Bernardo, Jo{\~a}o Helis and da Costa, Daniel Alencar and Kulesza, Uir{\'a}},
  booktitle={Proceedings of the 15th International Conference on Mining Software Repositories},
  pages={131--141},
  year={2018}
}

@inproceedings{bernardo2024machine,
  title={How do Machine Learning Projects use Continuous Integration Practices? An Empirical Study on GitHub Actions},
  author={Bernardo, Jo{\~a}o Helis and Da Costa, Daniel Alencar and Medeiros, S{\'e}rgio Queiroz de and Kulesza, Uir{\'a}},
  booktitle={Proceedings of the 21st International Conference on Mining Software Repositories},
  pages={665--676},
  year={2024}
}

@inproceedings{calefato2022preliminary,
  title={A preliminary investigation of MLOps practices in GitHub},
  author={Calefato, Fabio and Lanubile, Filippo and Quaranta, Luigi},
  booktitle={Proceedings of the 16th ACM/IEEE International Symposium on Empirical Software Engineering and Measurement},
  pages={283--288},
  year={2022}
}

@inproceedings{felidre2019continuous,
  title={Continuous integration theater},
  author={Felidr{\'e}, Wagner and Furtado, Leonardo and da Costa, Daniel A and Cartaxo, Bruno and Pinto, Gustavo},
  booktitle={2019 ACM/IEEE International Symposium on Empirical Software Engineering and Measurement (ESEM)},
  pages={1--10},
  year={2019},
  organization={IEEE}
}

@inproceedings{hilton2016usage,
  title={Usage, costs, and benefits of continuous integration in open-source projects},
  author={Hilton, Michael and Tunnell, Timothy and Huang, Kai and Marinov, Darko and Dig, Danny},
  booktitle={Proceedings of the 31st IEEE/ACM international conference on automated software engineering},
  pages={426--437},
  year={2016}
}

@article{karamitsos2020applying,
  title={Applying DevOps practices of continuous automation for machine learning},
  author={Karamitsos, Ioannis and Albarhami, Saeed and Apostolopoulos, Charalampos},
  journal={Information},
  volume={11},
  number={7},
  pages={363},
  year={2020},
  publisher={MDPI}
}

@inproceedings{karlavs2020building,
  title={Building continuous integration services for machine learning},
  author={Karla{\v{s}}, Bojan and Interlandi, Matteo and Renggli, Cedric and Wu, Wentao and Zhang, Ce and Mukunthu Iyappan Babu, Deepak and Edwards, Jordan and Lauren, Chris and Xu, Andy and Weimer, Markus},
  booktitle={Proceedings of the 26th ACM SIGKDD International Conference on Knowledge Discovery \& Data Mining},
  pages={2407--2415},
  year={2020}
}

@article{kreuzberger2023machine,
  title={Machine learning operations (mlops): Overview, definition, and architecture},
  author={Kreuzberger, Dominik and K{\"u}hl, Niklas and Hirschl, Sebastian},
  journal={IEEE access},
  volume={11},
  pages={31866--31879},
  year={2023},
  publisher={IEEE}
}

@inproceedings{makinen2021needs,
  title={Who needs MLOps: What data scientists seek to accomplish and how can MLOps help?},
  author={M{\"a}kinen, Sasu and Skogstr{\"o}m, Henrik and Laaksonen, Eero and Mikkonen, Tommi},
  booktitle={2021 IEEE/ACM 1st Workshop on AI Engineering-Software Engineering for AI (WAIN)},
  pages={109--112},
  year={2021},
  organization={IEEE}
}

@article{renggli2019continuous,
  title={Continuous integration of machine learning models with ease. ml/ci: Towards a rigorous yet practical treatment},
  author={Renggli, Cedric and Karla{\v{s}}, Bojan and Ding, Bolin and Liu, Feng and Schawinski, Kevin and Wu, Wentao and Zhang, Ce},
  journal={Proceedings of Machine Learning and Systems},
  volume={1},
  pages={322--333},
  year={2019}
}

@inproceedings{rzig2022characterizing,
  title={Characterizing the Usage of CI Tools in ML Projects},
  author={Rzig, Dhia Elhaq and Hassan, Foyzul and Bansal, Chetan and Nagappan, Nachiappan},
  booktitle={Proceedings of the 16th ACM/IEEE International Symposium on Empirical Software Engineering and Measurement},
  pages={69--79},
  year={2022}
}

@inproceedings{santos2022investigating,
  title={Investigating the impact of continuous integration practices on the productivity and quality of open-source projects},
  author={Santos, Jadson and Alencar da Costa, Daniel and Kulesza, Uir{\'a}},
  booktitle={Proceedings of the 16th ACM/IEEE International Symposium on Empirical Software Engineering and Measurement},
  pages={137--147},
  year={2022}
}

@inproceedings{saraiva2023unveiling,
  title={Unveiling the Relationship Between Continuous Integration and Code Coverage},
  author={Saraiva, Diego and Da Costa, Daniel Alencar and Kulesza, Uir{\'a} and Siz{\'\i}lio, Gustavo and Neto, Jos{\'e} Gameleira and Coelho, Roberta and Nagappan, Meiyappan},
  booktitle={2023 IEEE/ACM 20th International Conference on Mining Software Repositories (MSR)},
  pages={247--259},
  year={2023},
  organization={IEEE}
}

@inproceedings{symeonidis2022mlops,
  title={Mlops-definitions, tools and challenges},
  author={Symeonidis, Georgios and Nerantzis, Evangelos and Kazakis, Apostolos and Papakostas, George A},
  booktitle={2022 IEEE 12th Annual Computing and Communication Workshop and Conference (CCWC)},
  pages={0453--0460},
  year={2022},
  organization={IEEE}
}

@inproceedings{vasilescu2015quality,
  title={Quality and productivity outcomes relating to continuous integration in GitHub},
  author={Vasilescu, Bogdan and Yu, Yue and Wang, Huaimin and Devanbu, Premkumar and Filkov, Vladimir},
  booktitle={Proceedings of the 2015 10th joint meeting on foundations of software engineering},
  pages={805--816},
  year={2015}
}

