@article{ZhangHMLTSE22,
  author       = {Jie M. Zhang and
                  Mark Harman and
                  Lei Ma and
                  Yang Liu},
  title        = {Machine Learning Testing: Survey, Landscapes and Horizons},
  journal      = {{IEEE} Trans. Software Eng.},
  volume       = {48},
  number       = {2},
  pages        = {1--36},
  year         = {2022},
}


@inproceedings{RzigHBNESEM22,
  author       = {Dhia Elhaq Rzig and
                  Foyzul Hassan and
                  Chetan Bansal and
                  Nachiappan Nagappan},
  title        = {Characterizing the Usage of {CI} Tools in {ML} Projects},
  booktitle    = {{ESEM} '22: {ACM} / {IEEE} International Symposium on Empirical Software
                  Engineering and Measurement, Helsinki Finland, September 19 - 23,
                  2022},
  pages        = {69--79},
  publisher    = {{ACM}},
  year         = {2022}
}


@inproceedings{Gonzalez0N20MSR2022,
  author       = {Danielle Gonzalez and
                  Thomas Zimmermann and
                  Nachiappan Nagappan},
  title        = {The State of the ML-universe: 10 Years of Artificial Intelligence
                  {\&} Machine Learning Software Development on GitHub},
  booktitle    = {{MSR} '20: 17th International Conference on Mining Software Repositories,
                  Seoul, Republic of Korea, 29-30 June, 2020},
  pages        = {431--442},
  publisher    = {{ACM}},
  year         = {2020}
}

@inproceedings{washizaki2019studying,
  title={Studying software engineering patterns for designing machine learning systems},
  author={Washizaki, Hironori and Uchida, Hiromu and Khomh, Foutse and Gu{\'e}h{\'e}neuc, Yann-Ga{\"e}l},
  booktitle={2019 10th International Workshop on Empirical Software Engineering in Practice (IWESEP)},
  pages={49--495},
  year={2019},
  organization={IEEE}
}

@inproceedings{gonzalez2020state,
  title={The state of the ml-universe: 10 years of artificial intelligence \& machine learning software development on github},
  author={Gonzalez, Danielle and Zimmermann, Thomas and Nagappan, Nachiappan},
  booktitle={Proceedings of the 17th International conference on mining software repositories},
  pages={431--442},
  year={2020}
}

@article{pallathadka2023impact,
  title={Impact of machine learning on management, healthcare and agriculture},
  author={Pallathadka, Harikumar and Mustafa, Malik and Sanchez, Domenic T and Sajja, Guna Sekhar and Gour, Sanjeev and Naved, Mohd},
  journal={Materials Today: Proceedings},
  volume={80},
  pages={2803--2806},
  year={2023},
  publisher={Elsevier}
}

@inproceedings{bernardo2018studying,
  title={Studying the impact of adopting continuous integration on the delivery time of pull requests},
  author={Bernardo, Jo{\~a}o Helis and da Costa, Daniel Alencar and Kulesza, Uir{\'a}},
  booktitle={Proceedings of the 15th International Conference on Mining Software Repositories},
  pages={131--141},
  year={2018}
}


@article{bernardo2023,	
	Author = {Bernardo, Jo{\~a}o Helis and da Costa, Daniel Alencar and Kulesza, Uir{\'a} and Treude, Christoph},
	Da = {2023/06/30},
	Doi = {10.1007/s10664-023-10327-6},
	Id = {Bernardo2023},
	Isbn = {1573-7616},
	Journal = {Empirical Software Engineering},
	Number = {4},
	Pages = {97},
	Title = {The impact of a continuous integration service on the delivery time of merged pull requests},
	Ty = {JOUR},
	Url = {https://doi.org/10.1007/s10664-023-10327-6},
	Volume = {28},
	Year = {2023}
}

@book{duvall2007continuous,
  title={Continuous integration: improving software quality and reducing risk},
  author={Duvall, Paul M and Matyas, Steve and Glover, Andrew},
  year={2007},
  publisher={Pearson Education}
}

@inproceedings{hilton2016usage,
  title={Usage, costs, and benefits of continuous integration in open-source projects},
  author={Hilton, Michael and Tunnell, Timothy and Huang, Kai and Marinov, Darko and Dig, Danny},
  booktitle={Proceedings of the 31st IEEE/ACM international conference on automated software engineering},
  pages={426--437},
  year={2016}
}

@online{bhatt2020ml-challenges,
  author    = {S. Bhatt},
  title     = {7 Machine Learning Challenges Businesses Face While Implementing},
  year      = {2020},
  url       = {https://www.business2community.com/business-innovation/7-machine-learning-challenges-businesses-face-while-implementing-02341340},
}

@inproceedings{amershi2019software,
  title={Software engineering for machine learning: A case study},
  author={Amershi, Saleema and Begel, Andrew and Bird, Christian and DeLine, Robert and Gall, Harald and Kamar, Ece and Nagappan, Nachiappan and Nushi, Besmira and Zimmermann, Thomas},
  booktitle={2019 IEEE/ACM 41st International Conference on Software Engineering: Software Engineering in Practice (ICSE-SEIP)},
  pages={291--300},
  year={2019},
  organization={IEEE}
}

@online{fowler-ci-2006,
  author    = {Martin Fowler},
  title     = {Continuous Integration},
  year      = {2006},
  url       = {https://www.martinfowler.com/articles/continuousIntegration.html},
}

@inproceedings{lwakatare2020devops,
  title={DevOps for AI--Challenges in Development of AI-enabled Applications},
  author={Lwakatare, Lucy Ellen and Crnkovic, Ivica and Bosch, Jan},
  booktitle={2020 international conference on software, telecommunications and computer networks (SoftCOM)},
  pages={1--6},
  year={2020},
  organization={IEEE}
}

@inproceedings{vasilescu2015quality,
  title={Quality and productivity outcomes relating to continuous integration in GitHub},
  author={Vasilescu, Bogdan and Yu, Yue and Wang, Huaimin and Devanbu, Premkumar and Filkov, Vladimir},
  booktitle={Proceedings of the 2015 10th joint meeting on foundations of software engineering},
  pages={805--816},
  year={2015}
}

@inproceedings{rzig2022characterizing,
  title={Characterizing the Usage of CI Tools in ML Projects},
  author={Rzig, Dhia Elhaq and Hassan, Foyzul and Bansal, Chetan and Nagappan, Nachiappan},
  booktitle={Proceedings of the 16th ACM/IEEE International Symposium on Empirical Software Engineering and Measurement},
  pages={69--79},
  year={2022}
}

@inproceedings{felidre2019continuous,
  title={Continuous integration theater},
  author={Felidr{\'e}, Wagner and Furtado, Leonardo and da Costa, Daniel A and Cartaxo, Bruno and Pinto, Gustavo},
  booktitle={2019 ACM/IEEE International Symposium on Empirical Software Engineering and Measurement (ESEM)},
  pages={1--10},
  year={2019},
  organization={IEEE}
}

@inproceedings{santos2022investigating,
  title={Investigating the impact of continuous integration practices on the productivity and quality of open-source projects},
  author={Santos, Jadson and Alencar da Costa, Daniel and Kulesza, Uir{\'a}},
  booktitle={Proceedings of the 16th ACM/IEEE International Symposium on Empirical Software Engineering and Measurement},
  pages={137--147},
  year={2022}
}

@inproceedings{saraiva2023unveiling,
  title={Unveiling the Relationship Between Continuous Integration and Code Coverage},
  author={Saraiva, Diego and Da Costa, Daniel Alencar and Kulesza, Uir{\'a} and Siz{\'\i}lio, Gustavo and Neto, Jos{\'e} Gameleira and Coelho, Roberta and Nagappan, Meiyappan},
  booktitle={2023 IEEE/ACM 20th International Conference on Mining Software Repositories (MSR)},
  pages={247--259},
  year={2023},
  organization={IEEE}
}

@inproceedings{gousios2017mining,
  title={Mining software engineering data from GitHub},
  author={Gousios, Georgios and Spinellis, Diomidis},
  booktitle={2017 IEEE/ACM 39th International Conference on Software Engineering Companion (ICSE-C)},
  pages={501--502},
  year={2017},
  organization={IEEE}
}

@article{munaiah2017curating,
  title={Curating github for engineered software projects},
  author={Munaiah, Nuthan and Kroh, Steven and Cabrey, Craig and Nagappan, Meiyappan},
  journal={Empirical Software Engineering},
  volume={22},
  pages={3219--3253},
  year={2017},
  publisher={Springer}
}

@inproceedings{zhao2017impact,
  title={The impact of continuous integration on other software development practices: a large-scale empirical study},
  author={Zhao, Yangyang and Serebrenik, Alexander and Zhou, Yuming and Filkov, Vladimir and Vasilescu, Bogdan},
  booktitle={2017 32nd IEEE/ACM International Conference on Automated Software Engineering (ASE)},
  pages={60--71},
  year={2017},
  organization={IEEE}
}

@article{mckinney2011pandas,
  title={pandas: a foundational Python library for data analysis and statistics},
  author={McKinney, Wes and others},
  journal={Python for high performance and scientific computing},
  volume={14},
  number={9},
  pages={1--9},
  year={2011},
  publisher={Seattle}
}

@article{wei2022emergent,
  title={Emergent abilities of large language models},
  author={Wei, Jason and Tay, Yi and Bommasani, Rishi and Raffel, Colin and Zoph, Barret and Borgeaud, Sebastian and Yogatama, Dani and Bosma, Maarten and Zhou, Denny and Metzler, Donald and others},
  journal={Transactions on Machine Learning Research},
  year={2022}
}

@article{fitzgerald2017continuous,
  title={Continuous software engineering: A roadmap and agenda},
  author={Fitzgerald, Brian and Stol, Klaas-Jan},
  journal={Journal of Systems and Software},
  volume={123},
  pages={176--189},
  year={2017},
  publisher={Elsevier}
}

@article{yu2016determinants,
  title={Determinants of pull-based development in the context of continuous integration},
  author={Yu, Yue and Yin, Gang and Wang, Tao and Yang, Cheng and Wang, Huaimin},
  journal={Science China Information Sciences},
  volume={59},
  pages={1--14},
  year={2016},
  publisher={Springer}
}

@inproceedings{freitas2023analyzing,
  title={Analyzing the Impact of CI Sub-practices on Continuous Code Quality in Open-Source Projects: An Empirical Study},
  author={Freitas, Guilherme and Bernardo, Jo{\~a}o Helis and Siz{\'\i}Lio, Gustavo and Costa, Daniel Alencar Da and Kulesza, Uir{\'a}},
  booktitle={Proceedings of the XXXVII Brazilian Symposium on Software Engineering},
  pages={1--10},
  year={2023}
}

@article{meyer2014continuous,
  title={Continuous integration and its tools},
  author={Meyer, Mathias},
  journal={IEEE software},
  volume={31},
  number={3},
  pages={14--16},
  year={2014},
  publisher={IEEE}
}

@article{soares2022effects,
  title={The effects of continuous integration on software development: a systematic literature review},
  author={Soares, Eliezio and Sizilio, Gustavo and Santos, Jadson and da Costa, Daniel Alencar and Kulesza, Uir{\'a}},
  journal={Empirical Software Engineering},
  volume={27},
  number={3},
  pages={78},
  year={2022},
  publisher={Springer}
}

@inproceedings{gousios2015work,
  title={Work practices and challenges in pull-based development: The integrator's perspective},
  author={Gousios, Georgios and Zaidman, Andy and Storey, Margaret-Anne and Van Deursen, Arie},
  booktitle={2015 IEEE/ACM 37th IEEE International Conference on Software Engineering},
  volume={1},
  pages={358--368},
  year={2015},
  organization={IEEE}
}

@article{wessel2023github,
  title={GitHub Actions: the impact on the pull request process},
  author={Wessel, Mairieli and Vargovich, Joseph and Gerosa, Marco A and Treude, Christoph},
  journal={Empirical Software Engineering},
  volume={28},
  number={6},
  pages={1--35},
  year={2023},
  publisher={Springer}
}

@inproceedings{golzadeh2022rise,
  title={On the rise and fall of CI services in GitHub},
  author={Golzadeh, Mehdi and Decan, Alexandre and Mens, Tom},
  booktitle={2022 IEEE International Conference on Software Analysis, Evolution and Reengineering (SANER)},
  pages={662--672},
  year={2022},
  organization={IEEE}
}

@inproceedings{decan2022use,
  title={On the use of GitHub actions in software development repositories},
  author={Decan, Alexandre and Mens, Tom and Mazrae, Pooya Rostami and Golzadeh, Mehdi},
  booktitle={2022 IEEE International Conference on Software Maintenance and Evolution (ICSME)},
  pages={235--245},
  year={2022},
  organization={IEEE}
}

@inproceedings{kinsman2021software,
  title={How do software developers use GitHub Actions to automate their workflows?},
  author={Kinsman, Timothy and Wessel, Mairieli and Gerosa, Marco A and Treude, Christoph},
  booktitle={2021 IEEE/ACM 18th International Conference on Mining Software Repositories (MSR)},
  pages={420--431},
  year={2021},
  organization={IEEE}
}

@article{chandrasekara2021introduction,
  title={Introduction to github actions},
  author={Chandrasekara, Chaminda and Herath, Pushpa and Chandrasekara, Chaminda and Herath, Pushpa},
  journal={Hands-on GitHub Actions: Implement CI/CD with GitHub Action Workflows for Your Applications},
  pages={1--8},
  year={2021},
  publisher={Springer}
}

@inproceedings{valenzuela2022evolution,
  title={Evolution of github action workflows},
  author={Valenzuela-Toledo, Pablo and Bergel, Alexandre},
  booktitle={2022 IEEE International Conference on Software Analysis, Evolution and Reengineering (SANER)},
  pages={123--127},
  year={2022},
  organization={IEEE}
}

@inproceedings{calefato2022preliminary,
  title={A preliminary investigation of MLOps practices in GitHub},
  author={Calefato, Fabio and Lanubile, Filippo and Quaranta, Luigi},
  booktitle={Proceedings of the 16th ACM/IEEE International Symposium on Empirical Software Engineering and Measurement},
  pages={283--288},
  year={2022}
}

@article{kate2016using,
  title={Using dynamic time warping distances as features for improved time series classification},
  author={Kate, Rohit J},
  journal={Data Mining and Knowledge Discovery},
  volume={30},
  pages={283--312},
  year={2016},
  publisher={Springer}
}

@inproceedings{berndt1994using,
  title={Using dynamic time warping to find patterns in time series},
  author={Berndt, Donald J and Clifford, James},
  booktitle={Proceedings of the 3rd international conference on knowledge discovery and data mining},
  pages={359--370},
  year={1994}
}

@article{salvador2007toward,
  title={Toward accurate dynamic time warping in linear time and space},
  author={Salvador, Stan and Chan, Philip},
  journal={Intelligent Data Analysis},
  volume={11},
  number={5},
  pages={561--580},
  year={2007},
  publisher={IOS Press}
}

@inproceedings{nery2019empirical,
  title={An empirical study of the relationship between continuous integration and test code evolution},
  author={Nery, Gustavo Sizilio and da Costa, Daniel Alencar and Kulesza, Uir{\'a}},
  booktitle={2019 IEEE International Conference on Software Maintenance and Evolution (ICSME)},
  pages={426--436},
  year={2019},
  organization={IEEE}
}

@article{tibshirani2001estimating,
  title={Estimating the number of clusters in a data set via the gap statistic},
  author={Tibshirani, Robert and Walther, Guenther and Hastie, Trevor},
  journal={Journal of the Royal Statistical Society: Series B (Statistical Methodology)},
  volume={63},
  number={2},
  pages={411--423},
  year={2001},
  publisher={Wiley Online Library}
}

@article{esling2012time,
  title={Time-series data mining},
  author={Esling, Philippe and Agon, Carlos},
  journal={ACM Computing Surveys (CSUR)},
  volume={45},
  number={1},
  pages={1--34},
  year={2012},
  publisher={ACM New York, NY, USA}
}

@article{cliff1993dominance,
  title={Dominance statistics: Ordinal analyses to answer ordinal questions.},
  author={Cliff, Norman},
  journal={Psychological bulletin},
  volume={114},
  number={3},
  pages={494},
  year={1993},
  publisher={American Psychological Association}
}

@inproceedings{romano2006appropriate,
  title={Appropriate statistics for ordinal level data: Should we really be using t-test and Cohen’sd for evaluating group differences on the NSSE and other surveys},
  author={Romano, Jeanine and Kromrey, Jeffrey D and Coraggio, Jesse and Skowronek, Jeff},
  booktitle={annual meeting of the Florida Association of Institutional Research},
  volume={177},
  pages={34},
  year={2006}
}

@book{wilks2011statistical,
  title={Statistical methods in the atmospheric sciences},
  author={Wilks, Daniel S},
  volume={100},
  year={2011},
  publisher={Academic press}
}

@article{bowen2009document,
  title={Document analysis as a qualitative research method},
  author={Bowen, Glenn A},
  journal={Qualitative research journal},
  volume={9},
  number={2},
  pages={27--40},
  year={2009},
  publisher={Emerald Group Publishing Limited}
}

@book{oleary2004essential,
  title={The essential guide to doing research},
  author={O'leary, Zina},
  year={2004},
  publisher={Sage}
}

@book{lohr2021sampling,
  title={Sampling: design and analysis},
  author={Lohr, Sharon L},
  year={2021},
  publisher={CRC press}
}

@article{braun2006using,
  title={Using thematic analysis in psychology},
  author={Braun, Virginia and Clarke, Victoria},
  journal={Qualitative research in psychology},
  volume={3},
  number={2},
  pages={77--101},
  year={2006},
  publisher={Taylor \& Francis}
}

@article{nowell2017thematic,
  title={Thematic analysis: Striving to meet the trustworthiness criteria},
  author={Nowell, Lorelli S and Norris, Jill M and White, Deborah E and Moules, Nancy J},
  journal={International journal of qualitative methods},
  volume={16},
  number={1},
  pages={1609406917733847},
  year={2017},
  publisher={SAGE Publications Sage CA: Los Angeles, CA}
}

@online{codecov,
  author = {{Codecov}},
  title = {{Codecov}},
  year = {2023}, 
  url = {https://codecov.io},
}

@online{coveralls,
  author = {{Coveralls}},
  title = {{Coveralls}},
  year = {2023}, 
  url = {https://coveralls.io/},
}

\dan{Joao, aqui seria o momento de colocar uma analise proposta pelo Sergio, com relacao a build durations por linguagens de prog.}

@article{prechelt2000empirical,
  title={An empirical comparison of seven programming languages},
  author={Prechelt, Lutz},
  journal={Computer},
  volume={33},
  number={10},
  pages={23--29},
  year={2000},
  publisher={IEEE}
}

@inproceedings{cassee2020silent,
  title={The silent helper: the impact of continuous integration on code reviews},
  author={Cassee, Nathan and Vasilescu, Bogdan and Serebrenik, Alexander},
  booktitle={2020 IEEE 27th International Conference on Software Analysis, Evolution and Reengineering (SANER)},
  pages={423--434},
  year={2020},
  organization={IEEE}
}


@article{karvonen2017systematic,
  title={Systematic literature review on the impacts of agile release engineering practices},
  author={Karvonen, Teemu and Behutiye, Woubshet and Oivo, Markku and Kuvaja, Pasi},
  journal={Information and software technology},
  volume={86},
  pages={87--100},
  year={2017},
  publisher={Elsevier}
}

@MISC{cluster-Maechler2019-pp,
    title = "cluster: Cluster Analysis Basics and Extensions",
    author = "Maechler, Martin and Rousseeuw, Peter and Struyf, Anja and Hubert,
    Mia and Hornik, Kurt",
    year = 2019
}

@article{ghaleb2019empirical,
  title={An empirical study of the long duration of continuous integration builds},
  author={Ghaleb, Taher Ahmed and Da Costa, Daniel Alencar and Zou, Ying},
  journal={Empirical Software Engineering},
  volume={24},
  pages={2102--2139},
  year={2019},
  publisher={Springer}
}

@inproceedings{de2019understanding,
  title={Understanding development process of machine learning systems: Challenges and solutions},
  author={de Souza Nascimento, Elizamary and Ahmed, Iftekhar and Oliveira, Edson and Palheta, M{\'a}rcio Piedade and Steinmacher, Igor and Conte, Tayana},
  booktitle={2019 acm/ieee international symposium on empirical software engineering and measurement (esem)},
  pages={1--6},
  year={2019},
  organization={IEEE}
}

@article{braun2019reflecting,
  title={Reflecting on reflexive thematic analysis},
  author={Braun, Virginia and Clarke, Victoria},
  journal={Qualitative research in sport, exercise and health},
  volume={11},
  number={4},
  pages={589--597},
  year={2019},
  publisher={Taylor \& Francis}
}

@inproceedings{karlavs2020building,
  title={Building continuous integration services for machine learning},
  author={Karla{\v{s}}, Bojan and Interlandi, Matteo and Renggli, Cedric and Wu, Wentao and Zhang, Ce and Mukunthu Iyappan Babu, Deepak and Edwards, Jordan and Lauren, Chris and Xu, Andy and Weimer, Markus},
  booktitle={Proceedings of the 26th ACM SIGKDD International Conference on Knowledge Discovery \& Data Mining},
  pages={2407--2415},
  year={2020}
}

% EMSE REFERENCES %%

@inproceedings{bernardo2024machine,
  title={How do Machine Learning Projects use Continuous Integration Practices? An Empirical Study on GitHub Actions},
  author={Bernardo, Jo{\~a}o Helis and Da Costa, Daniel Alencar and Medeiros, S{\'e}rgio Queiroz de and Kulesza, Uir{\'a}},
  booktitle={Proceedings of the 21st International Conference on Mining Software Repositories},
  pages={665--676},
  year={2024}
}

@article{kreuzberger2023machine,
  title={Machine learning operations (mlops): Overview, definition, and architecture},
  author={Kreuzberger, Dominik and K{\"u}hl, Niklas and Hirschl, Sebastian},
  journal={IEEE access},
  volume={11},
  pages={31866--31879},
  year={2023},
  publisher={IEEE}
}

@inproceedings{makinen2021needs,
  title={Who needs MLOps: What data scientists seek to accomplish and how can MLOps help?},
  author={M{\"a}kinen, Sasu and Skogstr{\"o}m, Henrik and Laaksonen, Eero and Mikkonen, Tommi},
  booktitle={2021 IEEE/ACM 1st Workshop on AI Engineering-Software Engineering for AI (WAIN)},
  pages={109--112},
  year={2021},
  organization={IEEE}
}

@article{karamitsos2020applying,
  title={Applying DevOps practices of continuous automation for machine learning},
  author={Karamitsos, Ioannis and Albarhami, Saeed and Apostolopoulos, Charalampos},
  journal={Information},
  volume={11},
  number={7},
  pages={363},
  year={2020},
  publisher={MDPI}
}

@article{renggli2019continuous,
  title={Continuous integration of machine learning models with ease. ml/ci: Towards a rigorous yet practical treatment},
  author={Renggli, Cedric and Karla{\v{s}}, Bojan and Ding, Bolin and Liu, Feng and Schawinski, Kevin and Wu, Wentao and Zhang, Ce},
  journal={Proceedings of Machine Learning and Systems},
  volume={1},
  pages={322--333},
  year={2019}
}

@inproceedings{symeonidis2022mlops,
  title={Mlops-definitions, tools and challenges},
  author={Symeonidis, Georgios and Nerantzis, Evangelos and Kazakis, Apostolos and Papakostas, George A},
  booktitle={2022 IEEE 12th Annual Computing and Communication Workshop and Conference (CCWC)},
  pages={0453--0460},
  year={2022},
  organization={IEEE}
}

@article{leite2019survey,
  title={A survey of DevOps concepts and challenges},
  author={Leite, Leonardo and Rocha, Carla and Kon, Fabio and Milojicic, Dejan and Meirelles, Paulo},
  journal={ACM Computing Surveys (CSUR)},
  volume={52},
  number={6},
  pages={1--35},
  year={2019},
  publisher={ACM New York, NY, USA}
}

@book{gift2021practical,
  title={Practical MLOps},
  author={Gift, Noah and Deza, Alfredo},
  year={2021},
  publisher={" O'Reilly Media, Inc."}
}

@incollection{bosch2014continuous,
  title={Continuous software engineering: An introduction},
  author={Bosch, Jan},
  booktitle={Continuous software engineering},
  pages={3--13},
  year={2014},
  publisher={Springer}
}


@article{rzig2022empirical,
  title={An empirical study on ML DevOps adoption trends, efforts, and benefits analysis},
  author={Rzig, Dhia Elhaq and Hassan, Foyzul and Kessentini, Marouane},
  journal={Information and Software Technology},
  volume={152},
  pages={107037},
  year={2022},
  publisher={Elsevier}
}

@article{alla2021mlops,
  title={What is mlops?},
  author={Alla, Sridhar and Adari, Suman Kalyan and Alla, Sridhar and Adari, Suman Kalyan},
  journal={Beginning MLOps with MLFlow: Deploy Models in AWS SageMaker, Google Cloud, and Microsoft Azure},
  pages={79--124},
  year={2021},
  publisher={Springer}
}


@article{ebert2016devops,
  title={DevOps},
  author={Ebert, Christof and Gallardo, Gorka and Hernantes, Josune and Serrano, Nicolas},
  journal={IEEE software},
  volume={33},
  number={3},
  pages={94--100},
  year={2016},
  publisher={Ieee}
}

@article{yarlagadda2018understanding,
  title={Understanding DevOps \& bridging the gap from continuous integration to continuous delivery},
  author={Yarlagadda, Ravi Teja},
  journal={Understanding DevOps \& Bridging the Gap from Continuous Integration to Continuous Delivery', International Journal of Emerging Technologies and Innovative Research (www. jetir. org), ISSN},
  pages={2349--5162},
  year={2018}
}

@inproceedings{lwakatare2016relationship,
  title={Relationship of devops to agile, lean and continuous deployment: A multivocal literature review study},
  author={Lwakatare, Lucy Ellen and Kuvaja, Pasi and Oivo, Markku},
  booktitle={Product-Focused Software Process Improvement: 17th International Conference, PROFES 2016, Trondheim, Norway, November 22-24, 2016, Proceedings 17},
  pages={399--415},
  year={2016},
  organization={Springer}
}

@book{beck2000extreme,
  title={Extreme programming explained: embrace change},
  author={Beck, Kent},
  year={2000},
  publisher={Addison-Wesley}
}

@article{staahl2014modeling,
  title={Modeling continuous integration practice differences in industry software development},
  author={St{\aa}hl, Daniel and Bosch, Jan},
  journal={Journal of Systems and Software},
  volume={87},
  pages={48--59},
  year={2014},
  publisher={Elsevier}
}

@article{santos2024needMonitorCI,
  title={On the Need to Monitor Continuous Integration Practices--An Empirical Study},
  author={Santos, Jadson and da Costa, Daniel Alencar and McIntosh, Shane and Kulesza, Uir{\'a}},
  journal={arXiv preprint arXiv:2409.05101},
  year={2024}
}


@article{nascimento2020software,
  title={Software engineering for artificial intelligence and machine learning software: A systematic literature review},
  author={Nascimento, Elizamary and Nguyen-Duc, Anh and Sundb{\o}, Ingrid and Conte, Tayana},
  journal={arXiv preprint arXiv:2011.03751},
  year={2020}
}

@article{giray2021software,
  title={A software engineering perspective on engineering machine learning systems: State of the art and challenges},
  author={Giray, G{\"o}rkem},
  journal={Journal of Systems and Software},
  volume={180},
  pages={111031},
  year={2021},
  publisher={Elsevier}
}

@article{sculley2015hidden,
  title={Hidden technical debt in machine learning systems},
  author={Sculley, David and Holt, Gary and Golovin, Daniel and Davydov, Eugene and Phillips, Todd and Ebner, Dietmar and Chaudhary, Vinay and Young, Michael and Crespo, Jean-Francois and Dennison, Dan},
  journal={Advances in neural information processing systems},
  volume={28},
  year={2015}
}

@article{polyzotis2018data,
  title={Data lifecycle challenges in production machine learning: a survey},
  author={Polyzotis, Neoklis and Roy, Sudip and Whang, Steven Euijong and Zinkevich, Martin},
  journal={ACM SIGMOD Record},
  volume={47},
  number={2},
  pages={17--28},
  year={2018},
  publisher={ACM New York, NY, USA}
}

@inproceedings{breck2017ml,
  title={The ML test score: A rubric for ML production readiness and technical debt reduction},
  author={Breck, Eric and Cai, Shanqing and Nielsen, Eric and Salib, Michael and Sculley, D},
  booktitle={2017 IEEE international conference on big data (big data)},
  pages={1123--1132},
  year={2017},
  organization={IEEE}
}

@inproceedings{garg2021continuous,
  title={On continuous integration/continuous delivery for automated deployment of machine learning models using mlops},
  author={Garg, Satvik and Pundir, Pradyumn and Rathee, Geetanjali and Gupta, PK and Garg, Somya and Ahlawat, Saransh},
  booktitle={2021 IEEE fourth international conference on artificial intelligence and knowledge engineering (AIKE)},
  pages={25--28},
  year={2021},
  organization={IEEE}
}

@article{sculley2015hidden,
  title={Hidden technical debt in machine learning systems},
  author={Sculley, David and Holt, Gary and Golovin, Daniel and Davydov, Eugene and Phillips, Todd and Ebner, Dietmar and Chaudhary, Vinay and Young, Michael and Crespo, Jean-Francois and Dennison, Dan},
  journal={Advances in neural information processing systems},
  volume={28},
  year={2015}
}

@inproceedings{xia2023balancing,
  title={Balancing effectiveness and flakiness of non-deterministic machine learning tests},
  author={Xia, Chunqiu Steven and Dutta, Saikat and Misailovic, Sasa and Marinov, Darko and Zhang, Lingming},
  booktitle={2023 IEEE/ACM 45th International Conference on Software Engineering (ICSE)},
  pages={1801--1813},
  year={2023},
  organization={IEEE}
}

@inproceedings{rivera2021challenge,
  title={The challenge of reproducible ml: an empirical study on the impact of bugs},
  author={Rivera-Landos, Emilio and Khomh, Foutse and Nikanjam, Amin},
  booktitle={2021 IEEE 21st International Conference on Software Quality, Reliability and Security (QRS)},
  pages={1079--1088},
  year={2021},
  organization={IEEE}
}

@online{Fowler2019CD4ML,
  author  = {Sato, Danilo and Wider, Arif and Windheuser, Christoph},              
  title   = {Continuous Delivery for Machine Learning},
  year    = {2019},
  url     = {https://martinfowler.com/articles/cd4ml.html},
  note    = {Accessed: February 2025}
}

@article{bagai2024implementing,
  title={Implementing Continuous Integration and Deployment (CI/CD) for Machine Learning Models on AWS},
  author={Bagai, Rahul and Masrani, Ankit and Ranjan, Piyush and Najana, Madhavi},
  journal={International Journal of Global Innovations and Solutions (IJGIS)},
  year={2024},
  publisher={The New World Foundation}
}

@misc{ajibode2025semverPTLM,
      title={Towards Semantic Versioning of Open Pre-trained Language Model Releases on Hugging Face}, 
      author={Adekunle Ajibode and Abdul Ali Bangash and Filipe Roseiro Cogo and Bram Adams and Ahmed E. Hassan},
      year={2025},
      eprint={2409.10472},
      archivePrefix={arXiv},
      primaryClass={cs.SE},
      url={https://arxiv.org/abs/2409.10472}
}