@ARTICLE{9829196,
  author={Dong, Wei and Li, Yuzhu and Sheng, Xinjun and Zhu, Xiangyang},
  journal={IEEE Trans. Ind. Electron.}, 
  title={Trajectory Estimation of a Flying Robot With a Single Ranging Beacon and Derived Velocity Constraints}, 
  year={2023},
  volume={70},
  number={5},
  pages={5024-5033},
  keywords={Estimation;Robots;Trajectory;Robot kinematics;Observability;State estimation;Robot sensing systems;Derived velocity constraints;flying robot;moving horizon estimation;single beacon;ultrawideband (UWB)},
  doi={10.1109/TIE.2022.3189066}}

@inproceedings{cao2020accurate,
  title={Accurate position tracking with a single UWB anchor},
  author={Cao, Yanjun and Yang, Chenhao and Li, Rui and Knoll, Alois and Beltrame, Giovanni},
  booktitle={IEEE international conference on robotics and automation (ICRA)},
  pages={2344--2350},
  year={2020},
  organization={IEEE}
}

@article{cioffi2022continuous,
  title={Continuous-time vs. discrete-time vision-based SLAM: A comparative study},
  author={Cioffi, Giovanni and Cieslewski, Titus and Scaramuzza, Davide},
  journal={IEEE Robot. Autom. Lett.},
  volume={7},
  number={2},
  pages={2399--2406},
  year={2022},
  publisher={IEEE}
}

@article{lang2023coco,
  title={Coco-LIC: continuous-time tightly-coupled LiDAR-inertial-camera odometry using non-uniform B-spline},
  author={Lang, Xiaolei and Chen, Chao and Tang, Kai and Ma, Yukai and Lv, Jiajun and Liu, Yong and Zuo, Xingxing},
  journal={IEEE Robot. Autom. Lett.},
  year={2023},
  publisher={IEEE}
}

@inproceedings{li2021computationally,
  title={A computationally efficient moving horizon estimation for flying robotsâ€™ localization regarding a single anchor},
  author={Li, Yuzhu and Ying, Yuanjiong and Dong, Wei},
  booktitle={Proc. IEEE Int. Conf. Robot. Biomimetics (ROBIO)},
  pages={675--680},
  year={2021},
  organization={IEEE}
}

@article{li2023continuous,
  title={Continuous-time ultra-wideband-inertial fusion},
  author={Li, Kailai and Cao, Ziyu and Hanebeck, Uwe D},
  journal={IEEE Robot. Autom. Lett.},
  volume={8},
  number={7},
  pages={4338--4345},
  year={2023},
  publisher={IEEE}
}

@article{lu2023event,
  title={Event-based visual inertial velometer},
  author={Lu, Xiuyuan and Zhou, Yi and Niu, Junkai and Zhong, Sheng and Shen, Shaojie},
  journal={arXiv preprint arXiv:2311.18189},
  year={2023}
}

@article{nguyen2024eigen,
  title={Eigen Is All You Need: Efficient Lidar-Inertial Continuous-Time Odometry with Internal Association},
  author={Nguyen, Thien-Minh and Xu, Xinhang and Jin, Tongxing and Yang, Yizhuo and Li, Jianping and Yuan, Shenghai and Xie, Lihua},
  journal={IEEE Robot. Autom. Lett.},
  year={2024},
  publisher={IEEE}
}

@inproceedings{ovren2018spline,
  title={Spline error weighting for robust visual-inertial fusion},
  author={Ovr{\'e}n, Hannes and Forss{\'e}n, Per-Erik},
  booktitle={Proceedings of the IEEE Conference on Computer Vision and Pattern Recognition},
  pages={321--329},
  year={2018}
}

@inproceedings{penggang2022novel,
  title={A novel method for uwb-based localization using fewer anchors in a floor with multiple rooms and corridors},
  author={Penggang, Gao and Gao, Luo and Yunhui, Liu and Wen, Chen},
  booktitle={ IEEE 12th International Conference on Indoor Positioning and Indoor Navigation (IPIN)},
  pages={1--6},
  year={2022},
  organization={IEEE}
}

@article{qin2024single,
  title={Single-Beacon Localization for Mobile Robot: A Set Membership Filtering Approach},
  author={Qin, Xujie and Cong, Yirui and Lai, Jun and Yang, Jinyi and Wang, Xiangke},
  journal={IEEE Robot. Autom. Lett.},
  year={2024},
  publisher={IEEE}
}

@article{tong2022single,
  title={A single-anchor mobile localization scheme},
  author={Tong, Fei and Ding, Bowen and Zhang, Yujian and He, Shibo and Peng, Yuyang},
  journal={IEEE. Trans. Mob. Comput.},
  volume={23},
  number={1},
  pages={56--69},
  year={2022},
  publisher={IEEE}
}

@article{yang2023novel,
  title={A Novel Single-beacon Positioning with Inertial Measurement Optimization},
  author={Yang, Jinyi and Wu, Meiping and Cong, Yirui and Guo, Yan and Zhou, Xianchen and Tang, Kanghua},
  journal={IEEE Robot. Autom. Lett.},
  year={2023},
  publisher={IEEE}
}

@article{zhou2024optimization,
  title={Optimization-Based Single Anchor UWB Positioning System for Mobile Robots},
  author={Zhou, Xidong and Zhong, Hang and Zhang, Hui and Jiang, Yiming and Wang, Yaonan},
  journal={IEEE Trans. Instrum. Meas.},
  year={2024},
  publisher={IEEE}
}

