@inproceedings{azar2017minimax,
  title={Minimax regret bounds for reinforcement learning},
  author={Azar, Mohammad Gheshlaghi and Osband, Ian and Munos, R{\'e}mi},
  booktitle={International conference on machine learning},
  pages={263--272},
  year={2017},
  organization={PMLR}
}
@article{jin2018q,
  title={Is Q-learning provably efficient?},
  author={Jin, Chi and Allen-Zhu, Zeyuan and Bubeck, Sebastien and Jordan, Michael I},
  journal={Advances in neural information processing systems},
  volume={31},
  year={2018}
}

@article{agarwal2019reinforcement,
  title={Reinforcement learning: Theory and algorithms},
  author={Agarwal, Alekh and Jiang, Nan and Kakade, Sham M and Sun, Wen},
  journal={CS Dept., UW Seattle, Seattle, WA, USA, Tech. Rep},
  volume={32},
  pages={96},
  year={2019}
}

@article{zhang2019regret,
  title={Regret minimization for reinforcement learning by evaluating the optimal bias function},
  author={Zhang, Zihan and Ji, Xiangyang},
  journal={Advances in Neural Information Processing Systems},
  volume={32},
  year={2019}
}

@inproceedings{jia2020model,
  title={Model-based reinforcement learning with value-targeted regression},
  author={Jia, Zeyu and Yang, Lin and Szepesvari, Csaba and Wang, Mengdi},
  booktitle={Learning for Dynamics and Control},
  pages={666--686},
  year={2020},
  organization={PMLR}
}

@inproceedings{zhou2021provably,
  title={Provably efficient reinforcement learning for discounted mdps with feature mapping},
  author={Zhou, Dongruo and He, Jiafan and Gu, Quanquan},
  booktitle={International Conference on Machine Learning},
  pages={12793--12802},
  year={2021},
  organization={PMLR}
}

@inproceedings{he2022near,
  title={Near-optimal policy optimization algorithms for learning adversarial linear mixture mdps},
  author={He, Jiafan and Zhou, Dongruo and Gu, Quanquan},
  booktitle={International Conference on Artificial Intelligence and Statistics},
  pages={4259--4280},
  year={2022},
  organization={PMLR}
}
@inproceedings{huang2024horizon,
  title={Horizon-free and instance-dependent regret bounds for reinforcement learning with general function approximation},
  author={Huang, Jiayi and Zhong, Han and Wang, Liwei and Yang, Lin},
  booktitle={International Conference on Artificial Intelligence and Statistics},
  pages={3673--3681},
  year={2024},
  organization={PMLR}
}

@inproceedings{wu2016conservative,
  title={Conservative bandits},
  author={Wu, Yifan and Shariff, Roshan and Lattimore, Tor and Szepesv{\'a}ri, Csaba},
  booktitle={International Conference on Machine Learning},
  pages={1254--1262},
  year={2016},
  organization={PMLR}
}

@inproceedings{achiam2017constrained,
  title={Constrained policy optimization},
  author={Achiam, Joshua and Held, David and Tamar, Aviv and Abbeel, Pieter},
  booktitle={International conference on machine learning},
  pages={22--31},
  year={2017},
  organization={PMLR}
}

@inproceedings{tessler2018reward,
  title={Reward Constrained Policy Optimization},
  author={Tessler, Chen and Mankowitz, Daniel J and Mannor, Shie},
  booktitle={International Conference on Learning Representations},
  year={2018}
}

@inproceedings{yang2019projection,
  title={Projection-Based Constrained Policy Optimization},
  author={Yang, Tsung-Yen and Rosca, Justinian and Narasimhan, Karthik and Ramadge, Peter J},
  booktitle={International Conference on Learning Representations},
  year={2019}
}

@article{efroni2020exploration,
  title={Exploration-exploitation in constrained mdps},
  author={Efroni, Yonathan and Mannor, Shie and Pirotta, Matteo},
  journal={arXiv preprint arXiv:2003.02189},
  year={2020}
}


@inproceedings{NEURIPS2020_ae95296e,
 author = {Qiu, Shuang and Wei, Xiaohan and Yang, Zhuoran and Ye, Jieping and Wang, Zhaoran},
 booktitle = {Advances in Neural Information Processing Systems},
 editor = {H. Larochelle and M. Ranzato and R. Hadsell and M.F. Balcan and H. Lin},
 pages = {15277--15287},
 publisher = {Curran Associates, Inc.},
 title = {Upper Confidence Primal-Dual Reinforcement Learning for CMDP with Adversarial Loss},
 url = {https://proceedings.neurips.cc/paper_files/paper/2020/file/ae95296e27d7f695f891cd26b4f37078-Paper.pdf},
 volume = {33},
 year = {2020}
}

@inproceedings{ding2021provably,
  title={Provably efficient safe exploration via primal-dual policy optimization},
  author={Ding, Dongsheng and Wei, Xiaohan and Yang, Zhuoran and Wang, Zhaoran and Jovanovic, Mihailo},
  booktitle={International Conference on Artificial Intelligence and Statistics},
  pages={3304--3312},
  year={2021},
  organization={PMLR}
}

@inproceedings{bai2022achieving,
  title={Achieving zero constraint violation for constrained reinforcement learning via primal-dual approach},
  author={Bai, Qinbo and Bedi, Amrit Singh and Agarwal, Mridul and Koppel, Alec and Aggarwal, Vaneet},
  booktitle={Proceedings of the AAAI Conference on Artificial Intelligence},
  volume={36},
  number={4},
  pages={3682--3689},
  year={2022}
}


@inproceedings{wei2022triple,
  title={Triple-q: A model-free algorithm for constrained reinforcement learning with sublinear regret and zero constraint violation},
  author={Wei, Honghao and Liu, Xin and Ying, Lei},
  booktitle={International Conference on Artificial Intelligence and Statistics},
  pages={3274--3307},
  year={2022},
  organization={PMLR}
}


@article{paternain2022safe,
  title={Safe policies for reinforcement learning via primal-dual methods},
  author={Paternain, Santiago and Calvo-Fullana, Miguel and Chamon, Luiz FO and Ribeiro, Alejandro},
  journal={IEEE Transactions on Automatic Control},
  volume={68},
  number={3},
  pages={1321--1336},
  year={2022},
  publisher={IEEE}
}

@article{ghosh2022provably,
  title={Provably efficient model-free constrained rl with linear function approximation},
  author={Ghosh, Arnob and Zhou, Xingyu and Shroff, Ness},
  journal={Advances in Neural Information Processing Systems},
  volume={35},
  pages={13303--13315},
  year={2022}
}

@inproceedings{ghosh2022achieving,
  title={Achieving sub-linear regret in infinite horizon average reward constrained mdp with linear function approximation},
  author={Ghosh, Arnob and Zhou, Xingyu and Shroff, Ness},
  booktitle={The Eleventh International Conference on Learning Representations},
  year={2022}
}

@article{vaswani2022near,
  title={Near-optimal sample complexity bounds for constrained MDPs},
  author={Vaswani, Sharan and Yang, Lin and Szepesv{\'a}ri, Csaba},
  journal={Advances in Neural Information Processing Systems},
  volume={35},
  pages={3110--3122},
  year={2022}
}

@inproceedings{ding2023provably,
  title={Provably efficient primal-dual reinforcement learning for cmdps with non-stationary objectives and constraints},
  author={Ding, Yuhao and Lavaei, Javad},
  booktitle={Proceedings of the AAAI Conference on Artificial Intelligence},
  volume={37},
  number={6},
  pages={7396--7404},
  year={2023}
}



@inproceedings{huang2023safe,
  title={Safe Exploration Incurs Nearly No Additional Sample Complexity for Reward-Free RL},
  author={Huang, R and Yang, J and Liang, Y},
  booktitle={International Conference on Learning Representations},
  year={2023}
}

@inproceedings{kalashnikov2018scalable,
  title={Scalable deep reinforcement learning for vision-based robotic manipulation},
  author={Kalashnikov, Dmitry and Irpan, Alex and Pastor, Peter and Ibarz, Julian and Herzog, Alexander and Jang, Eric and Quillen, Deirdre and Holly, Ethan and Kalakrishnan, Mrinal and Vanhoucke, Vincent and others},
  booktitle={Conference on robot learning},
  pages={651--673},
  year={2018},
  organization={PMLR}
}

@inproceedings{mnih2016asynchronous,
  title={Asynchronous methods for deep reinforcement learning},
  author={Mnih, Volodymyr and Badia, Adria Puigdomenech and Mirza, Mehdi and Graves, Alex and Lillicrap, Timothy and Harley, Tim and Silver, David and Kavukcuoglu, Koray},
  booktitle={International conference on machine learning},
  pages={1928--1937},
  year={2016},
  organization={PMLR}
}

@article{buhmann2000radial,
  title={Radial basis functions},
  author={Buhmann, Martin Dietrich},
  journal={Acta numerica},
  volume={9},
  pages={1--38},
  year={2000},
  publisher={Cambridge university press}
}

@article{amani2019linear,
  title={Linear stochastic bandits under safety constraints},
  author={Amani, Sanae and Alizadeh, Mahnoosh and Thrampoulidis, Christos},
  journal={Advances in Neural Information Processing Systems},
  volume={32},
  year={2019}
}

@inproceedings{khezeli2020safe,
  title={Safe linear stochastic bandits},
  author={Khezeli, Kia and Bitar, Eilyan},
  booktitle={Proceedings of the AAAI Conference on Artificial Intelligence},
  volume={34},
  number={06},
  pages={10202--10209},
  year={2020}
}

@inproceedings{moradipari2020linear,
  title={Linear thompson sampling under unknown linear constraints},
  author={Moradipari, Ahmadreza and Alizadeh, Mahnoosh and Thrampoulidis, Christos},
  booktitle={ICASSP 2020-2020 IEEE International Conference on Acoustics, Speech and Signal Processing (ICASSP)},
  pages={3392--3396},
  year={2020},
  organization={IEEE}
}

@article{moradipari2020stage,
  title={Stage-wise conservative linear bandits},
  author={Moradipari, Ahmadreza and Thrampoulidis, Christos and Alizadeh, Mahnoosh},
  journal={Advances in neural information processing systems},
  volume={33},
  pages={11191--11201},
  year={2020}
}

@INPROCEEDINGS{9054063,
  author={Amani, Sanae and Alizadeh, Mahnoosh and Thrampoulidis, Christos},
  booktitle={ICASSP 2020 - 2020 IEEE International Conference on Acoustics, Speech and Signal Processing (ICASSP)}, 
  title={Generalized Linear Bandits with Safety Constraints}, 
  year={2020},
  volume={},
  number={},
  pages={3562-3566},
  keywords={Uncertainty;Signal processing algorithms;Stochastic processes;Signal processing;Minimization;Safety;Speech processing;Multi-armed bandit;Linear Bandit;Safe learning;Exploration-Exploitation},
  doi={10.1109/ICASSP40776.2020.9054063}}


@article{moradipari2021safe,
  title={Safe linear thompson sampling with side information},
  author={Moradipari, Ahmadreza and Amani, Sanae and Alizadeh, Mahnoosh and Thrampoulidis, Christos},
  journal={IEEE Transactions on Signal Processing},
  volume={69},
  pages={3755--3767},
  year={2021},
  publisher={IEEE}
}



@inproceedings{wang2022best,
  title={Best arm identification with safety constraints},
  author={Wang, Zhenlin and Wagenmaker, Andrew J and Jamieson, Kevin},
  booktitle={International Conference on Artificial Intelligence and Statistics},
  pages={9114--9146},
  year={2022},
  organization={PMLR}
}

@article{afsharrad2023convex,
  title={Convex Methods for Constrained Linear Bandits},
  author={Afsharrad, Amirhossein and Moradipari, Ahmadreza and Lall, Sanjay},
  journal={arXiv preprint arXiv:2311.04338},
  year={2023}
}

@inproceedings{pacchiano2021stochastic,
  title={Stochastic bandits with linear constraints},
  author={Pacchiano, Aldo and Ghavamzadeh, Mohammad and Bartlett, Peter and Jiang, Heinrich},
  booktitle={International conference on artificial intelligence and statistics},
  pages={2827--2835},
  year={2021},
  organization={PMLR}
}

@inproceedings{amani2021safe,
  title={Safe reinforcement learning with linear function approximation},
  author={Amani, Sanae and Thrampoulidis, Christos and Yang, Lin},
  booktitle={International Conference on Machine Learning},
  pages={243--253},
  year={2021},
  organization={PMLR}
}

@article{wachi2021safe,
  title={Safe policy optimization with local generalized linear function approximations},
  author={Wachi, Akifumi and Wei, Yunyue and Sui, Yanan},
  journal={Advances in Neural Information Processing Systems},
  volume={34},
  pages={20759--20771},
  year={2021}
}

@inproceedings{amani2022doubly,
  title={Doubly pessimistic algorithms for strictly safe off-policy optimization},
  author={Amani, Sanae and Yang, Lin F},
  booktitle={2022 56th Annual Conference on Information Sciences and Systems (CISS)},
  pages={113--118},
  year={2022},
  organization={IEEE}
}

@inproceedings{shi2023near,
  title={A near-optimal algorithm for safe reinforcement learning under instantaneous hard constraints},
  author={Shi, Ming and Liang, Yingbin and Shroff, Ness},
  booktitle={International Conference on Machine Learning},
  pages={31243--31268},
  year={2023},
  organization={PMLR}
}

@inproceedings{wei2024safe,
  title={Safe Reinforcement Learning with Instantaneous Constraints: The Role of Aggressive Exploration},
  author={Wei, Honghao and Liu, Xin and Ying, Lei},
  booktitle={Proceedings of the AAAI Conference on Artificial Intelligence},
  volume={38},
  number={19},
  pages={21708--21716},
  year={2024}
}


@INPROCEEDINGS{10186560,
  author={Shen, Xu and Borrelli, Francesco},
  booktitle={2023 IEEE Intelligent Vehicles Symposium (IV)}, 
  title={Reinforcement Learning and Distributed Model Predictive Control for Conflict Resolution in Highly Constrained Spaces}, 
  year={2023},
  volume={},
  number={},
  pages={1-6},
  keywords={Space vehicles;Intelligent vehicles;Simulation;Reinforcement learning;Predictive models;Prediction algorithms;Real-time systems},
  doi={10.1109/IV55152.2023.10186560}}

@ARTICLE{9062306,
  author={Zhang, Xiaojing and Liniger, Alexander and Borrelli, Francesco},
  journal={IEEE Transactions on Control Systems Technology}, 
  title={Optimization-Based Collision Avoidance}, 
  year={2021},
  volume={29},
  number={3},
  pages={972-983},
  keywords={Collision avoidance;Trajectory;Optimization;Planning;Aerospace electronics;Robots;Navigation;Autonomous driving;collision avoidance;model predictive control (MPC);navigation in tight environments;nonlinear optimization;obstacle avoidance;path planning;trajectory optimization},
  doi={10.1109/TCST.2019.2949540}}


@article{xiong2024provably,
  title={Provably safe reinforcement learning with step-wise violation constraints},
  author={Xiong, Nuoya and Du, Yihan and Huang, Longbo},
  journal={Advances in Neural Information Processing Systems},
  volume={36},
  year={2024}
}

@book{vamvoudakis2021handbook,
  title={Handbook of reinforcement learning and control},
  author={Vamvoudakis, Kyriakos G and Wan, Yan and Lewis, Frank L and Cansever, Derya},
  year={2021},
  publisher={Springer}
}

@article{thomas2019preventing,
  title={Preventing undesirable behavior of intelligent machines},
  author={Thomas, Philip S and Castro da Silva, Bruno and Barto, Andrew G and Giguere, Stephen and Brun, Yuriy and Brunskill, Emma},
  journal={Science},
  volume={366},
  number={6468},
  pages={999--1004},
  year={2019},
  publisher={American Association for the Advancement of Science}
}

@inproceedings{jin2020provably,
  title={Provably efficient reinforcement learning with linear function approximation},
  author={Jin, Chi and Yang, Zhuoran and Wang, Zhaoran and Jordan, Michael I},
  booktitle={Conference on learning theory},
  pages={2137--2143},
  year={2020},
  organization={PMLR}
}

@article{abbasi2011improved,
  title={Improved algorithms for linear stochastic bandits},
  author={Abbasi-Yadkori, Yasin and P{\'a}l, D{\'a}vid and Szepesv{\'a}ri, Csaba},
  journal={Advances in neural information processing systems},
  volume={24},
  year={2011}
}


@book{sutton2018reinforcement,
  title={Reinforcement learning: An introduction},
  author={Sutton, Richard S and Barto, Andrew G},
  year={2018},
  publisher={MIT press}
}

@article{lai1985asymptotically,
  title={Asymptotically efficient adaptive allocation rules},
  author={Lai, Tze Leung and Robbins, Herbert},
  journal={Advances in applied mathematics},
  volume={6},
  number={1},
  pages={4--22},
  year={1985},
  publisher={Academic Press}
}



@book{lattimore2020bandit,
  title={Bandit algorithms},
  author={Lattimore, Tor and Szepesv{\'a}ri, Csaba},
  year={2020},
  publisher={Cambridge University Press}
}


@article{russo2013eluder,
  title={Eluder dimension and the sample complexity of optimistic exploration},
  author={Russo, Daniel and Van Roy, Benjamin},
  journal={Advances in Neural Information Processing Systems},
  volume={26},
  year={2013}
}

@inproceedings{zhang2022making,
  title={Making linear mdps practical via contrastive representation learning},
  author={Zhang, Tianjun and Ren, Tongzheng and Yang, Mengjiao and Gonzalez, Joseph and Schuurmans, Dale and Dai, Bo},
  booktitle={International Conference on Machine Learning},
  pages={26447--26466},
  year={2022},
  organization={PMLR}
}


@article{pacchiano2024contextual,
  title={Contextual Bandits with Stage-wise Constraints},
  author={Pacchiano, Aldo and Ghavamzadeh, Mohammad and Bartlett, Peter},
  journal={arXiv preprint arXiv:2401.08016},
  year={2024}
}


@inproceedings{hutchinson2024directional,
  title={Directional optimism for safe linear bandits},
  author={Hutchinson, Spencer and Turan, Berkay and Alizadeh, Mahnoosh},
  booktitle={International Conference on Artificial Intelligence and Statistics},
  pages={658--666},
  year={2024},
  organization={PMLR}
}

@inproceedings{afsharrad2024convex,
  title={Convex methods for constrained linear bandits},
  author={Afsharrad, Amirhossein and Moradipari, Ahmadreza and Lall, Sanjay},
  booktitle={2024 European Control Conference (ECC)},
  pages={2111--2118},
  year={2024},
  organization={IEEE}
}





@article{zhou2022kernelized,
  title={On kernelized multi-armed bandits with constraints},
  author={Zhou, Xingyu and Ji, Bo},
  journal={Advances in neural information processing systems},
  volume={35},
  pages={14--26},
  year={2022}
}


@inproceedings{deng2022interference,
  title={Interference constrained beam alignment for time-varying channels via kernelized bandits},
  author={Deng, Yuntian and Zhou, Xingyu and Ghosh, Arnob and Gupta, Abhishek and Shroff, Ness B},
  booktitle={2022 20th International Symposium on Modeling and Optimization in Mobile, Ad hoc, and Wireless Networks (WiOpt)},
  pages={25--32},
  year={2022},
  organization={IEEE}
}


@inproceedings{ghosh2024towards,
  title={Towards Achieving Sub-linear Regret and Hard Constraint Violation in Model-free RL},
  author={Ghosh, Arnob and Zhou, Xingyu and Shroff, Ness},
  booktitle={International Conference on Artificial Intelligence and Statistics},
  pages={1054--1062},
  year={2024},
  organization={PMLR}
}



@article{ghosh2023achieving,
  title={Achieving sub-linear regret in infinite horizon average reward constrained mdp with linear function approximation},
  author={Ghosh, Arnob and Zhou, Xingyu},
  journal={ICLR},
  year={2023}
}