@inproceedings{NEURIPS2020_ae95296e,
 author = {Qiu, Shuang and Wei, Xiaohan and Yang, Zhuoran and Ye, Jieping and Wang, Zhaoran},
 booktitle = {Advances in Neural Information Processing Systems},
 editor = {H. Larochelle and M. Ranzato and R. Hadsell and M.F. Balcan and H. Lin},
 pages = {15277--15287},
 publisher = {Curran Associates, Inc.},
 title = {Upper Confidence Primal-Dual Reinforcement Learning for CMDP with Adversarial Loss},
 url = {https://proceedings.neurips.cc/paper_files/paper/2020/file/ae95296e27d7f695f891cd26b4f37078-Paper.pdf},
 volume = {33},
 year = {2020}
}

@inproceedings{achiam2017constrained,
  title={Constrained policy optimization},
  author={Achiam, Joshua and Held, David and Tamar, Aviv and Abbeel, Pieter},
  booktitle={International conference on machine learning},
  pages={22--31},
  year={2017},
  organization={PMLR}
}

@inproceedings{afsharrad2024convex,
  title={Convex methods for constrained linear bandits},
  author={Afsharrad, Amirhossein and Moradipari, Ahmadreza and Lall, Sanjay},
  booktitle={2024 European Control Conference (ECC)},
  pages={2111--2118},
  year={2024},
  organization={IEEE}
}

@article{amani2019linear,
  title={Linear stochastic bandits under safety constraints},
  author={Amani, Sanae and Alizadeh, Mahnoosh and Thrampoulidis, Christos},
  journal={Advances in Neural Information Processing Systems},
  volume={32},
  year={2019}
}

@inproceedings{bai2022achieving,
  title={Achieving zero constraint violation for constrained reinforcement learning via primal-dual approach},
  author={Bai, Qinbo and Bedi, Amrit Singh and Agarwal, Mridul and Koppel, Alec and Aggarwal, Vaneet},
  booktitle={Proceedings of the AAAI Conference on Artificial Intelligence},
  volume={36},
  number={4},
  pages={3682--3689},
  year={2022}
}

@inproceedings{deng2022interference,
  title={Interference constrained beam alignment for time-varying channels via kernelized bandits},
  author={Deng, Yuntian and Zhou, Xingyu and Ghosh, Arnob and Gupta, Abhishek and Shroff, Ness B},
  booktitle={2022 20th International Symposium on Modeling and Optimization in Mobile, Ad hoc, and Wireless Networks (WiOpt)},
  pages={25--32},
  year={2022},
  organization={IEEE}
}

@inproceedings{ding2021provably,
  title={Provably efficient safe exploration via primal-dual policy optimization},
  author={Ding, Dongsheng and Wei, Xiaohan and Yang, Zhuoran and Wang, Zhaoran and Jovanovic, Mihailo},
  booktitle={International Conference on Artificial Intelligence and Statistics},
  pages={3304--3312},
  year={2021},
  organization={PMLR}
}

@inproceedings{ding2023provably,
  title={Provably efficient primal-dual reinforcement learning for cmdps with non-stationary objectives and constraints},
  author={Ding, Yuhao and Lavaei, Javad},
  booktitle={Proceedings of the AAAI Conference on Artificial Intelligence},
  volume={37},
  number={6},
  pages={7396--7404},
  year={2023}
}

@article{efroni2020exploration,
  title={Exploration-exploitation in constrained mdps},
  author={Efroni, Yonathan and Mannor, Shie and Pirotta, Matteo},
  journal={arXiv preprint arXiv:2003.02189},
  year={2020}
}

@inproceedings{ghosh2022achieving,
  title={Achieving sub-linear regret in infinite horizon average reward constrained mdp with linear function approximation},
  author={Ghosh, Arnob and Zhou, Xingyu and Shroff, Ness},
  booktitle={The Eleventh International Conference on Learning Representations},
  year={2022}
}

@article{ghosh2022provably,
  title={Provably efficient model-free constrained rl with linear function approximation},
  author={Ghosh, Arnob and Zhou, Xingyu and Shroff, Ness},
  journal={Advances in Neural Information Processing Systems},
  volume={35},
  pages={13303--13315},
  year={2022}
}

@article{ghosh2023achieving,
  title={Achieving sub-linear regret in infinite horizon average reward constrained mdp with linear function approximation},
  author={Ghosh, Arnob and Zhou, Xingyu},
  journal={ICLR},
  year={2023}
}

@inproceedings{ghosh2024towards,
  title={Towards Achieving Sub-linear Regret and Hard Constraint Violation in Model-free RL},
  author={Ghosh, Arnob and Zhou, Xingyu and Shroff, Ness},
  booktitle={International Conference on Artificial Intelligence and Statistics},
  pages={1054--1062},
  year={2024},
  organization={PMLR}
}

@inproceedings{huang2023safe,
  title={Safe Exploration Incurs Nearly No Additional Sample Complexity for Reward-Free RL},
  author={Huang, R and Yang, J and Liang, Y},
  booktitle={International Conference on Learning Representations},
  year={2023}
}

@inproceedings{hutchinson2024directional,
  title={Directional optimism for safe linear bandits},
  author={Hutchinson, Spencer and Turan, Berkay and Alizadeh, Mahnoosh},
  booktitle={International Conference on Artificial Intelligence and Statistics},
  pages={658--666},
  year={2024},
  organization={PMLR}
}

@inproceedings{khezeli2020safe,
  title={Safe linear stochastic bandits},
  author={Khezeli, Kia and Bitar, Eilyan},
  booktitle={Proceedings of the AAAI Conference on Artificial Intelligence},
  volume={34},
  number={06},
  pages={10202--10209},
  year={2020}
}

@inproceedings{moradipari2020linear,
  title={Linear thompson sampling under unknown linear constraints},
  author={Moradipari, Ahmadreza and Alizadeh, Mahnoosh and Thrampoulidis, Christos},
  booktitle={ICASSP 2020-2020 IEEE International Conference on Acoustics, Speech and Signal Processing (ICASSP)},
  pages={3392--3396},
  year={2020},
  organization={IEEE}
}

@article{moradipari2020stage,
  title={Stage-wise conservative linear bandits},
  author={Moradipari, Ahmadreza and Thrampoulidis, Christos and Alizadeh, Mahnoosh},
  journal={Advances in neural information processing systems},
  volume={33},
  pages={11191--11201},
  year={2020}
}

@article{moradipari2021safe,
  title={Safe linear thompson sampling with side information},
  author={Moradipari, Ahmadreza and Amani, Sanae and Alizadeh, Mahnoosh and Thrampoulidis, Christos},
  journal={IEEE Transactions on Signal Processing},
  volume={69},
  pages={3755--3767},
  year={2021},
  publisher={IEEE}
}

@inproceedings{pacchiano2021stochastic,
  title={Stochastic bandits with linear constraints},
  author={Pacchiano, Aldo and Ghavamzadeh, Mohammad and Bartlett, Peter and Jiang, Heinrich},
  booktitle={International conference on artificial intelligence and statistics},
  pages={2827--2835},
  year={2021},
  organization={PMLR}
}

@article{pacchiano2024contextual,
  title={Contextual Bandits with Stage-wise Constraints},
  author={Pacchiano, Aldo and Ghavamzadeh, Mohammad and Bartlett, Peter},
  journal={arXiv preprint arXiv:2401.08016},
  year={2024}
}

@article{paternain2022safe,
  title={Safe policies for reinforcement learning via primal-dual methods},
  author={Paternain, Santiago and Calvo-Fullana, Miguel and Chamon, Luiz FO and Ribeiro, Alejandro},
  journal={IEEE Transactions on Automatic Control},
  volume={68},
  number={3},
  pages={1321--1336},
  year={2022},
  publisher={IEEE}
}

@inproceedings{shi2023near,
  title={A near-optimal algorithm for safe reinforcement learning under instantaneous hard constraints},
  author={Shi, Ming and Liang, Yingbin and Shroff, Ness},
  booktitle={International Conference on Machine Learning},
  pages={31243--31268},
  year={2023},
  organization={PMLR}
}

@inproceedings{tessler2018reward,
  title={Reward Constrained Policy Optimization},
  author={Tessler, Chen and Mankowitz, Daniel J and Mannor, Shie},
  booktitle={International Conference on Learning Representations},
  year={2018}
}

@article{vaswani2022near,
  title={Near-optimal sample complexity bounds for constrained MDPs},
  author={Vaswani, Sharan and Yang, Lin and Szepesv{\'a}ri, Csaba},
  journal={Advances in Neural Information Processing Systems},
  volume={35},
  pages={3110--3122},
  year={2022}
}

@inproceedings{wei2022triple,
  title={Triple-q: A model-free algorithm for constrained reinforcement learning with sublinear regret and zero constraint violation},
  author={Wei, Honghao and Liu, Xin and Ying, Lei},
  booktitle={International Conference on Artificial Intelligence and Statistics},
  pages={3274--3307},
  year={2022},
  organization={PMLR}
}

@inproceedings{wei2024safe,
  title={Safe Reinforcement Learning with Instantaneous Constraints: The Role of Aggressive Exploration},
  author={Wei, Honghao and Liu, Xin and Ying, Lei},
  booktitle={Proceedings of the AAAI Conference on Artificial Intelligence},
  volume={38},
  number={19},
  pages={21708--21716},
  year={2024}
}

@inproceedings{wu2016conservative,
  title={Conservative bandits},
  author={Wu, Yifan and Shariff, Roshan and Lattimore, Tor and Szepesv{\'a}ri, Csaba},
  booktitle={International Conference on Machine Learning},
  pages={1254--1262},
  year={2016},
  organization={PMLR}
}

@inproceedings{yang2019projection,
  title={Projection-Based Constrained Policy Optimization},
  author={Yang, Tsung-Yen and Rosca, Justinian and Narasimhan, Karthik and Ramadge, Peter J},
  booktitle={International Conference on Learning Representations},
  year={2019}
}

@article{zhou2022kernelized,
  title={On kernelized multi-armed bandits with constraints},
  author={Zhou, Xingyu and Ji, Bo},
  journal={Advances in neural information processing systems},
  volume={35},
  pages={14--26},
  year={2022}
}

