@inproceedings{basak2019data,
  title={Data-driven detection of anomalies and cascading failures in traffic networks},
  author={Basak, Sanchita and Ayman, Afiya and Laszka, Aron and Dubey, Abhishek and Leao, Bruno},
  booktitle={Annual Conference of the PHM Society 2019},
  volume={11},
  number={1},
  year={2019}
}

@article{cassottana2022predicting,
  title={Predicting Resilience of Interdependent Urban Infrastructure Systems},
  author={Cassottana, Beatrice and Biswas, Partha P and Balakrishnan, Srijith and Ng, Bennet and Mashima, Daisuke and Sansavini, Giovanni},
  journal={IEEE Access},
  volume={10},
  pages={116432--116442},
  year={2022},
  publisher={IEEE}
}

@inproceedings{ciapessoni2013cascading,
  title={Cascading simulation techniques in Europe: The PRACTICE experience},
  author={Ciapessoni, E and Cirio, D and Pitto, A},
  booktitle={IEEE PES General Meeting},
  pages={20--25},
  year={2013}
}

@inproceedings{dobson2001initial,
  title={An initial model for complex dynamics in electric power system blackouts},
  author={Dobson, Ian and Carreras, Benjamin A and Lynch, Vickie E and Newman, David E},
  booktitle={hicss},
  year={2001}
}

@inproceedings{mao2023detecting,
  title={Detecting Vulnerable Nodes in Urban Infrastructure Interdependent Network},
  author={Mao, Jinzhu and Cao, Liu and Gao, Chen and Wang, Huandong and Fan, Hangyu and Jin, Depeng and Li, Yong},
  booktitle={Proceedings of the 29th ACM SIGKDD Conference on Knowledge Discovery and Data Mining},
  pages={4617--4627},
  year={2023}
}

@article{mei2009improved,
  title={An improved OPA model and blackout risk assessment},
  author={Mei, Shengwei and He, Fei and Zhang, Xuemin and Wu, Shengyu and Wang, Gang},
  journal={IEEE Transactions on Power Systems},
  volume={24},
  number={2},
  pages={814--823},
  year={2009},
  publisher={IEEE}
}

@inproceedings{nakarmi2020markov,
  title={A Markov chain approach for cascade size analysis in power grids based on community structures in interaction graphs},
  author={Nakarmi, Upama and Rahnamay-Naeini, Mahshid},
  booktitle={2020 International Conference on Probabilistic Methods Applied to Power Systems (PMAPS)},
  pages={1--6},
  year={2020},
  organization={IEEE}
}

@article{nakhaei2022solution,
  title={A solution technique to cascading link failure prediction},
  author={Nakhaei, Niknaz and Ebrahimi, Morteza and Hosseini, Ahmad},
  journal={Knowledge-Based Systems},
  volume={258},
  pages={109920},
  year={2022},
  publisher={Elsevier}
}

@inproceedings{parandehgheibi2014mitigating,
  title={Mitigating cascading failures in interdependent power grids and communication networks},
  author={Parandehgheibi, Marzieh and Modiano, Eytan and Hay, David},
  booktitle={2014 IEEE International Conference on Smart Grid Communications (SmartGridComm)},
  pages={242--247},
  year={2014},
  organization={IEEE}
}

@article{rahnamay2016cascading,
  title={Cascading failures in interdependent infrastructures: An interdependent Markov-chain approach},
  author={Rahnamay-Naeini, Mahshid and Hayat, Majeed M},
  journal={IEEE Transactions on Smart Grid},
  volume={7},
  number={4},
  pages={1997--2006},
  year={2016},
  publisher={IEEE}
}

@article{ren2018stochastic,
  title={A stochastic model of cascading failure dynamics in communication networks},
  author={Ren, Wendi and Wu, Jiajing and Zhang, Xi and Lai, Rong and Chen, Liang},
  journal={IEEE Transactions on Circuits and Systems II: Express Briefs},
  volume={65},
  number={5},
  pages={632--636},
  year={2018},
  publisher={IEEE}
}

@article{rios2002value,
  title={Value of security: modeling time-dependent phenomena and weather conditions},
  author={Rios, Mario A and Kirschen, Daniel S and Jayaweera, Dilan and Nedic, Dusko P and Allan, Ron N},
  journal={IEEE Transactions on Power Systems},
  volume={17},
  number={3},
  pages={543--548},
  year={2002},
  publisher={IEEE}
}

@article{sturaro2018realistic,
  title={A realistic model for failure propagation in interdependent cyber-physical systems},
  author={Sturaro, Agostino and Silvestri, Simone and Conti, Mauro and Das, Sajal K},
  journal={IEEE Transactions on Network Science and Engineering},
  volume={7},
  number={2},
  pages={817--831},
  year={2018},
  publisher={IEEE}
}

@article{su2014robustness,
  title={Robustness of interrelated traffic networks to cascading failures},
  author={Su, Zhen and Li, Lixiang and Peng, Haipeng and Kurths, J{\"u}rgen and Xiao, Jinghua and Yang, Yixian},
  journal={Scientific reports},
  volume={4},
  number={1},
  pages={5413},
  year={2014},
  publisher={Nature Publishing Group UK London}
}

@article{valdez2020cascading,
  title={Cascading failures in complex networks},
  author={Valdez, Lucas D and Shekhtman, Louis and La Rocca, Cristian E and Zhang, Xin and Buldyrev, Sergey V and Trunfio, Paul A and Braunstein, Lidia A and Havlin, Shlomo},
  journal={Journal of Complex Networks},
  volume={8},
  number={2},
  pages={cnaa013},
  year={2020},
  publisher={Oxford University Press}
}

@article{zhu2022cascading,
  title={Cascading Failure Analysis Based on a Physics-Informed Graph Neural Network},
  author={Zhu, Yuhong and Zhou, Yongzhi and Wei, Wei and Wang, Ningbo},
  journal={IEEE Transactions on Power Systems},
  year={2022},
  publisher={IEEE}
}

