@inproceedings{bertolini2023explaining,
  title={Explaining, evaluating and enhancing neural networksâ€™ learned representations},
  author={Bertolini, Marco and Clevert, Djork-Arn{\'e} and Montanari, Floriane},
  booktitle={International Conference on Artificial Neural Networks},
  pages={269--287},
  year={2023},
  organization={Springer}
}

@inproceedings{bertolini2024enhancing,
  title={Enhancing Interpretability in Molecular Property Prediction with Contextual Explanations of Molecular Graphical Depictions},
  author={Bertolini, Marco and Zhao, Linlin and Montanari, Floriane and Clevert, Djork-Arn{\'e}},
  booktitle={International Workshop on AI in Drug Discovery},
  pages={1--12},
  year={2024},
  organization={Springer}
}

@inproceedings{chughtai2023toy,
  title={A toy model of universality: Reverse engineering how networks learn group operations},
  author={Chughtai, Bilal and Chan, Lawrence and Nanda, Neel},
  booktitle={International Conference on Machine Learning},
  pages={6243--6267},
  year={2023},
  organization={PMLR}
}

@inproceedings{cohen2016group,
  title={Group equivariant convolutional networks},
  author={Cohen, Taco and Welling, Max},
  booktitle={International conference on machine learning},
  pages={2990--2999},
  year={2016},
  organization={PMLR}
}

@article{de2022riemannian,
  title={Riemannian score-based generative modelling},
  author={De Bortoli, Valentin and Mathieu, Emile and Hutchinson, Michael and Thornton, James and Teh, Yee Whye and Doucet, Arnaud},
  journal={Advances in Neural Information Processing Systems},
  volume={35},
  pages={2406--2422},
  year={2022}
}

@article{dehmamy2021automatic,
  title={Automatic symmetry discovery with lie algebra convolutional network},
  author={Dehmamy, Nima and Walters, Robin and Liu, Yanchen and Wang, Dashun and Yu, Rose},
  journal={Advances in Neural Information Processing Systems},
  volume={34},
  pages={2503--2515},
  year={2021}
}

@article{esteves2020theoretical,
  title={Theoretical aspects of group equivariant neural networks},
  author={Esteves, Carlos},
  journal={arXiv preprint arXiv:2004.05154},
  year={2020}
}

@inproceedings{finzi2020generalizing,
  title={Generalizing convolutional neural networks for equivariance to lie groups on arbitrary continuous data},
  author={Finzi, Marc and Stanton, Samuel and Izmailov, Pavel and Wilson, Andrew Gordon},
  booktitle={International Conference on Machine Learning},
  pages={3165--3176},
  year={2020},
  organization={PMLR}
}

@inproceedings{fumero2021learning,
  title={Learning disentangled representations via product manifold projection},
  author={Fumero, Marco and Cosmo, Luca and Melzi, Simone and Rodol{\`a}, Emanuele},
  booktitle={International conference on machine learning},
  pages={3530--3540},
  year={2021},
  organization={PMLR}
}

@article{geiger2022e3nn,
  title={e3nn: Euclidean neural networks},
  author={Geiger, Mario and Smidt, Tess},
  journal={arXiv preprint arXiv:2207.09453},
  year={2022}
}

@inproceedings{haas2024discovering,
  title={Discovering interpretable directions in the semantic latent space of diffusion models},
  author={Haas, Ren{\'e} and Huberman-Spiegelglas, Inbar and Mulayoff, Rotem and Gra{\ss}hof, Stella and Brandt, Sami S and Michaeli, Tomer},
  booktitle={2024 IEEE 18th International Conference on Automatic Face and Gesture Recognition (FG)},
  pages={1--9},
  year={2024},
  organization={IEEE}
}

@inproceedings{hutchinson2021lietransformer,
  title={Lietransformer: Equivariant self-attention for lie groups},
  author={Hutchinson, Michael J and Le Lan, Charline and Zaidi, Sheheryar and Dupont, Emilien and Teh, Yee Whye and Kim, Hyunjik},
  booktitle={International Conference on Machine Learning},
  pages={4533--4543},
  year={2021},
  organization={PMLR}
}

@article{jing2022torsional,
  title={Torsional diffusion for molecular conformer generation},
  author={Jing, Bowen and Corso, Gabriele and Chang, Jeffrey and Barzilay, Regina and Jaakkola, Tommi},
  journal={Advances in Neural Information Processing Systems},
  volume={35},
  pages={24240--24253},
  year={2022}
}

@article{ketata2023diffdock,
  title={Diffdock-pp: Rigid protein-protein docking with diffusion models},
  author={Ketata, Mohamed Amine and Laue, Cedrik and Mammadov, Ruslan and St{\"a}rk, Hannes and Wu, Menghua and Corso, Gabriele and Marquet, C{\'e}line and Barzilay, Regina and Jaakkola, Tommi S},
  journal={arXiv preprint arXiv:2304.03889},
  year={2023}
}

@article{kim2022maximum,
  title={Maximum likelihood training of implicit nonlinear diffusion model},
  author={Kim, Dongjun and Na, Byeonghu and Kwon, Se Jung and Lee, Dongsoo and Kang, Wanmo and Moon, Il-Chul},
  journal={Advances in neural information processing systems},
  volume={35},
  pages={32270--32284},
  year={2022}
}

@article{kong2024convergence,
  title={Convergence of kinetic langevin monte carlo on lie groups},
  author={Kong, Lingkai and Tao, Molei},
  journal={arXiv preprint arXiv:2403.12012},
  year={2024}
}

@article{le2022equivariant,
  title={Equivariant graph attention networks for molecular property prediction},
  author={Le, Tuan and No{\'e}, Frank and Clevert, Djork-Arn{\'e}},
  journal={arXiv preprint arXiv:2202.09891},
  year={2022}
}

@article{liao2023lie,
  title={Lie group equivariant convolutional neural network based on laplace distribution},
  author={Liao, Dengfeng and Liu, Guangzhong},
  journal={Remote Sensing},
  volume={15},
  number={15},
  pages={3758},
  year={2023},
  publisher={MDPI}
}

@article{park2023understanding,
  title={Understanding the latent space of diffusion models through the lens of riemannian geometry},
  author={Park, Yong-Hyun and Kwon, Mingi and Choi, Jaewoong and Jo, Junghyo and Uh, Youngjung},
  journal={Advances in Neural Information Processing Systems},
  volume={36},
  pages={24129--24142},
  year={2023}
}

@article{pfau2020disentangling,
  title={Disentangling by subspace diffusion},
  author={Pfau, David and Higgins, Irina and Botev, Alex and Racani{\`e}re, S{\'e}bastien},
  journal={Advances in Neural Information Processing Systems},
  volume={33},
  pages={17403--17415},
  year={2020}
}

@InProceedings{pmlr-v202-yim23a,
  title = 	 {{SE}(3) diffusion model with application to protein backbone generation},
  author =       {Yim, Jason and Trippe, Brian L. and De Bortoli, Valentin and Mathieu, Emile and Doucet, Arnaud and Barzilay, Regina and Jaakkola, Tommi},
  booktitle = 	 {Proceedings of the 40th International Conference on Machine Learning},
  pages = 	 {40001--40039},
  year = 	 {2023},
  editor = 	 {Krause, Andreas and Brunskill, Emma and Cho, Kyunghyun and Engelhardt, Barbara and Sabato, Sivan and Scarlett, Jonathan},
  volume = 	 {202},
  series = 	 {Proceedings of Machine Learning Research},
  month = 	 {23--29 Jul},
  publisher =    {PMLR},
  pdf = 	 {https://proceedings.mlr.press/v202/yim23a/yim23a.pdf},
  url = 	 {https://proceedings.mlr.press/v202/yim23a.html},
  abstract = 	 {The design of novel protein structures remains a challenge in protein engineering for applications across biomedicine and chemistry. In this line of work, a diffusion model over rigid bodies in 3D (referred to as frames) has shown success in generating novel, functional protein backbones that have not been observed in nature. However, there exists no principled methodological framework for diffusion on SE(3), the space of orientation preserving rigid motions in R3, that operates on frames and confers the group invariance. We address these shortcomings by developing theoretical foundations of SE(3) invariant diffusion models on multiple frames followed by a novel framework, FrameDiff, for estimating the SE(3) equivariant score over multiple frames. We apply FrameDiff on monomer backbone generation and find it can generate designable monomers up to 500 amino acids without relying on a pretrained protein structure prediction network that has been integral to previous methods. We find our samples are capable of generalizing beyond any known protein structure.}
}

@article{puny2021frame,
  title={Frame averaging for invariant and equivariant network design},
  author={Puny, Omri and Atzmon, Matan and Ben-Hamu, Heli and Misra, Ishan and Grover, Aditya and Smith, Edward J and Lipman, Yaron},
  journal={arXiv preprint arXiv:2110.03336},
  year={2021}
}

@inproceedings{romero2020attentive,
  title={Attentive group equivariant convolutional networks},
  author={Romero, David and Bekkers, Erik and Tomczak, Jakub and Hoogendoorn, Mark},
  booktitle={International Conference on Machine Learning},
  pages={8188--8199},
  year={2020},
  organization={PMLR}
}

@article{romero2020group,
  title={Group equivariant stand-alone self-attention for vision},
  author={Romero, David W and Cordonnier, Jean-Baptiste},
  journal={arXiv preprint arXiv:2010.00977},
  year={2020}
}

@inproceedings{satorras2021n,
  title={E (n) equivariant graph neural networks},
  author={Satorras, V{\i}ctor Garcia and Hoogeboom, Emiel and Welling, Max},
  booktitle={International conference on machine learning},
  pages={9323--9332},
  year={2021},
  organization={PMLR}
}

@inproceedings{schutt2021equivariant,
  title={Equivariant message passing for the prediction of tensorial properties and molecular spectra},
  author={Sch{\"u}tt, Kristof and Unke, Oliver and Gastegger, Michael},
  booktitle={International Conference on Machine Learning},
  pages={9377--9388},
  year={2021},
  organization={PMLR}
}

@article{smidt2021euclidean,
  title={Euclidean symmetry and equivariance in machine learning},
  author={Smidt, Tess E},
  journal={Trends in Chemistry},
  volume={3},
  number={2},
  pages={82--85},
  year={2021},
  publisher={Elsevier}
}

@article{thomas2018tensor,
  title={Tensor field networks: Rotation-and translation-equivariant neural networks for 3d point clouds},
  author={Thomas, Nathaniel and Smidt, Tess and Kearnes, Steven and Yang, Lusann and Li, Li and Kohlhoff, Kai and Riley, Patrick},
  journal={arXiv preprint arXiv:1802.08219},
  year={2018}
}

@inproceedings{wang2023infodiffusion,
  title={Infodiffusion: Representation learning using information maximizing diffusion models},
  author={Wang, Yingheng and Schiff, Yair and Gokaslan, Aaron and Pan, Weishen and Wang, Fei and De Sa, Christopher and Kuleshov, Volodymyr},
  booktitle={International Conference on Machine Learning},
  pages={36336--36354},
  year={2023},
  organization={PMLR}
}

@article{weiler20183d,
  title={3d steerable cnns: Learning rotationally equivariant features in volumetric data},
  author={Weiler, Maurice and Geiger, Mario and Welling, Max and Boomsma, Wouter and Cohen, Taco S},
  journal={Advances in Neural Information Processing Systems},
  volume={31},
  year={2018}
}

@article{weiler2019general,
  title={General e (2)-equivariant steerable cnns},
  author={Weiler, Maurice and Cesa, Gabriele},
  journal={Advances in neural information processing systems},
  volume={32},
  year={2019}
}

@article{winter2022unsupervised,
  title={Unsupervised learning of group invariant and equivariant representations},
  author={Winter, Robin and Bertolini, Marco and Le, Tuan and No{\'e}, Frank and Clevert, Djork-Arn{\'e}},
  journal={Advances in Neural Information Processing Systems},
  volume={35},
  pages={31942--31956},
  year={2022}
}

@article{xu2022geodiff,
  title={Geodiff: A geometric diffusion model for molecular conformation generation},
  author={Xu, Minkai and Yu, Lantao and Song, Yang and Shi, Chence and Ermon, Stefano and Tang, Jian},
  journal={arXiv preprint arXiv:2203.02923},
  year={2022}
}

@article{zhu2024trivialized,
  title={Trivialized Momentum Facilitates Diffusion Generative Modeling on Lie Groups},
  author={Zhu, Yuchen and Chen, Tianrong and Kong, Lingkai and Theodorou, Evangelos A and Tao, Molei},
  journal={arXiv preprint arXiv:2405.16381},
  year={2024}
}

