@INPROCEEDINGS{9878470,
  author={Zhou, Yibo},
  booktitle={2022 IEEE/CVF Conference on Computer Vision and Pattern Recognition (CVPR)}, 
  title={Rethinking Reconstruction Autoencoder-Based Out-of-Distribution Detection}, 
  year={2022},
  volume={},
  number={},
  pages={7369-7377},
  keywords={Measurement;Computer vision;Uncertainty;Semantics;Pipelines;Training data;Detectors;Others; Recognition: detection;categorization;retrieval; Self-& semi-& meta- & unsupervised learning},
  doi={10.1109/CVPR52688.2022.00723}}

@inproceedings{NEURIPS2018_abdeb6f5,
 author = {Lee, Kimin and Lee, Kibok and Lee, Honglak and Shin, Jinwoo},
 booktitle = {Advances in Neural Information Processing Systems},
 editor = {S. Bengio and H. Wallach and H. Larochelle and K. Grauman and N. Cesa-Bianchi and R. Garnett},
 pages = {},
 publisher = {Curran Associates, Inc.},
 title = {A Simple Unified Framework for Detecting Out-of-Distribution Samples and Adversarial Attacks},
 url = {https://proceedings.neurips.cc/paper_files/paper/2018/file/abdeb6f575ac5c6676b747bca8d09cc2-Paper.pdf},
 volume = {31},
 year = {2018}
}

@misc{anon2024detectingundetectablecombiningkolmogorovarnold,
      title={Detecting the Undetectable: Combining Kolmogorov-Arnold Networks and MLP for AI-Generated Image Detection}, 
      author={Taharim Rahman Anon and Jakaria Islam Emon},
      year={2024},
      eprint={2408.09371},
      archivePrefix={arXiv},
      primaryClass={cs.CV},
      url={https://arxiv.org/abs/2408.09371}, 
}

@misc{azam2024suitabilitykanscomputervision,
      title={Suitability of KANs for Computer Vision: A preliminary investigation}, 
      author={Basim Azam and Naveed Akhtar},
      year={2024},
      eprint={2406.09087},
      archivePrefix={arXiv},
      primaryClass={cs.CV},
      url={https://arxiv.org/abs/2406.09087}, 
}

@misc{bodner2024convolutionalkolmogorovarnoldnetworks,
      title={Convolutional Kolmogorov-Arnold Networks}, 
      author={Alexander Dylan Bodner and Antonio Santiago Tepsich and Jack Natan Spolski and Santiago Pourteau},
      year={2024},
      eprint={2406.13155},
      archivePrefix={arXiv},
      primaryClass={cs.CV},
      url={https://arxiv.org/abs/2406.13155}, 
}

@misc{bozorgasl2024wavkanwaveletkolmogorovarnoldnetworks,
      title={Wav-KAN: Wavelet Kolmogorov-Arnold Networks}, 
      author={Zavareh Bozorgasl and Hao Chen},
      year={2024},
      eprint={2405.12832},
      archivePrefix={arXiv},
      primaryClass={cs.LG},
      url={https://arxiv.org/abs/2405.12832}, 
}

@misc{bresson2024kagnnskolmogorovarnoldnetworksmeet,
      title={KAGNNs: Kolmogorov-Arnold Networks meet Graph Learning}, 
      author={Roman Bresson and Giannis Nikolentzos and George Panagopoulos and Michail Chatzianastasis and Jun Pang and Michalis Vazirgiannis},
      year={2024},
      eprint={2406.18380},
      archivePrefix={arXiv},
      primaryClass={cs.LG},
      url={https://arxiv.org/abs/2406.18380}, 
}

@misc{cheon2024kolmogorovarnoldnetworksatelliteimage,
      title={Kolmogorov-Arnold Network for Satellite Image Classification in Remote Sensing}, 
      author={Minjong Cheon},
      year={2024},
      eprint={2406.00600},
      archivePrefix={arXiv},
      primaryClass={cs.CV},
      url={https://arxiv.org/abs/2406.00600}, 
}

@inproceedings{haoqi2022vim,
title = {ViM: Out-Of-Distribution with Virtual-logit Matching},
author = {Wang, Haoqi and Li, Zhizhong and Feng, Litong and Zhang, Wayne},
booktitle = {Proceedings of the IEEE/CVF Conference on Computer Vision and Pattern Recognition},
year = {2022}
}

@misc{hou2024comprehensivesurveykolmogorovarnold,
      title={A Comprehensive Survey on Kolmogorov Arnold Networks (KAN)}, 
      author={Yuntian Hou and Di Zhang},
      year={2024},
      eprint={2407.11075},
      archivePrefix={arXiv},
      primaryClass={cs.LG},
      url={https://arxiv.org/abs/2407.11075}, 
}

@inproceedings{huang2021importance,
  title={On the Importance of Gradients for Detecting Distributional Shifts in the Wild},
  author={Huang, Rui and Geng, Andrew and Li, Yixuan},
  booktitle={Advances in Neural Information Processing Systems},
  year={2021}
}

@misc{jamali2024learnmoreexploringkolmogorovarnold,
      title={How to Learn More? Exploring Kolmogorov-Arnold Networks for Hyperspectral Image Classification}, 
      author={Ali Jamali and Swalpa Kumar Roy and Danfeng Hong and Bing Lu and Pedram Ghamisi},
      year={2024},
      eprint={2406.15719},
      archivePrefix={arXiv},
      primaryClass={cs.CV},
      url={https://arxiv.org/abs/2406.15719}, 
}

@misc{jiang2023readaggregatingreconstructionerror,
      title={READ: Aggregating Reconstruction Error into Out-of-distribution Detection}, 
      author={Wenyu Jiang and Yuxin Ge and Hao Cheng and Mingcai Chen and Shuai Feng and Chongjun Wang},
      year={2023},
      eprint={2206.07459},
      archivePrefix={arXiv},
      primaryClass={cs.CV},
      url={https://arxiv.org/abs/2206.07459}, 
}

@misc{kiamari2024gkangraphkolmogorovarnoldnetworks,
      title={GKAN: Graph Kolmogorov-Arnold Networks}, 
      author={Mehrdad Kiamari and Mohammad Kiamari and Bhaskar Krishnamachari},
      year={2024},
      eprint={2406.06470},
      archivePrefix={arXiv},
      primaryClass={cs.LG},
      url={https://arxiv.org/abs/2406.06470}, 
}

@misc{koenig2024kanodeskolmogorovarnoldnetworkordinary,
      title={KAN-ODEs: Kolmogorov-Arnold Network Ordinary Differential Equations for Learning Dynamical Systems and Hidden Physics}, 
      author={Benjamin C. Koenig and Suyong Kim and Sili Deng},
      year={2024},
      eprint={2407.04192},
      archivePrefix={arXiv},
      primaryClass={cs.LG},
      url={https://arxiv.org/abs/2407.04192}, 
}

@misc{li2024kolmogorovarnoldnetworksradialbasis,
      title={Kolmogorov-Arnold Networks are Radial Basis Function Networks}, 
      author={Ziyao Li},
      year={2024},
      eprint={2405.06721},
      archivePrefix={arXiv},
      primaryClass={cs.LG},
      url={https://arxiv.org/abs/2405.06721}, 
}

@misc{li2024ukanmakesstrongbackbone,
      title={U-KAN Makes Strong Backbone for Medical Image Segmentation and Generation}, 
      author={Chenxin Li and Xinyu Liu and Wuyang Li and Cheng Wang and Hengyu Liu and Yifan Liu and Zhen Chen and Yixuan Yuan},
      year={2024},
      eprint={2406.02918},
      archivePrefix={arXiv},
      primaryClass={eess.IV},
      url={https://arxiv.org/abs/2406.02918}, 
}

@article{liu2024fast,
  title={Fast Decision Boundary based Out-of-Distribution Detector},
  author={Liu, Litian and Qin, Yao},
  journal={ICML},
  year={2024}
}

@misc{reinhardt2024sinekankolmogorovarnoldnetworksusing,
      title={SineKAN: Kolmogorov-Arnold Networks Using Sinusoidal Activation Functions}, 
      author={Eric A. F. Reinhardt and P. R. Dinesh and Sergei Gleyzer},
      year={2024},
      eprint={2407.04149},
      archivePrefix={arXiv},
      primaryClass={cs.LG},
      url={https://arxiv.org/abs/2407.04149}, 
}

@misc{seydi2024unveilingpowerwaveletswaveletbased,
      title={Unveiling the Power of Wavelets: A Wavelet-based Kolmogorov-Arnold Network for Hyperspectral Image Classification}, 
      author={Seyd Teymoor Seydi},
      year={2024},
      eprint={2406.07869},
      archivePrefix={arXiv},
      primaryClass={cs.CV},
      url={https://arxiv.org/abs/2406.07869}, 
}

@misc{ss2024chebyshevpolynomialbasedkolmogorovarnoldnetworks,
      title={Chebyshev Polynomial-Based Kolmogorov-Arnold Networks: An Efficient Architecture for Nonlinear Function Approximation}, 
      author={Sidharth SS and Keerthana AR and Gokul R and Anas KP},
      year={2024},
      eprint={2405.07200},
      archivePrefix={arXiv},
      primaryClass={cs.LG},
      url={https://arxiv.org/abs/2405.07200}, 
}

@article{sun2022knnood,
  title={Out-of-distribution Detection with Deep Nearest Neighbors},
  author={Sun, Yiyou and Ming, Yifei and Zhu, Xiaojin and Li, Yixuan},
  journal={ICML},
  year={2022}
}

@misc{vacarubio2024kolmogorovarnoldnetworkskanstime,
      title={Kolmogorov-Arnold Networks (KANs) for Time Series Analysis}, 
      author={Cristian J. Vaca-Rubio and Luis Blanco and Roberto Pereira and MÃ rius Caus},
      year={2024},
      eprint={2405.08790},
      archivePrefix={arXiv},
      primaryClass={eess.SP},
      url={https://arxiv.org/abs/2405.08790}, 
}

@misc{wang2024kolmogorovarnoldinformedneural,
      title={Kolmogorov Arnold Informed neural network: A physics-informed deep learning framework for solving forward and inverse problems based on Kolmogorov Arnold Networks}, 
      author={Yizheng Wang and Jia Sun and Jinshuai Bai and Cosmin Anitescu and Mohammad Sadegh Eshaghi and Xiaoying Zhuang and Timon Rabczuk and Yinghua Liu},
      year={2024},
      eprint={2406.11045},
      archivePrefix={arXiv},
      primaryClass={cs.LG},
      url={https://arxiv.org/abs/2406.11045}, 
}

@misc{xu2024kolmogorovarnoldnetworkstimeseries,
      title={Kolmogorov-Arnold Networks for Time Series: Bridging Predictive Power and Interpretability}, 
      author={Kunpeng Xu and Lifei Chen and Shengrui Wang},
      year={2024},
      eprint={2406.02496},
      archivePrefix={arXiv},
      primaryClass={cs.LG},
      url={https://arxiv.org/abs/2406.02496}, 
}

@misc{yang2024generalizedoutofdistributiondetectionsurvey,
      title={Generalized Out-of-Distribution Detection: A Survey}, 
      author={Jingkang Yang and Kaiyang Zhou and Yixuan Li and Ziwei Liu},
      year={2024},
      eprint={2110.11334},
      archivePrefix={arXiv},
      primaryClass={cs.CV},
      url={https://arxiv.org/abs/2110.11334}, 
}

@misc{zhang2024graphkanenhancingfeatureextraction,
      title={GraphKAN: Enhancing Feature Extraction with Graph Kolmogorov Arnold Networks}, 
      author={Fan Zhang and Xin Zhang},
      year={2024},
      eprint={2406.13597},
      archivePrefix={arXiv},
      primaryClass={cs.LG},
      url={https://arxiv.org/abs/2406.13597}, 
}

@misc{zisselman2020deepresidualflowdistribution,
      title={Deep Residual Flow for Out of Distribution Detection}, 
      author={Ev Zisselman and Aviv Tamar},
      year={2020},
      eprint={2001.05419},
      archivePrefix={arXiv},
      primaryClass={cs.LG},
      url={https://arxiv.org/abs/2001.05419}, 
}

