@inproceedings{branco_rebagg_2018,
	author = {Paula Branco and Luis Torgo and Rita P. Ribeiro},
	title = {{REBAGG}: {REsampled} {BAGGing} for Imbalanced Regression},
	booktitle = {Proceedings of the Second International Workshop on Learning with Imbalanced Domains: Theory and Applications},
	publisher = {PMLR},
	pages = {67--81},
	year = {2018},
}

@inproceedings{branco_smogn_2017,
	author = {Paula Branco and Luís Torgo and Rita P. Ribeiro},
	title = {{SMOGN}: A Pre-Processing Approach for Imbalanced Regression},
	booktitle = {Proceedings of the First International Workshop on Learning with Imbalanced Domains: Theory and Applications},
	publisher = {PMLR},
	pages = {36--50},
	year = {2017},
}

@article{camacho_wsmoter_2024,
	author = {Luís Camacho and Fernando Bacao},
	title = {{WSMOTER}: A Novel Approach for Imbalanced Regression},
	journal = {Applied Intelligence},
	volume = {54},
	number = {19},
	pages = {8789--8799},
	year = {2024},
}

@article{chawla_smote_2011,
  title={SMOTE: synthetic minority over-sampling technique},
  author={Chawla, Nitesh V and Bowyer, Kevin W and Hall, Lawrence O and Kegelmeyer, W Philip},
  journal={Journal of artificial intelligence research},
  volume={16},
  pages={321--357},
  year={2002}
}

@inproceedings{cui_class-balanced_2019,
  title={Class-balanced loss based on effective number of samples},
  author={Cui, Yin and Jia, Menglin and Lin, Tsung-Yi and Song, Yang and Belongie, Serge},
  booktitle={Proceedings of the IEEE/CVF conference on computer vision and pattern recognition},
  pages={9268--9277},
  year={2019}
}

@inproceedings{he_adasyn_2008,
	author = {Haibo He and Yang Bai and Edwardo A. Garcia and Shutao Li},
	title = {{ADASYN}: Adaptive Synthetic Sampling Approach for Imbalanced Learning},
	booktitle = {2008 IEEE International Joint Conference on Neural Networks (IEEE World Congress on Computational Intelligence)},
	pages = {1322--1328},
	year = {2008},
}

@article{shu_meta-weight-net_2019,
  title={Meta-weight-net: Learning an explicit mapping for sample weighting},
  author={Shu, Jun and Xie, Qi and Yi, Lixuan and Zhao, Qian and Zhou, Sanping and Xu, Zongben and Meng, Deyu},
  journal={Advances in neural information processing systems},
  volume={32},
  year={2019}
}

@article{singh_imbalanced_2021,
	author = {Rishav Singh and Tanveer Ahmed and Abhinav Kumar and Amit Kumar Singh and Anil Kumar Pandey and Sanjay Kumar Singh},
	title = {Imbalanced Breast Cancer Classification Using Transfer Learning},
	journal = {IEEE/ACM Transactions on Computational Biology and Bioinformatics},
	volume = {18},
	number = {1},
	pages = {83--93},
	year = {2021},
}

@inproceedings{verma_manifold_2019,
  title={Manifold mixup: Better representations by interpolating hidden states},
  author={Verma, Vikas and Lamb, Alex and Beckham, Christopher and Najafi, Amir and Mitliagkas, Ioannis and Lopez-Paz, David and Bengio, Yoshua},
  booktitle={International conference on machine learning},
  pages={6438--6447},
  year={2019},
  organization={PMLR}
}

@article{yang_rethinking_2020,
  title={Rethinking the value of labels for improving class-imbalanced learning},
  author={Yang, Yuzhe and Xu, Zhi},
  journal={Advances in neural information processing systems},
  volume={33},
  pages={19290--19301},
  year={2020}
}

@inproceedings{zhang_mixup_2018,
  title={mixup: Beyond Empirical Risk Minimization},
  author={Zhang, Hongyi and Cisse, Moustapha and Dauphin, Yann N and Lopez-Paz, David},
  booktitle={International Conference on Learning Representations},
  year={2018}
}

