
@article{brunton_discovering_2016,
	author = {Steven L. Brunton and Joshua L. Proctor and J. Nathan Kutz},
	title = {Discovering Governing Equations from Data by Sparse Identification of Nonlinear Dynamical Systems},
	journal = {Proceedings of the National Academy of Sciences},
	volume = {113},
	number = {15},
	pages = {3932--3937},
	year = {2016},
}


@inproceedings{yang_delving_2021,
  title={Delving into deep imbalanced regression},
  author={Yang, Yuzhe and Zha, Kaiwen and Chen, Yingcong and Wang, Hao and Katabi, Dina},
  booktitle={International conference on machine learning},
  pages={11842--11851},
  year={2021},
  organization={PMLR}
}


@article{song_learning_2022,
  title={Learning from noisy labels with deep neural networks: A survey},
  author={Song, Hwanjun and Kim, Minseok and Park, Dongmin and Shin, Yooju and Lee, Jae-Gil},
  journal={IEEE transactions on neural networks and learning systems},
  volume={34},
  number={11},
  pages={8135--8153},
  year={2022},
  publisher={IEEE}
}


@article{chawla_smote_2011,
  title={SMOTE: synthetic minority over-sampling technique},
  author={Chawla, Nitesh V and Bowyer, Kevin W and Hall, Lawrence O and Kegelmeyer, W Philip},
  journal={Journal of artificial intelligence research},
  volume={16},
  pages={321--357},
  year={2002}
}

@inproceedings{branco_smogn_2017,
	author = {Paula Branco and Luís Torgo and Rita P. Ribeiro},
	title = {{SMOGN}: A Pre-Processing Approach for Imbalanced Regression},
	booktitle = {Proceedings of the First International Workshop on Learning with Imbalanced Domains: Theory and Applications},
	publisher = {PMLR},
	pages = {36--50},
	year = {2017},
}

@inproceedings{branco_rebagg_2018,
	author = {Paula Branco and Luis Torgo and Rita P. Ribeiro},
	title = {{REBAGG}: {REsampled} {BAGGing} for Imbalanced Regression},
	booktitle = {Proceedings of the Second International Workshop on Learning with Imbalanced Domains: Theory and Applications},
	publisher = {PMLR},
	pages = {67--81},
	year = {2018},
}

@article{buda_systematic_2018,
	author = {Mateusz Buda and Atsuto Maki and Maciej A. Mazurowski},
	title = {A Systematic Study of the Class Imbalance Problem in Convolutional Neural Networks},
	journal = {Neural Networks},
	volume = {106},
	pages = {249--259},
	year = {2018},
}

@inproceedings{cui_class-balanced_2019,
  title={Class-balanced loss based on effective number of samples},
  author={Cui, Yin and Jia, Menglin and Lin, Tsung-Yi and Song, Yang and Belongie, Serge},
  booktitle={Proceedings of the IEEE/CVF conference on computer vision and pattern recognition},
  pages={9268--9277},
  year={2019}
}

@inproceedings{he_adasyn_2008,
	author = {Haibo He and Yang Bai and Edwardo A. Garcia and Shutao Li},
	title = {{ADASYN}: Adaptive Synthetic Sampling Approach for Imbalanced Learning},
	booktitle = {2008 IEEE International Joint Conference on Neural Networks (IEEE World Congress on Computational Intelligence)},
	pages = {1322--1328},
	year = {2008},
}

@inproceedings{ren_balanced_2022,
	author = {Jiawei Ren and Mingyuan Zhang and Cunjun Yu and Ziwei Liu},
	title = {Balanced {MSE} for Imbalanced Visual Regression},
	booktitle = {2022 IEEE/CVF Conference on Computer Vision and Pattern Recognition (CVPR)},
	pages = {7916--7925},
	year = {2022},
}

@article{ding_deep_2022,
	author = {Yifei Ding and Minping Jia and Jichao Zhuang and Peng Ding},
	title = {Deep Imbalanced Regression Using Cost-Sensitive Learning and Deep Feature Transfer for Bearing Remaining Useful Life Estimation},
	journal = {Appl. Soft Comput.},
	volume = {127},
	pages = {109271},
	year = {2022},
}

@article{zhang_deep_2023,
  title={Deep long-tailed learning: A survey},
  author={Zhang, Yifan and Kang, Bingyi and Hooi, Bryan and Yan, Shuicheng and Feng, Jiashi},
  journal={IEEE Transactions on Pattern Analysis and Machine Intelligence},
  volume={45},
  number={9},
  pages={10795--10816},
  year={2023},
  publisher={IEEE}
}

@article{liu_open_2024,
	author = {Ziwei Liu and Zhongqi Miao and Xiaohang Zhan and Jiayun Wang and Boqing Gong and Stella X. Yu},
	title = {Open Long-Tailed Recognition in a Dynamic World},
	journal = {IEEE Transactions on Pattern Analysis and Machine Intelligence},
	volume = {46},
	number = {3},
	pages = {1836--1851},
	year = {2024},
}

@article{cao2019learning,
  title={Learning imbalanced datasets with label-distribution-aware margin loss},
  author={Cao, Kaidi and Wei, Colin and Gaidon, Adrien and Arechiga, Nikos and Ma, Tengyu},
  journal={Advances in neural information processing systems},
  volume={32},
  year={2019}
}

@article{dong2018imbalanced,
  title={Imbalanced deep learning by minority class incremental rectification},
  author={Dong, Qi and Gong, Shaogang and Zhu, Xiatian},
  journal={IEEE transactions on pattern analysis and machine intelligence},
  volume={41},
  number={6},
  pages={1367--1381},
  year={2018},
  publisher={IEEE}
}

@inproceedings{silva_model_2022,
	author = {Aníbal Silva and Rita P. Ribeiro and Nuno Moniz},
	title = {Model Optimization in Imbalanced Regression},
	booktitle = {Discovery Science},
	publisher = {Springer Nature Switzerland},
	pages = {3--21},
	year = {2022},
}

@article{camacho_wsmoter_2024,
	author = {Luís Camacho and Fernando Bacao},
	title = {{WSMOTER}: A Novel Approach for Imbalanced Regression},
	journal = {Applied Intelligence},
	volume = {54},
	number = {19},
	pages = {8789--8799},
	year = {2024},
}

@inproceedings{liu_large-scale_2019,
  title={Large-scale long-tailed recognition in an open world},
  author={Liu, Ziwei and Miao, Zhongqi and Zhan, Xiaohang and Wang, Jiayun and Gong, Boqing and Yu, Stella X},
  booktitle={Proceedings of the IEEE/CVF conference on computer vision and pattern recognition},
  pages={2537--2546},
  year={2019}
}

@inproceedings{tan_equalization_2021,
  title={Equalization loss v2: A new gradient balance approach for long-tailed object detection},
  author={Tan, Jingru and Lu, Xin and Zhang, Gang and Yin, Changqing and Li, Quanquan},
  booktitle={Proceedings of the IEEE/CVF conference on computer vision and pattern recognition},
  pages={1685--1694},
  year={2021}
}

@article{kuang_class-imbalance_2022,
	author = {Jiachen Kuang and Guanghua Xu and Tangfei Tao and Qingqiang Wu},
	title = {Class-Imbalance Adversarial Transfer Learning Network for Cross-Domain Fault Diagnosis with Imbalanced Data},
	journal = {IEEE Transactions on Instrumentation and Measurement},
	volume = {71},
	pages = {1--11},
	year = {2022},
}

@article{singh_imbalanced_2021,
	author = {Rishav Singh and Tanveer Ahmed and Abhinav Kumar and Amit Kumar Singh and Anil Kumar Pandey and Sanjay Kumar Singh},
	title = {Imbalanced Breast Cancer Classification Using Transfer Learning},
	journal = {IEEE/ACM Transactions on Computational Biology and Bioinformatics},
	volume = {18},
	number = {1},
	pages = {83--93},
	year = {2021},
}

@article{shu_meta-weight-net_2019,
  title={Meta-weight-net: Learning an explicit mapping for sample weighting},
  author={Shu, Jun and Xie, Qi and Yi, Lixuan and Zhao, Qian and Zhou, Sanping and Xu, Zongben and Meng, Deyu},
  journal={Advances in neural information processing systems},
  volume={32},
  year={2019}
}


@article{yang_rethinking_2020,
  title={Rethinking the value of labels for improving class-imbalanced learning},
  author={Yang, Yuzhe and Xu, Zhi},
  journal={Advances in neural information processing systems},
  volume={33},
  pages={19290--19301},
  year={2020}
}

@inproceedings{chang_polynomial_2018,
	author = {Tyler H. Chang and Layne T. Watson and Thomas C. H. Lux and Bo Li and Li Xu and Ali R. Butt and Kirk W. Cameron and Yili Hong},
	title = {A Polynomial Time Algorithm for Multivariate Interpolation in Arbitrary Dimension via the Delaunay Triangulation},
	booktitle = {Proceedings of the 2018 ACM Southeast Conference},
	publisher = {Association for Computing Machinery},
	pages = {1--8},
	year = {2018},
}

@inproceedings{zhang_mixup_2018,
  title={mixup: Beyond Empirical Risk Minimization},
  author={Zhang, Hongyi and Cisse, Moustapha and Dauphin, Yann N and Lopez-Paz, David},
  booktitle={International Conference on Learning Representations},
  year={2018}
}

@inproceedings{verma_manifold_2019,
  title={Manifold mixup: Better representations by interpolating hidden states},
  author={Verma, Vikas and Lamb, Alex and Beckham, Christopher and Najafi, Amir and Mitliagkas, Ioannis and Lopez-Paz, David and Bengio, Yoshua},
  booktitle={International conference on machine learning},
  pages={6438--6447},
  year={2019},
  organization={PMLR}
}

@article{barber_quickhull_1996,
	author = {C. Bradford Barber and David P. Dobkin and Hannu Huhdanpaa},
	title = {The Quickhull Algorithm for Convex Hulls},
	journal = {ACM Trans. Math. Softw.},
	volume = {22},
	number = {4},
	pages = {469--483},
	year = {1996},
}

@inproceedings{boissonnat_incremental_2009,
	author = {Jean-Daniel Boissonnat and Olivier Devillers and Samuel Hornus},
	title = {Incremental Construction of the Delaunay Triangulation and the Delaunay Graph in Medium Dimension},
	booktitle = {Proceedings of the Twenty-Fifth Annual Symposium on Computational Geometry},
	publisher = {Association for Computing Machinery},
	pages = {208--216},
	year = {2009},
}

@article{chang_leveraging_2025,
	author = {Tyler Chang and Andrew Gillette and Romit Maulik},
	title = {Leveraging Interpolation Models and Error Bounds for Verifiable Scientific Machine Learning},
	journal = {Journal of Computational Physics},
	pages = {113726},
	year = {2025},
}

@article{berrut_barycentric_2004,
	author = {Jean-Paul Berrut and Lloyd N. Trefethen},
	title = {Barycentric Lagrange Interpolation},
	journal = {SIAM Review},
	volume = {46},
	number = {3},
	pages = {501--517},
	year = {2004},
}