@article{Brier1950,
  author    = {Glenn W Brier},
  title     = {{Verification of forecasts expressed in terms of probability}},
  journal   = {Monthly Weather Review},
  year      = {1950},
  volume    = {78},
  number    = {1},
  pages     = {1--3}
}

@article{Emura2016,
author    = {Takeshi Emura and Yi-Hau Chen},
title     = {{Gene Selection for Survival Data Under Dependent Censoring: A Copula-Based Approach}},
journal   = {Statistical Methods in Medical Research},
volume    = {25},
number    = {6},
pages     = {2840--2857},
year      = {2016}
}

@article{Emura2017,
author    = {Takeshi Emura and Hirofumi Michimae},
title     = {{A Copula-Based Inference to Piecewise Exponential Models Under Dependent Censoring, with Application to Time to Metamorphosis of Salamander Larvae}},
journal   = {Environmental and Ecological Statistics},
volume    = {24},
number    = {1},
pages     = {151--173},
year      = {2017}
}

@book{Emura2018,
author    = {Takeshi Emura and Yi-Hau Chen},
title     = {{Analysis of Survival Data with Dependent Censoring: Copula-Based Approaches}},
publisher = {Springer},
year      = {2018}
}

@article{Moradian2019,
author    = {Hoora Moradian, Denis Larocque and François Bellavance},
title     = {{Survival Forests for Data with Dependent Censoring}},
journal   = {Statistical Methods in Medical Research},
volume    = {28},
number    = {2},
pages     = {445--461},
year      = {2019},
}

@inproceedings{NIPS2011_1019c809,
author = {Yu, Chun-Nam and Greiner, Russell and Lin, Hsiu-Chin and Baracos, Vickie},
booktitle = {Advances in Neural Information Processing Systems},
pages = {1845-–1853},
title = {{Learning Patient-Specific Cancer Survival Distributions as a Sequence of Dependent Regressors}},
volume = {24},
year = {2011}
}

@article{Ridgeway1999,
  author    = {Greg Ridgeway},
  title     = {{The State of Boosting}},
  journal   = {Computing Science and Statistics},
  year      = {1999},
  pages     = {172--181},
  volume    = {31}
}

@article{Rivest2001,
  author    = {LP Rivest and MT Wells},
  title     = {{A martingale approach to the copula-graphic estimator for the survival function under dependent censoring}},
  journal   = {Journal of Multivariate Analysis},
  year      = {2001},
  volume    = {79},
  pages     = {138--155}
}

@article{Zhang2011,
  author    = {Danfang Zhang and Eva-Maria E Hedlund and Sharon Lim and Fang Chen and Yin Zhang and others},
  title     = {{Antiangiogenic agents significantly improve survival in tumor-bearing mice by increasing tolerance to chemotherapy-induced toxicity}},
  journal   = {Proceedings of the National Academy of Sciences},
  volume    = {108},
  number    = {10},
  pages     = {4117--4122},
  year      = {2011},
}

@article{Zheng1995,
author    = {Ming Zheng and John P Klein},
title     = {{Estimates of Marginal Survival for Dependent Competing Risks Based on an Assumed Copula}},
journal   = {Biometrika},
volume    = {82},
number    = {1},
pages     = {127--138},
year      = {1995},
}

@article{campigotto2014impact,
  title={{Impact of informative censoring on the Kaplan-Meier estimate of progression-free survival in phase II clinical trials}},
  author={Campigotto, Federico and Weller, Edie},
  journal={Journal of Clinical Oncology},
  volume={32},
  number={27},
  pages={3068--3074},
  year={2014},
  publisher={American Society of Clinical Oncology}
}

@article{clayton1978model,
  author = {David G Clayton},
  title = {{A model for association in bivariate life tables and its application in epidemiological studies of familial tendency in chronic disease incidence}},
  journal = {Biometrika},
  year = {1978},
  volume = {65},
  number = {1},
  pages = {141--151}
}

@article{cox_regression_1972,
title={{Regression models and life-tables}},
author={Cox, David R},
journal={Journal of the Royal Statistical Society: Series B (Methodological)},
volume={34},
number={2},
pages={187--202},
year={1972},
}

@article{frank1979simultaneous,
  author = {Maurice J Frank},
  title = {{On the simultaneous associativity off $(x, y)$ and $x + y - f(x, y)$}},
  journal = {Aequationes Mathematicae},
  year = {1979},
  volume = {19},
  number = {1},
  pages = {194--226}
}

@book{gareth_introduction_2021,
    edition={2},
    title={{An introduction to statistical learning: with applications in R}},
    author={Gareth, James and Daniela, Witten and Trevor, Hastie and Robert, Tibshirani},
    year={2021},
    publisher={Springer}
}

@article{gerds2006consistent,
  title={{Consistent estimation of the expected Brier score in general survival models with right-censored event times}},
  author={Gerds, Thomas A and Schumacher, Martin},
  journal={Biometrical Journal},
  volume={48},
  number={6},
  pages={1029--1040},
  year={2006},
  publisher={Wiley Online Library}
}

@article{graf1999assessment,
title={{Assessment and comparison of prognostic classification schemes for survival data}},
author={Graf, Erika and Schmoor, Claudia and Sauerbrei, Willi and Schumacher, Martin},
journal={Statistics in medicine},
volume={18},
number={17-18},
pages={2529--2545},
year={1999},
}

@article{haider_effective_2020,
  author  = {Humza Haider and Bret Hoehn and Sarah Davis and Russell Greiner},
  title   = {{Effective Ways to Build and Evaluate Individual Survival Distributions}},
  journal = {Journal of Machine Learning Research},
  year    = {2020},
  volume  = {21},
  number  = {1},
  pages   = {1--63},
}

@article{harrell1996multivariable,
  title={{Multivariable prognostic models: issues in developing models, evaluating assumptions and adequacy, and measuring and reducing errors}},
  author={Harrell Jr, Frank E and Lee, Kerry L and Mark, Daniel B},
  journal={Statistics in medicine},
  volume={15},
  number={4},
  pages={361--387},
  year={1996},
  publisher={Wiley Online Library}
}

@article{ishwaran_random_2008,
title = {{Random Survival Forests}},
volume = {2},
number = {3},
journal = {The Annals of Applied Statistics},
author = {Hemant Ishwaran and Udaya B Kogalur and Eugene H Blackstone and Michael S Lauer},
year = {2008},
pages = {841--860},
}

@article{kaplan_nonparametric_1958,
  title = {{Nonparametric Estimation from Incomplete Observations}},
  volume = {53},
  number = {282},
  journal = {Journal of the American Statistical Association},
  author = {Edwin L Kaplan and Paul Meier},
  year = {1958},
  pages = {457--481},
}

@article{katzman_deepsurv_2018,
title = {{DeepSurv: personalized treatment recommender system using a Cox proportional hazards deep neural network}},
volume = {18},
number = {1},
pages={1--12},
journal = {BMC Medical Research Methodology},
author = {Katzman, Jared and Shaham, Uri and Bates, Jonathan and Cloninger, Alexander and Jiang, Tingting and others},
year = {2018},
}

@article{kuan2023accurate,
title={{Accurate personalized survival prediction for amyotrophic lateral sclerosis patients}},
author={Kuan, Li-Hao and Parnianpour, Pedram and Kushol, Rafsanjany and Kumar, Neeraj and Anand, Tanushka and others},
journal={Scientific Reports},
volume={13},
number={1},
pages={20713},
year={2023},
}

@article{lillelund_efficient_2024,
author={Lillelund, Christian M and Magris, Martin and Pedersen, Christian F},
journal={IEEE Journal of Biomedical and Health Informatics}, 
title={{Efficient Training of Probabilistic Neural Networks for Survival Analysis}}, 
year={2024},
pages={1-10},
}

@article{lillelund_prognosis_2024,
title = {{Prognosis of fall risk in home care clients: A noninvasive approach using survival analysis}},
author = {Lillelund, Christian M and Harbo, Michael and Pedersen, Christian F},
journal = {Journal of Public Health},
pages = {1--13},
year = {2024},
}

@article{uno2011,
	title = {{On the {C}-statistics for evaluating overall adequacy of risk prediction procedures with censored survival data}},
	volume = {30},
	number = {10},
	journal = {Statistics in Medicine},
	author = {Uno, Hajime and Cai, Tianxi and Pencina, Michael J and D'Agostino, Ralph B and Wei, LJ},
	year = {2011},
	pages = {1105--1117},
}

