@article{kuan2023accurate,
title={{Accurate personalized survival prediction for amyotrophic lateral sclerosis patients}},
author={Kuan, Li-Hao and Parnianpour, Pedram and Kushol, Rafsanjany and Kumar, Neeraj and Anand, Tanushka and others},
journal={Scientific Reports},
volume={13},
number={1},
pages={20713},
year={2023},
}

@article{lillelund_prognosis_2024,
title = {{Prognosis of fall risk in home care clients: A noninvasive approach using survival analysis}},
author = {Lillelund, Christian M and Harbo, Michael and Pedersen, Christian F},
journal = {Journal of Public Health},
pages = {1--13},
year = {2024},
}

@article{yeh_sensitivity_2023,
title = {{Sensitivity Analysis for Survival Prognostic Prediction with Gene Selection: A Copula Method for Dependent Censoring}},
volume = {11},
number = {3},
journal = {Biomedicines},
author = {Chih-Tung Yeh and Gen-Yih Liao and Takeshi Emura},
year = {2023},
pages = {797},
}

@inproceedings{Sechidis2011,
author    = {Sechidis, Konstantinos and Tsoumakas, Grigorios and Vlahavas, Ioannis},
title     = {{On the Stratification of Multi-label Data}},
booktitle = {Proceedings of the Joint European Conference on Machine Learning and Knowledge Discovery in Databases},
year      = {2011},
pages     = {145--158},
}

@article{Ridgeway1999,
  author    = {Greg Ridgeway},
  title     = {{The State of Boosting}},
  journal   = {Computing Science and Statistics},
  year      = {1999},
  pages     = {172--181},
  volume    = {31}
}

@article{hothorn_survival_2005,
  author = {Torsten Hothorn, Peter Bühlmann, Sandrine Dudoit, Annette Molinaro, Mark J Van Der Laan},
  title = {{Survival ensembles}},
  journal = {Biostatistics},
  volume = {7},
  number = {3},
  pages = {355-373},
  year = {2005},
}

@article{aalen_1978_nonparametric,
    author = {Odd Aalen},
    title = {{Nonparametric Inference for a Family of Counting Processes}},
    journal = {The Annals of Statistics},
    year = {1978},
    volume = {6},
    number = {4},
    pages = {701--726}
}

@article{nelson_1969_hazard,
    author = {Wayne Nelson},
    title = {{Hazard Plotting for Incomplete Failure Data}},
    journal = {Journal of Quality Technology},
    year = {1969},
    volume = {1},
    pages = {27--52}
}

@book{gareth_introduction_2021,
    edition={2},
    title={{An introduction to statistical learning: with applications in R}},
    author={Gareth, James and Daniela, Witten and Trevor, Hastie and Robert, Tibshirani},
    year={2021},
    publisher={Springer}
}

@article{faraggi_1995_neural,
  author = {David Faraggi and Richard Simon},
  title = {{A Neural Network Model for Survival Data}},
  journal = {Statistics in Medicine},
  year = {1995},
  volume = {14},
  pages = {73--82}
}

@article{Kjaeldgaard2021,
  author = {Anne-Lene Kj{\ae}ldgaard and Katrine Pilely and Karsten S Olsen and Anders H Jessen and Anne {\O} Lauritsen and others},
  title = {{Prediction of survival in amyotrophic lateral sclerosis: a nationwide, Danish cohort study}},
  journal = {BMC Neurology},
  volume = {21},
  number = {1},
  pages = {164},
  year = {2021},
}

@article{kaplan_nonparametric_1958,
  title = {{Nonparametric Estimation from Incomplete Observations}},
  volume = {53},
  number = {282},
  journal = {Journal of the American Statistical Association},
  author = {Edwin L Kaplan and Paul Meier},
  year = {1958},
  pages = {457--481},
}

@article{haider_effective_2020,
  author  = {Humza Haider and Bret Hoehn and Sarah Davis and Russell Greiner},
  title   = {{Effective Ways to Build and Evaluate Individual Survival Distributions}},
  journal = {Journal of Machine Learning Research},
  year    = {2020},
  volume  = {21},
  number  = {1},
  pages   = {1--63},
}

@inproceedings{Paszke2019,
  author = {Paszke, Adam and Gross, Sam and Massa, Francisco and Lerer, Adam and Bradbury, James and others},
  booktitle = {Advances in Neural Information Processing Systems},
  pages = {8026--8037},
  title = {{PyTorch: An Imperative Style, High-Performance Deep Learning Library}},
  volume = {32},
  year = {2019}
}

@misc{KingBa15,
  title = {{Adam: A Method for Stochastic Optimization}}, 
  author = {Diederik P Kingma and Jimmy Ba},
  year = {2017},
  eprint = {1412.6980},
  archivePrefix = {arXiv},
  primaryClass = {cs.LG},
  url = {https://arxiv.org/abs/1412.6980}, 
}

@article{Sklar1959,
author    = {Abe Sklar},
title     = {{Fonctions de répartition à n dimensions et leurs marges}},
journal   = {Publications de l’Institut Statistique de l’Université de Paris},
volume    = {8},
pages     = {229--231},
year      = {1959},
}

@article{Moradian2019,
author    = {Hoora Moradian, Denis Larocque and François Bellavance},
title     = {{Survival Forests for Data with Dependent Censoring}},
journal   = {Statistical Methods in Medical Research},
volume    = {28},
number    = {2},
pages     = {445--461},
year      = {2019},
}

@article{Emura2016,
author    = {Takeshi Emura and Yi-Hau Chen},
title     = {{Gene Selection for Survival Data Under Dependent Censoring: A Copula-Based Approach}},
journal   = {Statistical Methods in Medical Research},
volume    = {25},
number    = {6},
pages     = {2840--2857},
year      = {2016}
}

@article{Emura2017,
author    = {Takeshi Emura and Hirofumi Michimae},
title     = {{A Copula-Based Inference to Piecewise Exponential Models Under Dependent Censoring, with Application to Time to Metamorphosis of Salamander Larvae}},
journal   = {Environmental and Ecological Statistics},
volume    = {24},
number    = {1},
pages     = {151--173},
year      = {2017}
}

@article{Zheng1995,
author    = {Ming Zheng and John P Klein},
title     = {{Estimates of Marginal Survival for Dependent Competing Risks Based on an Assumed Copula}},
journal   = {Biometrika},
volume    = {82},
number    = {1},
pages     = {127--138},
year      = {1995},
}

@article{Tsiatis1975,
author    = {Anastasios Tsiatis},
title     = {{A Nonidentifiability Aspect of the Problem of Competing Risks}},
journal   = {Proceedings of the National Academy of Sciences of the United States of America},
volume    = {72},
number    = {1},
pages     = {20--22},
year      = {1975},
}

@book{Emura2018,
author    = {Takeshi Emura and Yi-Hau Chen},
title     = {{Analysis of Survival Data with Dependent Censoring: Copula-Based Approaches}},
publisher = {Springer},
year      = {2018}
}

@article{andersen_multi_2002,
title={{Multi-state models for event history analysis}},
author={Per K. Andersen and Niels Keiding},
journal={Statistical Methods in Medical Research},
volume={11},
number={2},
pages={91--115},
year={2002}
}

@article{lillelund_efficient_2024,
author={Lillelund, Christian M and Magris, Martin and Pedersen, Christian F},
journal={IEEE Journal of Biomedical and Health Informatics}, 
title={{Efficient Training of Probabilistic Neural Networks for Survival Analysis}}, 
year={2024},
pages={1-10},
}

@article{johnson_mimic_2023,
  author    = {Alistair E W Johnson and Lucas Bulgarelli and Lu Shen and Alvin Gayles and Ayad Shammout and others},
  title     = {{MIMIC-IV, a freely accessible electronic health record dataset}},
  journal   = {Scientific Data},
  volume    = {10},
  number    = {1},
  pages     = {1},
  year      = {2023},
  date      = {2023},
}

@article{ries_cancer_2003,
title    = {{Cancer survival and incidence from the Surveillance, Epidemiology, and End Results (SEER) program}},
author = {Lynn A Gloeckler Ries and Marsha E Reichman and Denise Riedel Lewis and Benjamin F Hankey and Brenda K Edwards},
journal  = "Oncologist",
volume   =  8,
number   =  6,
pages    = "541--552",
year     =  2003,
}

@inproceedings{qi_survivaleval_2024,
title={{SurvivalEVAL: A Comprehensive Open-Source Python Package for Evaluating Individual Survival Distributions}},
author={Qi, Shi-ang and Sun, Weijie and Greiner, Russell},
booktitle={Proceedings of the 2023 AAAI Fall Symposia},
volume  = {2},
issue  = {1},
year={2023},
pages={453--457}
}

@article{ishwaran_random_2008,
title = {{Random Survival Forests}},
volume = {2},
number = {3},
journal = {The Annals of Applied Statistics},
author = {Hemant Ishwaran and Udaya B Kogalur and Eugene H Blackstone and Michael S Lauer},
year = {2008},
pages = {841--860},
}

@inproceedings{qi_effective_2023,
author = {Qi, Shi-ang and Neeraj Kumar and Mahtab Farrokh and Weijie Sun and Kuan, {Li Hao} and others},
title = {{An Effective Meaningful Way to Evaluate Survival Models}},
year = {2023},
booktitle = {Proceedings of the 40th International Conference on Machine Learning},
pages = {28244-28276},
volume = {202}
}

@inproceedings{NIPS2011_1019c809,
author = {Yu, Chun-Nam and Greiner, Russell and Lin, Hsiu-Chin and Baracos, Vickie},
booktitle = {Advances in Neural Information Processing Systems},
pages = {1845-–1853},
title = {{Learning Patient-Specific Cancer Survival Distributions as a Sequence of Dependent Regressors}},
volume = {24},
year = {2011}
}

@article{Harrell1982,
author = {Harrell Jr, Frank E and Califf, Robert M and Pryor, David B and Lee, Kerry L and Rosati, Robert A},
title = {{Evaluating the Yield of Medical Tests}},
journal = {JAMA},
volume = {247},
number = {18},
pages = {2543--2546},
year = {1982},
}

@article{katzman_deepsurv_2018,
title = {{DeepSurv: personalized treatment recommender system using a Cox proportional hazards deep neural network}},
volume = {18},
number = {1},
pages={1--12},
journal = {BMC Medical Research Methodology},
author = {Katzman, Jared and Shaham, Uri and Bates, Jonathan and Cloninger, Alexander and Jiang, Tingting and others},
year = {2018},
}

@article{breslow_analysis_1975,
title={{Analysis of survival data under the proportional hazards model}},
author={Breslow, Norman E},
journal={International Statistical Review},
pages={45--57},
year={1975},
}

@article{cox_regression_1972,
title={{Regression models and life-tables}},
author={Cox, David R},
journal={Journal of the Royal Statistical Society: Series B (Methodological)},
volume={34},
number={2},
pages={187--202},
year={1972},
}

@book{Hosmer2008,
author    = {David W Hosmer and Stanley Lemeshow and Susanne May},
title     = {{Applied Survival Analysis: Regression Modeling of Time-to-Event Data}},
year      = {2008},
publisher = {John Wiley \& Sons, Inc.},
}

@inproceedings{foomani_copula-based_2023,
author = {Ali HG Foomani and Michael Cooper and Russell Greiner and Rahul G Krishnan},
title = {{Copula-based deep survival models for dependent censoring}},
year = {2023},
booktitle = {Proceedings of the 39th Conference on Uncertainty in Artificial Intelligence},
pages = {669--680},
volume = {216}
}

@article{simon_regularization_2011,
title = {Regularization {Paths} for {Cox}'s {Proportional} {Hazards} {Model} via {Coordinate} {Descent}},
volume = {39},
number = {5},
journal = {Journal of Statistical Software},
author = {Simon, Noah and Friedman, Jerome and Hastie, Trevor and Tibshirani, Rob},
year = {2011},
}

@InProceedings{gupta2022extensive,
title = 	 {{An Extensive Data Processing Pipeline for MIMIC-IV}},
author =       {Gupta, Mehak and Gallamoza, Brennan and Cutrona, Nicolas and Dhakal, Pranjal and Poulain, Raphael and Beheshti, Rahmatollah},
booktitle = 	 {Proceedings of the 2nd Machine Learning for Health symposium},
pages = 	 {311--325},
year = 	 {2022},
volume = 	 {193},
}

@book{simon2003design,
title={{Design and analysis of DNA microarray investigations}},
author = {Richard M Simon and Edward L Korn and Lisa M McShane and Michael D Radmacher and George W Wright and Yingdong Zhao},
volume={209},
year={2003},
publisher={Springer}
}

@article{qi2022personalized,
title={{Personalized breast cancer onset prediction from lifestyle and health history information}},
author={Qi, Shi-ang and Kumar, Neeraj and Xu, Jian-Yi and Patel, Jaykumar and Damaraju, Sambasivarao and Shen-Tu, Grace and Greiner, Russell},
journal={Plos one},
volume={17},
number={12},
pages={e0279174},
year={2022},
}

@article{graf1999assessment,
title={{Assessment and comparison of prognostic classification schemes for survival data}},
author={Graf, Erika and Schmoor, Claudia and Sauerbrei, Willi and Schumacher, Martin},
journal={Statistics in medicine},
volume={18},
number={17-18},
pages={2529--2545},
year={1999},
}

@article{Davidson-Pilon2019,
year = {2019},
volume = {4},
number = {40},
pages = {1317},
author = {Cameron Davidson-Pilon},
title = {{lifelines: survival analysis in Python}},
journal = {Journal of Open Source Software}
}

@article{de2011mstate,
title={{mstate: An R Package for the Analysis of Competing Risks and Multi-State Models}},
author={de Wreede, Liesbeth C and Fiocco, Marta and Putter, Hein},
journal={Journal of Statistical Software},
volume={38},
number={7},
pages={1--30},
year={2011}
}

@article{Rossman2022, 
year = {2022},
author = {Hagai Rossman and Ayya Keshet and Malka Gorfine},
title = {{PyMSM: Python package for Competing Risks and Multi-State models for Survival Data}},
journal = {Journal of Open Source Software},
volume = {7},
number = {78},
pages = {4566}
}

@book{klein2006survival,
  title={{Survival analysis: techniques for censored and truncated data}},
  author={Klein, John P and Moeschberger, Melvin L},
  year={2006},
  publisher={Springer Science \& Business Media}
}

@article{prentice1979hazard,
  title={{Hazard rate models with covariates}},
  author={Prentice, Ross L and Kalbfleisch, John D},
  journal={Biometrics},
  pages={25--39},
  year={1979},
  publisher={JSTOR}
}

@article{Curtis2012,
  author    = {Christina Curtis and Sohrab P Shah and Suet-Feung Chin and Gulisa Turashvili and Oscar M Rueda and others},
  title     = {{The genomic and transcriptomic architecture of 2,000 breast tumours reveals novel subgroups}},
  journal   = {Nature},
  volume    = {486},
  number    = {7403},
  pages     = {346--352},
  year      = {2012},
  date      = {2012},
}

@article{Foekens1992,
  author       = {JA Foekens and M Schmitt and WL van Putten and HA Peters and M Bontenbal and others},
  title        = {{Prognostic Value of Urokinase-Type Plasminogen Activator in 671 Primary Breast Cancer Patients}},
  journal      = {Cancer Research},
  year         = {1992},
  volume       = {52},
  number       = {21},
  pages        = {6101--6105}
}

@article{Schumacher1994,
  author    = {M Schumacher and G Bastert and H Bojar and K Hübner and M Olschewski and others},
  title     = {{Randomized 2 x 2 trial evaluating hormonal treatment and the duration of chemotherapy in node-positive breast cancer patients}},
  journal   = {Journal of Clinical Oncology},
  volume    = {12},
  number    = {10},
  pages     = {2086--2093},
  year      = {1994},
}

@inproceedings{qi2024conformalized,
  title = 	 {Conformalized Survival Distributions: A Generic Post-Process to Increase Calibration},
  author =       {Qi, Shi-ang and Yu, Yakun and Greiner, Russell},
  booktitle = 	 {Proceedings of the 41st International Conference on Machine Learning},
  pages = 	 {41303--41339},
  year = 	 {2024},
  volume = 	 {235},
  month = 	 {21--27 Jul},
  publisher =    {PMLR},
}

@article{clayton1978model,
  author = {David G Clayton},
  title = {{A model for association in bivariate life tables and its application in epidemiological studies of familial tendency in chronic disease incidence}},
  journal = {Biometrika},
  year = {1978},
  volume = {65},
  number = {1},
  pages = {141--151}
}

@article{frank1979simultaneous,
  author = {Maurice J Frank},
  title = {{On the simultaneous associativity off $(x, y)$ and $x + y - f(x, y)$}},
  journal = {Aequationes Mathematicae},
  year = {1979},
  volume = {19},
  number = {1},
  pages = {194--226}
}

@article{Zhang2011,
  author    = {Danfang Zhang and Eva-Maria E Hedlund and Sharon Lim and Fang Chen and Yin Zhang and others},
  title     = {{Antiangiogenic agents significantly improve survival in tumor-bearing mice by increasing tolerance to chemotherapy-induced toxicity}},
  journal   = {Proceedings of the National Academy of Sciences},
  volume    = {108},
  number    = {10},
  pages     = {4117--4122},
  year      = {2011},
}

@article{robins2000ipcw,
  author = {Robins, James M and Finkelstein, Dianne M},
  title = {{Correcting for Noncompliance and Dependent Censoring in an AIDS Clinical Trial with Inverse Probability of Censoring Weighted (IPCW) Log-Rank Tests}},
  journal = {Biometrics},
  volume = {56},
  number = {3},
  pages = {779-788},
  year = {2000},
}

@book{kleinbaum2012survival,
    edition = {1},
    title = {{Survival Analysis: A Self-Learning Text}},
    series = {Statistics for Biology and Health},
    publisher = {Springer New York},
    author = {Kleinbaum, David G and Klein, Mitchel},
    year = {2012},
}

@article{Brier1950,
  author    = {Glenn W Brier},
  title     = {{Verification of forecasts expressed in terms of probability}},
  journal   = {Monthly Weather Review},
  year      = {1950},
  volume    = {78},
  number    = {1},
  pages     = {1--3}
}

@article{uno2011,
	title = {{On the {C}-statistics for evaluating overall adequacy of risk prediction procedures with censored survival data}},
	volume = {30},
	number = {10},
	journal = {Statistics in Medicine},
	author = {Uno, Hajime and Cai, Tianxi and Pencina, Michael J and D'Agostino, Ralph B and Wei, LJ},
	year = {2011},
	pages = {1105--1117},
}

@article{Rivest2001,
  author    = {LP Rivest and MT Wells},
  title     = {{A martingale approach to the copula-graphic estimator for the survival function under dependent censoring}},
  journal   = {Journal of Multivariate Analysis},
  year      = {2001},
  volume    = {79},
  pages     = {138--155}
}

@article{Genest1986,
  author    = {C Genest and J MacKay},
  title     = {{The joy of copulas: bivariate distributions with uniform marginals}},
  journal   = {The American Statistician},
  year      = {1986},
  volume    = {40},
  number    = {4},
  pages     = {280--283}
}

@article{Breiman2001,
  author    = {Leo Breiman},
  title     = {{Random Forests}},
  journal   = {Machine Learning},
  year      = {2001},
  volume    = {45},
  number    = {1},
  pages     = {5--32},
}

@book{Nelsen2006,
  author = {Roger B Nelsen},
  title = {{An Introduction to Copulas}},
  edition={2},
  publisher = {Springer Science \& Business Media},
  year = {2006}
}

@article{harrell1996multivariable,
  title={{Multivariable prognostic models: issues in developing models, evaluating assumptions and adequacy, and measuring and reducing errors}},
  author={Harrell Jr, Frank E and Lee, Kerry L and Mark, Daniel B},
  journal={Statistics in medicine},
  volume={15},
  number={4},
  pages={361--387},
  year={1996},
  publisher={Wiley Online Library}
}

@article{gerds2006consistent,
  title={{Consistent estimation of the expected Brier score in general survival models with right-censored event times}},
  author={Gerds, Thomas A and Schumacher, Martin},
  journal={Biometrical Journal},
  volume={48},
  number={6},
  pages={1029--1040},
  year={2006},
  publisher={Wiley Online Library}
}

@article{campigotto2014impact,
  title={{Impact of informative censoring on the Kaplan-Meier estimate of progression-free survival in phase II clinical trials}},
  author={Campigotto, Federico and Weller, Edie},
  journal={Journal of Clinical Oncology},
  volume={32},
  number={27},
  pages={3068--3074},
  year={2014},
  publisher={American Society of Clinical Oncology}
}

@article{hartman2023pitfalls,
  title={{Pitfalls of the concordance index for survival outcomes}},
  author={Hartman, Nicholas and Kim, Sehee and He, Kevin and Kalbfleisch, John D},
  journal={Statistics in medicine},
  volume={42},
  number={13},
  pages={2179--2190},
  year={2023},
  publisher={Wiley Online Library}
}

@article{vock2016adapting,
  title={{Adapting machine learning techniques to censored time-to-event health record data: A general-purpose approach using inverse probability of censoring weighting}},
  author={Vock, David M and Wolfson, Julian and Bandyopadhyay, Sunayan and Adomavicius, Gediminas and Johnson, Paul E and others},
  journal={Journal of biomedical informatics},
  volume={61},
  pages={119--131},
  year={2016},
  publisher={Elsevier}
}

@article{cheng1995analysis,
  title={{Analysis of transformation models with censored data}},
  author={Cheng, SC. and Wei, LJ and Ying, Z},
  journal={Biometrika},
  volume={82},
  number={4},
  pages={835--845},
  year={1995},
  doi={10.1093/biomet/82.4.835}
}

@book{ries2007seer,
  author    = {Ries LAG and Young JL and Keel GE and Eisner MP and Lin YD and others},
  title     = {{SEER Survival Monograph: Cancer Survival Among Adults: U.S. SEER Program, 1988-2001, Patient and Tumor Characteristics}},
  publisher = {National Cancer Institute, SEER Program},
  year      = {2007},
}

@inproceedings{parikh2022validating,
  author    = {Harsh Parikh and Carlos Varjao and Louise Xu and Eric Tchetgen Tchetgen},
  title     = {{Validating Causal Inference Methods}},
  booktitle = {International Conference on Machine Learning},
  pages     = {17346--17358},
  year      = {2022}
}

@inproceedings{mahajan2024empirical,
    title={{Empirical Analysis of Model Selection for Heterogeneous Causal Effect Estimation}},
    author={Divyat Mahajan and Ioannis Mitliagkas and Brady Neal and Vasilis Syrgkanis},
    booktitle={The Twelfth International Conference on Learning Representations},
    year={2024},
    url={https://openreview.net/forum?id=yuy6cGt3KL}
}

@article{Bland1998,
  author = {Bland, JM and Altman, DG},
  title = {{Statistics notes: Survival probabilities (the Kaplan-Meier method)}},
  journal = {BMJ},
  year = {1998},
  volume = {317},
  pages = {1572--1572},
  doi = {10.1136/bmj.317.7172.1572}
}

@inproceedings{zhang2024deep,
  title={{Deep Copula-Based Survival Analysis for Dependent Censoring with Identifiability Guarantees}},
  author={Zhang, Weijia and Ling, Chun Kai and Zhang, Xuanhui},
  booktitle={Proceedings of the AAAI Conference on Artificial Intelligence},
  volume={38},
  pages={20613--20621},
  year={2024}
}

@article{liu2024hacsurv,
  title={{HACSurv: A Hierarchical Copula-based Approach for Survival Analysis with Dependent Competing Risks}},
  author={Liu, Xin and Zhang, Weijia and Zhang, Min-Ling},
  journal={arXiv preprint arXiv:2410.15180},
  year={2024}
}