@inproceedings{amiri2023fundamentals,
  title={Fundamentals of task-agnostic data valuation},
  author={Amiri, Mohammad Mohammadi and Berdoz, Frederic and Raskar, Ramesh},
  booktitle={Proceedings of the AAAI Conference on Artificial Intelligence},
  volume={37},
  number={8},
  pages={9226--9234},
  year={2023}
}

@article{bellman1957markovian,
  title={A Markovian decision process},
  author={Bellman, Richard},
  journal={Journal of mathematics and mechanics},
  pages={679--684},
  year={1957},
  publisher={JSTOR}
}

@article{bellman1966dynamic,
  title={Dynamic programming},
  author={Bellman, Richard},
  journal={science},
  volume={153},
  number={3731},
  pages={34--37},
  year={1966},
  publisher={American Association for the Advancement of Science}
}

@book{bertsekas2024course,
  title={A course in reinforcement learning},
  author={Bertsekas, Dimitri},
  year={2024},
  publisher={Athena Scientific}
}

@article{chi2024precedence,
  title={Precedence-Constrained Winter Value for Effective Graph Data Valuation},
  author={Chi, Hongliang and Jin, Wei and Aggarwal, Charu and Ma, Yao},
  journal={arXiv preprint arXiv:2402.01943},
  year={2024}
}

@article{de2004constraint,
  title={On constraint sampling in the linear programming approach to approximate dynamic programming},
  author={De Farias, Daniela Pucci and Van Roy, Benjamin},
  journal={Mathematics of operations research},
  volume={29},
  number={3},
  pages={462--478},
  year={2004},
  publisher={INFORMS}
}

@article{gabillon2013approximate,
  title={Approximate dynamic programming finally performs well in the game of Tetris},
  author={Gabillon, Victor and Ghavamzadeh, Mohammad and Scherrer, Bruno},
  journal={Advances in neural information processing systems},
  volume={26},
  year={2013}
}

@article{garrido2023shapley,
  title={DU-Shapley: A Shapley Value Proxy for Efficient Dataset Valuation},
  author={Garrido-Lucero, Felipe and Heymann, Benjamin and Vono, Maxime and Loiseau, Patrick and Perchet, Vianney},
  journal={arXiv preprint arXiv:2306.02071},
  year={2023}
}

@inproceedings{ghorbani2019data,
  title={Data shapley: Equitable valuation of data for machine learning},
  author={Ghorbani, Amirata and Zou, James},
  booktitle={International conference on machine learning},
  pages={2242--2251},
  year={2019},
  organization={PMLR}
}

@inproceedings{hannah2011approximate,
  title={Approximate dynamic programming for storage problems},
  author={Hannah, Lauren and Dunson, David B},
  booktitle={Proceedings of the 28th International Conference on Machine Learning (ICML-11)},
  pages={337--344},
  year={2011},
  organization={Citeseer}
}

@article{jia2019efficient,
  title={Efficient task-specific data valuation for nearest neighbor algorithms},
  author={Jia, Ruoxi and Dao, David and Wang, Boxin and Hubis, Frances Ann and Gurel, Nezihe Merve and Li, Bo and Zhang, Ce and Spanos, Costas J and Song, Dawn},
  journal={arXiv preprint arXiv:1908.08619},
  year={2019}
}

@article{just2023lava,
  title={Lava: Data valuation without pre-specified learning algorithms},
  author={Just, Hoang Anh and Kang, Feiyang and Wang, Jiachen T and Zeng, Yi and Ko, Myeongseob and Jin, Ming and Jia, Ruoxi},
  journal={arXiv preprint arXiv:2305.00054},
  year={2023}
}

@article{kwon2021beta,
  title={Beta shapley: a unified and noise-reduced data valuation framework for machine learning},
  author={Kwon, Yongchan and Zou, James},
  journal={arXiv preprint arXiv:2110.14049},
  year={2021}
}

@article{mcmahan2024deterministic,
  title={Deterministic Policies for Constrained Reinforcement Learning in Polynomial-Time},
  author={McMahan, Jeremy},
  journal={arXiv preprint arXiv:2405.14183},
  year={2024}
}

@inproceedings{nohyun2022data,
  title={Data valuation without training of a model},
  author={Nohyun, Ki and Choi, Hoyong and Chung, Hye Won},
  booktitle={The Eleventh International Conference on Learning Representations},
  year={2022}
}

@inproceedings{perolat2015approximate,
  title={Approximate dynamic programming for two-player zero-sum Markov games},
  author={Perolat, Julien and Scherrer, Bruno and Piot, Bilal and Pietquin, Olivier},
  booktitle={International Conference on Machine Learning},
  pages={1321--1329},
  year={2015},
  organization={PMLR}
}

@article{petrik2012approximate,
  title={Approximate dynamic programming by minimizing distributionally robust bounds},
  author={Petrik, Marek},
  journal={arXiv preprint arXiv:1205.1782},
  year={2012}
}

@book{powell2007approximate,
  title={Approximate Dynamic Programming: Solving the curses of dimensionality},
  author={Powell, Warren B},
  volume={703},
  year={2007},
  publisher={John Wiley \& Sons}
}

@incollection{powell2014clearing,
  title={Clearing the jungle of stochastic optimization},
  author={Powell, Warren B},
  booktitle={Bridging data and decisions},
  pages={109--137},
  year={2014},
  publisher={Informs}
}

@article{powell2016perspectives,
  title={Perspectives of approximate dynamic programming},
  author={Powell, Warren B},
  journal={Annals of Operations Research},
  volume={241},
  pages={319--356},
  year={2016},
  publisher={Springer}
}

@article{rempel2021review,
  title={A review of approximate dynamic programming applications within military operations research},
  author={Rempel, M and Cai, J},
  journal={Operations Research Perspectives},
  volume={8},
  pages={100204},
  year={2021},
  publisher={Elsevier}
}

@article{roy2002approximate,
  title={Approximate linear programming for average-cost dynamic programming},
  author={Roy, Benjamin and Farias, Daniela},
  journal={Advances in neural information processing systems},
  volume={15},
  year={2002}
}

@article{schoch2022cs,
  title={CS-Shapley: Class-wise Shapley Values for Data Valuation in Classification},
  author={Schoch, Stephanie and Xu, Haifeng and Ji, Yangfeng},
  journal={Advances in Neural Information Processing Systems},
  volume={35},
  pages={34574--34585},
  year={2022}
}

@inproceedings{shetty2024generalized,
  title={Generalized Policy Iteration using Tensor Approximation for Hybrid Control},
  author={Shetty, Suhan and Xue, Teng and Calinon, Sylvain},
  booktitle={The Twelfth International Conference on Learning Representations},
  year={2024}
}

@inproceedings{tarun2024ecoval,
  title={EcoVal: An Efficient Data Valuation Framework for Machine Learning},
  author={Tarun, Ayush and Chundawat, Vikram and Mandal, Murari and Tan, Hong Ming and Chen, Bowei and Kankanhalli, Mohan},
  booktitle={Proceedings of the 30th ACM SIGKDD Conference on Knowledge Discovery and Data Mining},
  pages={2866--2875},
  year={2024}
}

@article{wang2021improving,
  title={Improving cooperative game theory-based data valuation via data utility learning},
  author={Wang, Tianhao and Yang, Yu and Jia, Ruoxi},
  journal={arXiv preprint arXiv:2107.06336},
  year={2021}
}

@inproceedings{wang2023data,
  title={Data banzhaf: A robust data valuation framework for machine learning},
  author={Wang, Jiachen T and Jia, Ruoxi},
  booktitle={International Conference on Artificial Intelligence and Statistics},
  pages={6388--6421},
  year={2023},
  organization={PMLR}
}

@misc{wang2024advancing,
  title = {Advancing Data Selection for Foundation Models: From Heuristics to Principled Methods},
  author = {Wang, Jiachen (Tianhao) and Schmidt, Ludwig and Jia, Ruoxi},
  howpublished = {Tutorial presented at the 38th Conference on Neural Information Processing Systems (NeurIPS 2024)},
  month = {December},
  year = {2024},
  note = {Available at \url{https://neurips.cc/virtual/2024/tutorial/99530}}
}

@inproceedings{wu2022davinz,
  title={Davinz: Data valuation using deep neural networks at initialization},
  author={Wu, Zhaoxuan and Shu, Yao and Low, Bryan Kian Hsiang},
  booktitle={International Conference on Machine Learning},
  pages={24150--24176},
  year={2022},
  organization={PMLR}
}

@article{xia2024p,
  title={P-Shapley: Shapley Values on Probabilistic Classifiers},
  author={Xia, Haocheng and Li, Xiang and Pang, Junyuan and Liu, Jinfei and Ren, Kui and Xiong, Li},
  journal={Proceedings of the VLDB Endowment},
  volume={17},
  number={7},
  pages={1737--1750},
  year={2024},
  publisher={VLDB Endowment}
}

@inproceedings{yan2021if,
  title={If you like shapley then youâ€™ll love the core},
  author={Yan, Tom and Procaccia, Ariel D},
  booktitle={Proceedings of the AAAI Conference on Artificial Intelligence},
  volume={35},
  number={6},
  pages={5751--5759},
  year={2021}
}

@inproceedings{yoon2020data,
  title={Data valuation using reinforcement learning},
  author={Yoon, Jinsung and Arik, Sercan and Pfister, Tomas},
  booktitle={International Conference on Machine Learning},
  pages={10842--10851},
  year={2020},
  organization={PMLR}
}

