@article{winter1989value,
  title={A value for cooperative games with levels structure of cooperation},
  author={Winter, Eyal},
  journal={International Journal of Game Theory},
  volume={18},
  pages={227--240},
  year={1989},
  publisher={Springer}
}


@article{faigle1992shapley,
  title={The Shapley value for cooperative games under precedence constraints},
  author={Faigle, Ulrich and Kern, Walter},
  journal={International Journal of Game Theory},
  volume={21},
  pages={249--266},
  year={1992},
  publisher={Springer}
}

@article{fiestras2016precedence,
  title={A precedence constraint value revisited},
  author={Fiestras-Janeiro, MG and S{\'a}nchez-Rodr{\'\i}guez, E and Schuster, M},
  journal={Top},
  volume={24},
  number={1},
  pages={156--179},
  year={2016},
  publisher={Springer}
}

@article{shapley1953value,
  title={A value for n-person games},
  author={Shapley, Lloyd S and others},
  year={1953},
  publisher={Princeton University Press Princeton}
}


@article{zhou2017machine,
  title={Machine learning on big data: Opportunities and challenges},
  author={Zhou, Lina and Pan, Shimei and Wang, Jianwu and Vasilakos, Athanasios V},
  journal={Neurocomputing},
  volume={237},
  pages={350--361},
  year={2017},
  publisher={Elsevier}
}

@inproceedings{sim2022data,
  title={Data valuation in machine learning:“ingredients”, strategies, and open challenges},
  author={Sim, Rachael Hwee Ling and Xu, Xinyi and Low, Bryan Kian Hsiang},
  booktitle={Proc. IJCAI},
  pages={5607--5614},
  year={2022}
}

@article{pei2020survey,
  title={A survey on data pricing: from economics to data science},
  author={Pei, Jian},
  journal={IEEE Transactions on knowledge and Data Engineering},
  volume={34},
  number={10},
  pages={4586--4608},
  year={2020},
  publisher={IEEE}
}

@inproceedings{ghorbani2019data,
  title={Data shapley: Equitable valuation of data for machine learning},
  author={Ghorbani, Amirata and Zou, James},
  booktitle={International conference on machine learning},
  pages={2242--2251},
  year={2019},
  organization={PMLR}
}

@inproceedings{wang2023data,
  title={Data banzhaf: A robust data valuation framework for machine learning},
  author={Wang, Jiachen T and Jia, Ruoxi},
  booktitle={International Conference on Artificial Intelligence and Statistics},
  pages={6388--6421},
  year={2023},
  organization={PMLR}
}

@article{kwon2021beta,
  title={Beta shapley: a unified and noise-reduced data valuation framework for machine learning},
  author={Kwon, Yongchan and Zou, James},
  journal={arXiv preprint arXiv:2110.14049},
  year={2021}
}

@article{chen2022aargnn,
  title={AARGNN: An attentive attributed recurrent graph neural network for traffic flow prediction considering multiple dynamic factors},
  author={Chen, Ling and Shao, Wei and Lv, Mingqi and Chen, Weiqi and Zhang, Youdong and Yang, Chenghu},
  journal={IEEE Transactions on Intelligent Transportation Systems},
  volume={23},
  number={10},
  pages={17201--17211},
  year={2022},
  publisher={IEEE}
}

@article{velivckovic2017graph,
  title={Graph attention networks},
  author={Veli{\v{c}}kovi{\'c}, Petar and Cucurull, Guillem and Casanova, Arantxa and Romero, Adriana and Lio, Pietro and Bengio, Yoshua},
  journal={arXiv preprint arXiv:1710.10903},
  year={2017}
}


@inproceedings{wu2019simplifying,
  title={Simplifying graph convolutional networks},
  author={Wu, Felix and Souza, Amauri and Zhang, Tianyi and Fifty, Christopher and Yu, Tao and Weinberger, Kilian},
  booktitle={ICML},
  year={2019},
  organization={PMLR}
}


@article{kipf2016semi,
  title={Semi-supervised classification with graph convolutional networks},
  author={Kipf, Thomas N and Welling, Max},
  journal={arXiv preprint arXiv:1609.02907},
  year={2016}
}


@article{sen2008collective,
  title={Collective classification in network data},
  author={Sen, Prithviraj and Namata, Galileo and Bilgic, Mustafa and Getoor, Lise and Galligher, Brian and Eliassi-Rad, Tina},
  journal={AI magazine},
  volume={29},
  number={3},
  pages={93--93},
  year={2008}
}


@article{shchur2018pitfalls,
  title={Pitfalls of graph neural network evaluation},
  author={Shchur, Oleksandr and Mumme, Maximilian and Bojchevski, Aleksandar and G{\"u}nnemann, Stephan},
  journal={arXiv preprint arXiv:1811.05868},
  year={2018}
}

@inproceedings{wang2020traffic,
  title={Traffic flow prediction via spatial temporal graph neural network},
  author={Wang, Xiaoyang and Ma, Yao and Wang, Yiqi and Jin, Wei and Wang, Xin and Tang, Jiliang and Jia, Caiyan and Yu, Jian},
  booktitle={Proceedings of the web conference 2020},
  pages={1082--1092},
  year={2020}
}


@inproceedings{li2021spatial,
  title={Spatial-temporal fusion graph neural networks for traffic flow forecasting},
  author={Li, Mengzhang and Zhu, Zhanxing},
  booktitle={Proceedings of the AAAI conference on artificial intelligence},
  volume={35},
  number={5},
  pages={4189--4196},
  year={2021}
}

@article{li2023dynamic,
  title={Dynamic graph convolutional recurrent network for traffic prediction: Benchmark and solution},
  author={Li, Fuxian and Feng, Jie and Yan, Huan and Jin, Guangyin and Yang, Fan and Sun, Funing and Jin, Depeng and Li, Yong},
  journal={ACM Transactions on Knowledge Discovery from Data},
  volume={17},
  number={1},
  pages={1--21},
  year={2023},
  publisher={ACM New York, NY}
}


@article{hamilton2017inductive,
  title={Inductive representation learning on large graphs},
  author={Hamilton, Will and Ying, Zhitao and Leskovec, Jure},
  journal={Advances in neural information processing systems},
  volume={30},
  year={2017}
}

@inproceedings{fan2019graph,
  title={Graph neural networks for social recommendation},
  author={Fan, Wenqi and Ma, Yao and Li, Qing and He, Yuan and Zhao, Eric and Tang, Jiliang and Yin, Dawei},
  booktitle={The world wide web conference},
  pages={417--426},
  year={2019}
}

@article{wu2020diffnet++,
  title={Diffnet++: A neural influence and interest diffusion network for social recommendation},
  author={Wu, Le and Li, Junwei and Sun, Peijie and Hong, Richang and Ge, Yong and Wang, Meng},
  journal={IEEE Transactions on Knowledge and Data Engineering},
  volume={34},
  number={10},
  pages={4753--4766},
  year={2020},
  publisher={IEEE}
}

@article{zhang2021graph,
  title={Graph-less neural networks: Teaching old mlps new tricks via distillation},
  author={Zhang, Shichang and Liu, Yozen and Sun, Yizhou and Shah, Neil},
  journal={arXiv preprint arXiv:2110.08727},
  year={2021}
}



@article{wang2022data,
  title={Data banzhaf: A data valuation framework with maximal robustness to learning stochasticity},
  author={Wang, Tianhao and Jia, Ruoxi},
  journal={arXiv preprint arXiv:2205.15466},
  year={2022}
}


@inproceedings{yan2021if,
  title={If you like shapley then you’ll love the core},
  author={Yan, Tom and Procaccia, Ariel D},
  booktitle={Proceedings of the AAAI Conference on Artificial Intelligence},
  volume={35},
  number={6},
  pages={5751--5759},
  year={2021}
}

@inproceedings{yoon2020data,
  title={Data valuation using reinforcement learning},
  author={Yoon, Jinsung and Arik, Sercan and Pfister, Tomas},
  booktitle={International Conference on Machine Learning},
  pages={10842--10851},
  year={2020},
  organization={PMLR}
}

@article{schoch2022cs,
  title={CS-Shapley: Class-wise Shapley Values for Data Valuation in Classification},
  author={Schoch, Stephanie and Xu, Haifeng and Ji, Yangfeng},
  journal={Advances in Neural Information Processing Systems},
  volume={35},
  pages={34574--34585},
  year={2022}
}

@article{jia2019efficient,
  title={Efficient task-specific data valuation for nearest neighbor algorithms},
  author={Jia, Ruoxi and Dao, David and Wang, Boxin and Hubis, Frances Ann and Gurel, Nezihe Merve and Li, Bo and Zhang, Ce and Spanos, Costas J and Song, Dawn},
  journal={arXiv preprint arXiv:1908.08619},
  year={2019}
}

@article{kwon2023data,
  title={Data-OOB: Out-of-bag Estimate as a Simple and Efficient Data Value},
  author={Kwon, Yongchan and Zou, James},
  journal={arXiv preprint arXiv:2304.07718},
  year={2023}
}

@article{gasteiger2018predict,
  title={Predict then propagate: Graph neural networks meet personalized pagerank},
  author={Gasteiger, Johannes and Bojchevski, Aleksandar and G{\"u}nnemann, Stephan},
  journal={arXiv preprint arXiv:1810.05997},
  year={2018}
}

@article{xu2018powerful,
  title={How powerful are graph neural networks?},
  author={Xu, Keyulu and Hu, Weihua and Leskovec, Jure and Jegelka, Stefanie},
  journal={arXiv preprint arXiv:1810.00826},
  year={2018}
}

@article{just2023lava,
  title={Lava: Data valuation without pre-specified learning algorithms},
  author={Just, Hoang Anh and Kang, Feiyang and Wang, Jiachen T and Zeng, Yi and Ko, Myeongseob and Jin, Ming and Jia, Ruoxi},
  journal={arXiv preprint arXiv:2305.00054},
  year={2023}
}

@inproceedings{nohyun2022data,
  title={Data valuation without training of a model},
  author={Nohyun, Ki and Choi, Hoyong and Chung, Hye Won},
  booktitle={The Eleventh International Conference on Learning Representations},
  year={2022}
}


@article{bruna2013spectral,
  title={Spectral networks and locally connected networks on graphs},
  author={Bruna, Joan and Zaremba, Wojciech and Szlam, Arthur and LeCun, Yann},
  journal={arXiv preprint arXiv:1312.6203},
  year={2013}
}



@article{jegelka2022theory,
  title={Theory of graph neural networks: Representation and learning},
  author={Jegelka, Stefanie},
  journal={arXiv preprint arXiv:2204.07697},
  year={2022}
}



@inproceedings{chen2020measuring,
  title={Measuring and relieving the over-smoothing problem for graph neural networks from the topological view},
  author={Chen, Deli and Lin, Yankai and Li, Wei and Li, Peng and Zhou, Jie and Sun, Xu},
  booktitle={Proceedings of the AAAI conference on artificial intelligence},
  volume={34},
  number={04},
  pages={3438--3445},
  year={2020}
}


@inproceedings{jia2019towards,
  title={Towards efficient data valuation based on the shapley value},
  author={Jia, Ruoxi and Dao, David and Wang, Boxin and Hubis, Frances Ann and Hynes, Nick and G{\"u}rel, Nezihe Merve and Li, Bo and Zhang, Ce and Song, Dawn and Spanos, Costas J},
  booktitle={The 22nd International Conference on Artificial Intelligence and Statistics},
  pages={1167--1176},
  year={2019},
  organization={PMLR}
}


@inproceedings{chiang2019cluster,
  title={Cluster-gcn: An efficient algorithm for training deep and large graph convolutional networks},
  author={Chiang, Wei-Lin and Liu, Xuanqing and Si, Si and Li, Yang and Bengio, Samy and Hsieh, Cho-Jui},
  booktitle={Proceedings of the 25th ACM SIGKDD international conference on knowledge discovery \& data mining},
  pages={257--266},
  year={2019}
}


@article{zeng2019graphsaint,
  title={Graphsaint: Graph sampling based inductive learning method},
  author={Zeng, Hanqing and Zhou, Hongkuan and Srivastava, Ajitesh and Kannan, Rajgopal and Prasanna, Viktor},
  journal={arXiv preprint arXiv:1907.04931},
  year={2019}
}

@article{chantreuil2001axiomatics,
  title={Axiomatics of level structure values},
  author={Chantreuil, Fr{\'e}d{\'e}ric},
  journal={Power Indices and Coalition Formation},
  pages={45--62},
  year={2001},
  publisher={Springer}
}


@inproceedings{owen1977values,
  title={Values of games with a priori unions},
  author={Owen, Guilliermo},
  booktitle={Mathematical economics and game theory: Essays in honor of Oskar Morgenstern},
  pages={76--88},
  year={1977},
  organization={Springer}
}

@inproceedings{d2023item,
  title={Item Graph Convolution Collaborative Filtering for Inductive Recommendations},
  author={D’Amico, Edoardo and Muhammad, Khalil and Tragos, Elias and Smyth, Barry and Hurley, Neil and Lawlor, Aonghus},
  booktitle={European Conference on Information Retrieval},
  pages={249--263},
  year={2023},
  organization={Springer}
}

@article{van2022inductive,
  title={Inductive graph representation learning for fraud detection},
  author={Van Belle, Rafa{\"e}l and Van Damme, Charles and Tytgat, Hendrik and De Weerdt, Jochen},
  journal={Expert Systems with Applications},
  volume={193},
  pages={116463},
  year={2022},
  publisher={Elsevier}
}

@article{jendal2022simple,
  title={Simple and Powerful Architecture for Inductive Recommendation Using Knowledge Graph Convolutions},
  author={Jendal, Theis E and Lissandrini, Matteo and Dolog, Peter and Hose, Katja},
  journal={arXiv preprint arXiv:2209.04185},
  year={2022}
}

@article{zhang2021graph,
  title={Graph-less neural networks: Teaching old mlps new tricks via distillation},
  author={Zhang, Shichang and Liu, Yozen and Sun, Yizhou and Shah, Neil},
  journal={arXiv preprint arXiv:2110.08727},
  year={2021}
}

@inproceedings{fan2019deep,
  title={Deep social collaborative filtering},
  author={Fan, Wenqi and Ma, Yao and Yin, Dawei and Wang, Jianping and Tang, Jiliang and Li, Qing},
  booktitle={Proceedings of the 13th ACM RecSys},
  year={2019}
}

@article{shahsavari2015short,
  title={Short-term traffic forecasting: Modeling and learning spatio-temporal relations in transportation networks using graph neural networks},
  author={Shahsavari, Behrooz and Abbeel, Pieter},
  journal={University of California at Berkeley, Technical Report No. UCB/EECS-2015-243},
  year={2015}
}


@article{kearnes2016molecular,
  title={Molecular graph convolutions: moving beyond fingerprints},
  author={Kearnes, Steven and McCloskey, Kevin and Berndl, Marc and Pande, Vijay and Riley, Patrick},
  journal={Journal of computer-aided molecular design},
  volume={30},
  number={8},
  year={2016},
  publisher={Springer}
}


@article{wang2024rethinking,
  title={Rethinking Data Shapley for Data Selection Tasks: Misleads and Merits},
  author={Wang, Jiachen T and Yang, Tianji and Zou, James and Kwon, Yongchan and Jia, Ruoxi},
  journal={arXiv preprint arXiv:2405.03875},
  year={2024}
}

@article{bai2024assortment,
  title={Assortment optimization under the multi-purchase multinomial logit choice model},
  author={Bai, Yicheng and Feldman, Jacob and Segev, Danny and Topaloglu, Huseyin and Wagner, Laura},
  journal={Operations Research},
  volume={72},
  number={6},
  pages={2631--2664},
  year={2024},
  publisher={INFORMS}
}

@article{elmachtoub2022smart,
  title={Smart “predict, then optimize”},
  author={Elmachtoub, Adam N and Grigas, Paul},
  journal={Management Science},
  volume={68},
  number={1},
  pages={9--26},
  year={2022},
  publisher={INFORMS}
}


@incollection{powell2021reinforcement,
  title={From reinforcement learning to optimal control: A unified framework for sequential decisions},
  author={Powell, Warren B},
  booktitle={Handbook of Reinforcement Learning and Control},
  pages={29--74},
  year={2021},
  publisher={Springer}
}

@article{howard1960dynamic,
  title={Dynamic Programming and Markov Processes},
  author={Howard, Ronald A},
  journal={MIT Press google schola},
  volume={2},
  pages={39--47},
  year={1960}
}

@article{balkanski2016power,
  title={The power of optimization from samples},
  author={Balkanski, Eric and Rubinstein, Aviad and Singer, Yaron},
  journal={Advances in Neural Information Processing Systems},
  volume={29},
  year={2016}
}

@inproceedings{lifaster,
  title={Faster Approximation of Probabilistic and Distributional Values via Least Squares},
  author={Li, Weida and Yu, Yaoliang},
  booktitle={The Twelfth International Conference on Learning Representations}
}


@article{banzhaf1964weighted,
  title={Weighted voting doesn't work: A mathematical analysis},
  author={Banzhaf III, John F},
  journal={Rutgers L. Rev.},
  volume={19},
  pages={317},
  year={1964},
  publisher={HeinOnline}
}


@article{schmeidler1969nucleolus,
  title={The nucleolus of a characteristic function game},
  author={Schmeidler, David},
  journal={SIAM Journal on applied mathematics},
  volume={17},
  number={6},
  pages={1163--1170},
  year={1969},
  publisher={SIAM}
}

@book{powell2007approximate,
  title={Approximate Dynamic Programming: Solving the curses of dimensionality},
  author={Powell, Warren B},
  volume={703},
  year={2007},
  publisher={John Wiley \& Sons}
}

@book{bertsekas2024course,
  title={A course in reinforcement learning},
  author={Bertsekas, Dimitri},
  year={2024},
  publisher={Athena Scientific}
}


@inproceedings{
li2024faster,
title={Faster Approximation of Probabilistic and Distributional Values via Least Squares},
author={Weida Li and Yaoliang Yu},
booktitle={The Twelfth International Conference on Learning Representations},
year={2024},
url={https://openreview.net/forum?id=lvSMIsztka}
}

@article{bellman1966dynamic,
  title={Dynamic programming},
  author={Bellman, Richard},
  journal={science},
  volume={153},
  number={3731},
  pages={34--37},
  year={1966},
  publisher={American Association for the Advancement of Science}
}

@article{powell2016perspectives,
  title={Perspectives of approximate dynamic programming},
  author={Powell, Warren B},
  journal={Annals of Operations Research},
  volume={241},
  pages={319--356},
  year={2016},
  publisher={Springer}
}

@book{bertsekas2019reinforcement,
  title={Reinforcement learning and optimal control},
  author={Bertsekas, Dimitri},
  volume={1},
  year={2019},
  publisher={Athena Scientific}
}

@article{rempel2021review,
  title={A review of approximate dynamic programming applications within military operations research},
  author={Rempel, M and Cai, J},
  journal={Operations Research Perspectives},
  volume={8},
  pages={100204},
  year={2021},
  publisher={Elsevier}
}



@article{schmidhuber2015deep,
  title={Deep learning in neural networks: An overview},
  author={Schmidhuber, J{\"u}rgen},
  journal={Neural networks},
  volume={61},
  pages={85--117},
  year={2015},
  publisher={Elsevier}
}

@article{l2017machine,
  title={Machine learning with big data: Challenges and approaches},
  author={L’heureux, Alexandra and Grolinger, Katarina and Elyamany, Hany F and Capretz, Miriam AM},
  journal={Ieee Access},
  volume={5},
  pages={7776--7797},
  year={2017},
  publisher={Ieee}
}

@article{hatcher2018survey,
  title={A survey of deep learning: Platforms, applications and emerging research trends},
  author={Hatcher, William Grant and Yu, Wei},
  journal={IEEE access},
  volume={6},
  pages={24411--24432},
  year={2018},
  publisher={IEEE}
}

@article{lee2004approximate,
  title={Approximate dynamic programming strategies and their applicability for process control: A review and future directions},
  author={Lee, Jong-Min and Lee, Jay H},
  journal={International Journal of Control, Automation, and Systems},
  volume={2},
  number={3},
  pages={263--278},
  year={2004},
  publisher={Institute of Control, Robotics and Systems}
}


@article{lecun2015deep,
  title={Deep learning},
  author={LeCun, Yann and Bengio, Yoshua and Hinton, Geoffrey},
  journal={nature},
  volume={521},
  number={7553},
  pages={436--444},
  year={2015},
  publisher={Nature Publishing Group UK London}
}


@inproceedings{tarun2024ecoval,
  title={EcoVal: An Efficient Data Valuation Framework for Machine Learning},
  author={Tarun, Ayush and Chundawat, Vikram and Mandal, Murari and Tan, Hong Ming and Chen, Bowei and Kankanhalli, Mohan},
  booktitle={Proceedings of the 30th ACM SIGKDD Conference on Knowledge Discovery and Data Mining},
  pages={2866--2875},
  year={2024}
}


@article{schoch2023data,
  title={Data selection for fine-tuning large language models using transferred shapley values},
  author={Schoch, Stephanie and Mishra, Ritwick and Ji, Yangfeng},
  journal={arXiv preprint arXiv:2306.10165},
  year={2023}
}

@article{powell2009you,
  title={What you should know about approximate dynamic programming},
  author={Powell, Warren B},
  journal={Naval Research Logistics (NRL)},
  volume={56},
  number={3},
  pages={239--249},
  year={2009},
  publisher={Wiley Online Library}
}


@article{bertsekas1996neuro,
  title={Neuro-dynamic programming},
  author={Bertsekas, DP},
  journal={Athena Scientific},
  year={1996}
}


@article{huh2022optimal,
  title={Optimal pricing under multiple-discrete customer choices and diminishing return of consumption},
  author={Huh, Woonghee Tim and Li, Hongmin},
  journal={Operations Research},
  volume={70},
  number={2},
  pages={905--917},
  year={2022},
  publisher={INFORMS}
}

@article{jiang2023opendataval,
  title={Opendataval: a unified benchmark for data valuation},
  author={Jiang, Kevin and Liang, Weixin and Zou, James Y and Kwon, Yongchan},
  journal={Advances in Neural Information Processing Systems},
  volume={36},
  year={2023}
}

@inproceedings{gama2004learning,
  title={Learning with drift detection},
  author={Gama, Joao and Medas, Pedro and Castillo, Gladys and Rodrigues, Pedro},
  booktitle={Advances in Artificial Intelligence--SBIA 2004: 17th Brazilian Symposium on Artificial Intelligence, Sao Luis, Maranhao, Brazil, September 29-Ocotber 1, 2004. Proceedings 17},
  pages={286--295},
  year={2004},
  organization={Springer}
}

@article{feurer2021openml,
  title={Openml-python: an extensible python api for openml},
  author={Feurer, Matthias and Van Rijn, Jan N and Kadra, Arlind and Gijsbers, Pieter and Mallik, Neeratyoy and Ravi, Sahithya and M{\"u}ller, Andreas and Vanschoren, Joaquin and Hutter, Frank},
  journal={Journal of Machine Learning Research},
  volume={22},
  number={100},
  pages={1--5},
  year={2021}
}

@article{roe2005boosted,
  title={Boosted decision trees as an alternative to artificial neural networks for particle identification},
  author={Roe, Byron P and Yang, Hai-Jun and Zhu, Ji and Liu, Yong and Stancu, Ion and McGregor, Gordon},
  journal={Nuclear Instruments and Methods in Physics Research Section A: Accelerators, Spectrometers, Detectors and Associated Equipment},
  volume={543},
  number={2-3},
  pages={577--584},
  year={2005},
  publisher={Elsevier}
}

@inproceedings{candillier2012design,
  title={Design and analysis of the nomao challenge active learning in the real-world},
  author={Candillier, Laurent and Lemaire, Vincent},
  booktitle={Proceedings of the ALRA: active learning in real-world applications, workshop ECML-PKDD},
  pages={1--15},
  year={2012},
  organization={Citeseer}
}

@inproceedings{greene2006practical,
  title={Practical solutions to the problem of diagonal dominance in kernel document clustering},
  author={Greene, Derek and Cunningham, P{\'a}draig},
  booktitle={Proceedings of the 23rd international conference on Machine learning},
  pages={377--384},
  year={2006}
}

@article{alex2009learning,
  title={Learning multiple layers of features from tiny images},
  author={Alex, Krizhevsky},
  journal={https://www. cs. toronto. edu/kriz/learning-features-2009-TR. pdf},
  year={2009}
}

@article{chi2024precedence,
  title={Precedence-Constrained Winter Value for Effective Graph Data Valuation},
  author={Chi, Hongliang and Jin, Wei and Aggarwal, Charu and Ma, Yao},
  journal={arXiv preprint arXiv:2402.01943},
  year={2024}
}


@article{li2024robust,
  title={Robust data valuation with weighted banzhaf values},
  author={Li, Weida and Yu, Yaoliang},
  journal={Advances in Neural Information Processing Systems},
  volume={36},
  year={2024}
}

@article{wang2021improving,
  title={Improving cooperative game theory-based data valuation via data utility learning},
  author={Wang, Tianhao and Yang, Yu and Jia, Ruoxi},
  journal={arXiv preprint arXiv:2107.06336},
  year={2021}
}

@article{garrido2023shapley,
  title={DU-Shapley: A Shapley Value Proxy for Efficient Dataset Valuation},
  author={Garrido-Lucero, Felipe and Heymann, Benjamin and Vono, Maxime and Loiseau, Patrick and Perchet, Vianney},
  journal={arXiv preprint arXiv:2306.02071},
  year={2023}
}

@article{xia2024p,
  title={P-Shapley: Shapley Values on Probabilistic Classifiers},
  author={Xia, Haocheng and Li, Xiang and Pang, Junyuan and Liu, Jinfei and Ren, Kui and Xiong, Li},
  journal={Proceedings of the VLDB Endowment},
  volume={17},
  number={7},
  pages={1737--1750},
  year={2024},
  publisher={VLDB Endowment}
}

@inproceedings{amiri2023fundamentals,
  title={Fundamentals of task-agnostic data valuation},
  author={Amiri, Mohammad Mohammadi and Berdoz, Frederic and Raskar, Ramesh},
  booktitle={Proceedings of the AAAI Conference on Artificial Intelligence},
  volume={37},
  number={8},
  pages={9226--9234},
  year={2023}
}

@inproceedings{wu2022davinz,
  title={Davinz: Data valuation using deep neural networks at initialization},
  author={Wu, Zhaoxuan and Shu, Yao and Low, Bryan Kian Hsiang},
  booktitle={International Conference on Machine Learning},
  pages={24150--24176},
  year={2022},
  organization={PMLR}
}

@article{bellman1957markovian,
  title={A Markovian decision process},
  author={Bellman, Richard},
  journal={Journal of mathematics and mechanics},
  pages={679--684},
  year={1957},
  publisher={JSTOR}
}

@article{roy2002approximate,
  title={Approximate linear programming for average-cost dynamic programming},
  author={Roy, Benjamin and Farias, Daniela},
  journal={Advances in neural information processing systems},
  volume={15},
  year={2002}
}

@article{de2004constraint,
  title={On constraint sampling in the linear programming approach to approximate dynamic programming},
  author={De Farias, Daniela Pucci and Van Roy, Benjamin},
  journal={Mathematics of operations research},
  volume={29},
  number={3},
  pages={462--478},
  year={2004},
  publisher={INFORMS}
}

@incollection{powell2014clearing,
  title={Clearing the jungle of stochastic optimization},
  author={Powell, Warren B},
  booktitle={Bridging data and decisions},
  pages={109--137},
  year={2014},
  publisher={Informs}
}

@inproceedings{hannah2011approximate,
  title={Approximate dynamic programming for storage problems},
  author={Hannah, Lauren and Dunson, David B},
  booktitle={Proceedings of the 28th International Conference on Machine Learning (ICML-11)},
  pages={337--344},
  year={2011},
  organization={Citeseer}
}

@article{petrik2012approximate,
  title={Approximate dynamic programming by minimizing distributionally robust bounds},
  author={Petrik, Marek},
  journal={arXiv preprint arXiv:1205.1782},
  year={2012}
}

@article{gabillon2013approximate,
  title={Approximate dynamic programming finally performs well in the game of Tetris},
  author={Gabillon, Victor and Ghavamzadeh, Mohammad and Scherrer, Bruno},
  journal={Advances in neural information processing systems},
  volume={26},
  year={2013}
}

@inproceedings{perolat2015approximate,
  title={Approximate dynamic programming for two-player zero-sum Markov games},
  author={Perolat, Julien and Scherrer, Bruno and Piot, Bilal and Pietquin, Olivier},
  booktitle={International Conference on Machine Learning},
  pages={1321--1329},
  year={2015},
  organization={PMLR}
}

@inproceedings{shetty2024generalized,
  title={Generalized Policy Iteration using Tensor Approximation for Hybrid Control},
  author={Shetty, Suhan and Xue, Teng and Calinon, Sylvain},
  booktitle={The Twelfth International Conference on Learning Representations},
  year={2024}
}

@article{mcmahan2024deterministic,
  title={Deterministic Policies for Constrained Reinforcement Learning in Polynomial-Time},
  author={McMahan, Jeremy},
  journal={arXiv preprint arXiv:2405.14183},
  year={2024}
}

@misc{wang2024advancing,
  title = {Advancing Data Selection for Foundation Models: From Heuristics to Principled Methods},
  author = {Wang, Jiachen (Tianhao) and Schmidt, Ludwig and Jia, Ruoxi},
  howpublished = {Tutorial presented at the 38th Conference on Neural Information Processing Systems (NeurIPS 2024)},
  month = {December},
  year = {2024},
  note = {Available at \url{https://neurips.cc/virtual/2024/tutorial/99530}}
}


@article{xu1992methods,
  title={Methods of combining multiple classifiers and their applications to handwriting recognition},
  author={Xu, Lei and Krzyzak, Adam and Suen, Ching Y},
  journal={IEEE transactions on systems, man, and cybernetics},
  volume={22},
  number={3},
  pages={418--435},
  year={1992},
  publisher={IEEE}
}

@data{DVN/42MVDX_2017,
author = {MIT Election Data and Science Lab},
publisher = {Harvard Dataverse},
title = {{U.S. President 1976–2020}},
UNF = {UNF:6:F0opd1IRbeYI9QyVfzglUw==},
year = {2017},
version = {V8},
doi = {10.7910/DVN/42MVDX},
url = {https://doi.org/10.7910/DVN/42MVDX}
}

@inproceedings{koh2017understanding,
  title={Understanding black-box predictions via influence functions},
  author={Koh, Pang Wei and Liang, Percy},
  booktitle={International conference on machine learning},
  pages={1885--1894},
  year={2017},
  organization={PMLR}
}

@inproceedings{lin2022measuring,
  title={Measuring the effect of training data on deep learning predictions via randomized experiments},
  author={Lin, Jinkun and Zhang, Anqi and L{\'e}cuyer, Mathias and Li, Jinyang and Panda, Aurojit and Sen, Siddhartha},
  booktitle={International Conference on Machine Learning},
  pages={13468--13504},
  year={2022},
  organization={PMLR}
}

