@inproceedings{bau2019seeing,
  title={Seeing what a GAN cannot generate}, 
  author={Bau, David and Zhu, Jun-Yan and Wulff, Jonas and Peebles, William and Strobelt, Hendrik and Zhou, Bolei and Torralba, Antonio},
  booktitle={Proceedings of the IEEE/CVF International Conference on Computer Vision}, 
  pages={4502--4511},
  year={2019},
}

@article{creswell2018generative,
  title={Generative adversarial networks: An overview},
  author={Creswell, Antonia and White, Tom and Dumoulin, Vincent and Arulkumaran, Kai and Sengupta, Biswa and Bharath, Anil A},
  journal={IEEE signal processing magazine},
  volume={35},
  number={1},
  pages={53--65},
  year={2018},
  publisher={IEEE},
}

@article{croitoru2023diffusion,
  title={Diffusion models in vision: A survey},
  author={Croitoru, Florinel-Alin and Hondru, Vlad and Ionescu, Radu Tudor and Shah, Mubarak},
  journal={IEEE Transactions on Pattern Analysis and Machine Intelligence},
  volume={45},
  number={9},
  pages={10850--10869},
  year={2023},
  publisher={IEEE},
}

@inproceedings{esser2021taming,
  title={Taming transformers for high-resolution image synthesis},
  author={Esser, Patrick and Rombach, Robin and Ommer, Bjorn},
  booktitle={Proceedings of the IEEE/CVF Conference on Computer Vision and Pattern Recognition}, 
  pages={12873--12883},
  year={2021},
}

@article{fan2022tr,
  title={TR-Gan: multi-session future MRI prediction with temporal recurrent generative adversarial Network},
  author={Fan, Chen-Chen and Peng, Liang and Wang, Tian and Yang, Hongjun and Zhou, Xiao-Hu and Ni, Zhen-Liang and Chen, Sheng and Zhou, Yan-Jie and Hou, Zeng-Guang and others},
  journal={IEEE Transactions on Medical Imaging},
  volume={41},
  number={8},
  pages={1925--1937},
  year={2022},
  publisher={IEEE},
}

@article{fan2024tr,
  title={TR-TransGAN: Temporal Recurrent Transformer Generative Adversarial Network for Longitudinal MRI Dataset Expansion},
  author={Fan, Chen-Chen and Yang, Hongjun and Peng, Liang and Zhou, Xiao-Hu and Chen, Sheng and Hou, Zeng-Guang},
  journal={IEEE Transactions on Cognitive and Developmental Systems},
  year={2024},
  pages={1--10},
  publisher={IEEE},
}

@article{ferreira2022gan,
  title={GAN-based generation of realistic 3D data: A systematic review and taxonomy},
  author={Ferreira, Andr{\'e} and Li, Jianning and Pomykala, Kelsey L and Kleesiek, Jens and Alves, Victor and Egger, Jan},
  journal={arXiv preprint arXiv:2207.01390},
  year={2022},
}

@article{ferreira2024gan,
  title={GAN-based generation of realistic 3D volumetric data: A systematic review and taxonomy},
  author={Ferreira, Andr{\'e} and Li, Jianning and Pomykala, Kelsey L and Kleesiek, Jens and Alves, Victor and Egger, Jan},
  journal={Medical Image Analysis},  
  pages={103100},
  year={2024},
  publisher={Elsevier},
}

@inproceedings{ge2022long,
  title={Long video generation with time-agnostic VQGAN and time-sensitive transformer}, 
  author={Ge, Songwei and Hayes, Thomas and Yang, Harry and Yin, Xi and Pang, Guan and Jacobs, David and Huang, Jia-Bin and Parikh, Devi},
  booktitle={European Conference on Computer Vision},
  pages={102--118},
  year={2022},
  organization={Springer},
}

@inproceedings{ho2020denoising,
  title={Denoising diffusion probabilistic models},
  author={Ho, Jonathan and Jain, Ajay and Abbeel, Pieter},
  booktitle={Advances in Neural Information Processing Systems},
  volume={33},
  pages={6840--6851},
  year={2020},
}

@article{ho2022imagen,
  title={Imagen video: High definition video generation with diffusion models},
  author={Ho, Jonathan and Chan, William and Saharia, Chitwan and Whang, Jay and Gao, Ruiqi and Gritsenko, Alexey and Kingma, Diederik P and Poole, Ben and Norouzi, Mohammad and Fleet, David J and others},
  journal={arXiv preprint arXiv:2210.02303},
  year={2022},
}

@article{kanaa2021simple,
  title={Simple video generation using neural ODEs}, 
  author={Kanaa, David and Voleti, Vikram and Kahou, Samira Ebrahimi and Pal, Christopher},
  journal={arXiv preprint arXiv:2109.03292},
  year={2021},
}

@article{kazerouni2023diffusion,
  title={Diffusion models in medical imaging: A comprehensive survey},
  author={Kazerouni, Amirhossein and Aghdam, Ehsan Khodapanah and Heidari, Moein and Azad, Reza and Fayyaz, Mohsen and Hacihaliloglu, Ilker and Merhof, Dorit},
  journal={Medical Image Analysis},
  volume={88},
  pages={102846},
  year={2023},
  publisher={Elsevier},
}

@article{khader2022medical,
  title={Medical Diffusion--Denoising Diffusion Probabilistic Models for 3D Medical Image Generation},
  author={Khader, Firas and Mueller-Franzes, Gustav and Arasteh, Soroosh Tayebi and Han, Tianyu and Haarburger, Christoph and Schulze-Hagen, Maximilian and Schad, Philipp and Engelhardt, Sandy and Baessler, Bettina and Foersch, Sebastian and others},
  journal={arXiv preprint arXiv:2211.03364},
  year={2022},
}

@inproceedings{khader2023transformers,
  title={Transformers for CT reconstruction from monoplanar and biplanar radiographs},
  author={Khader, Firas and M{\"u}ller-Franzes, Gustav and Han, Tianyu and Nebelung, Sven and Kuhl, Christiane and Stegmaier, Johannes and Truhn, Daniel},
  booktitle={International Workshop on Simulation and Synthesis in Medical Imaging},
  pages={1--10},
  year={2023},
  organization={Springer},
}

@article{kim2021longitudinal,
  title={Longitudinal brain MR image modeling using personalized memory for Alzheimer’s disease},
  author={Kim, Seong Tae and K{\"u}{\c{c}}{\"u}kaslan, Umut and Navab, Nassir},
  journal={IEEE Access},
  volume={9},
  pages={143212--143221},
  year={2021},
  publisher={IEEE},
}

@article{kingma2013auto,
  title={Auto-encoding variational Bayes},  
  author={Kingma, Diederik P and Welling, Max},
  journal={arXiv preprint arXiv:1312.6114},
  year={2013},
}

@inproceedings{le2021ccvs,
  title={CCVS: Context-aware controllable video synthesis},  
  author={Le Moing, Guillaume and Ponce, Jean and Schmid, Cordelia},
  booktitle={Advances in Neural Information Processing Systems}, 
  volume={34},
  pages={14042--14055},
  year={2021},
}

@article{li2022hi,
  title={Hi-BEHRT: Hierarchical Transformer-based model for accurate prediction of clinical events using multimodal longitudinal electronic health records},
  author={Li, Yikuan and Mamouei, Mohammad and Salimi-Khorshidi, Gholamreza and Rao, Shishir and Hassaine, Abdelaali and Canoy, Dexter and Lukasiewicz, Thomas and Rahimi, Kazem},
  journal={IEEE Journal of Biomedical and Health Informatics},
  volume={27},
  number={2},
  pages={1106--1117},
  year={2022},
  publisher={IEEE},
}

@article{liu20243d,
  title={3D brain and heart volume generative models: A survey},
  author={Liu, Yanbin and Dwivedi, Girish and Boussaid, Farid and Bennamoun, Mohammed},
  journal={ACM Computing Surveys},
  volume={56},
  number={6},
  pages={1--37},
  year={2024},
  publisher={ACM New York, NY},
}

@article{lorenzi2015disentangling,
  title={Disentangling normal aging from Alzheimer's disease in structural magnetic resonance images},
  author={Lorenzi, Marco and Pennec, Xavier and Frisoni, Giovanni B and Ayache, Nicholas and Alzheimer's Disease Neuroimaging Initiative and others},
  journal={Neurobiology of Aging},
  volume={36},
  pages={S42--S52},
  year={2015},
  publisher={Elsevier},
}

@article{marti2023mc,
  title={MC-RVAE: Multi-channel recurrent variational autoencoder for multimodal Alzheimer’s disease progression modelling},
  author={Mart{\'\i}-Juan, Gerard and Lorenzi, Marco and Piella, Gemma and Alzheimer’s Disease Neuroimaging Initiative and others},
  journal={NeuroImage},
  volume={268},
  pages={119892},
  year={2023},
  publisher={Elsevier},
}

@inproceedings{park2021vid,
  title={Vid-ODE: Continuous-time video generation with neural ordinary differential equation},
  author={Park, Sunghyun and Kim, Kangyeol and Lee, Junsoo and Choo, Jaegul and Lee, Joonseok and Kim, Sookyung and Choi, Edward},
  booktitle={Proceedings of the AAAI Conference on Artificial Intelligence},
  volume={35},
  number={3},
  pages={2412--2422},
  year={2021},
}

@article{ravi2022degenerative,
  title={Degenerative adversarial neuroimage nets for brain scan simulations: Application in ageing and dementia},
  author={Ravi, Daniele and Blumberg, Stefano B and Ingala, Silvia and Barkhof, Frederik and Alexander, Daniel C and Oxtoby, Neil P and Alzheimer’s Disease Neuroimaging Initiative and others},
  journal={Medical Image Analysis},
  volume={75},
  pages={102257},
  year={2022},
  publisher={Elsevier},
}

@inproceedings{razavi2019generating,
  title={Generating diverse high-fidelity images with VQ-VAE-2}, 
  author={Razavi, Ali and Van den Oord, Aaron and Vinyals, Oriol},
  booktitle={Advances in Neural Information Processing Systems},
  volume={32},
  year={2019},
}

@inproceedings{rubanova2019latent,
  title={Latent ordinary differential equations for irregularly-sampled time series},
  author={Rubanova, Yulia and Chen, Ricky TQ and Duvenaud, David K},
  booktitle={Advances in neural information processing systems},
  volume={32},
  year={2019},
}

@inproceedings{sauty2022progression,
  title={Progression models for imaging data with Longitudinal Variational Auto Encoders},
  author={Sauty, Beno{\^\i}t and Durrleman, Stanley},
  booktitle={International Conference on Medical image computing and computer-assisted intervention},
  pages={3--13},
  year={2022},
  organization={Springer},
}

@article{shen2020interfacegan,
  title={InterfaceGAN: Interpreting the disentangled face representation learned by GANs}, 
  author={Shen, Yujun and Yang, Ceyuan and Tang, Xiaoou and Zhou, Bolei},
  journal={IEEE Transactions on Pattern Analysis and Machine Intelligence}, 
  volume={44},
  number={4},
  pages={2004--2018},
  year={2020},
  publisher={IEEE},
}

@article{singh2021medical,
  title={Medical image generation using generative adversarial networks: A review},
  author={Singh, Nripendra Kumar and Raza, Khalid},
  journal={Health informatics: A computational perspective in healthcare},
  pages={77--96},
  year={2021},
  publisher={Springer},
}

@article{sivera2019model,
  title={A model of brain morphological changes related to aging and Alzheimer's disease from cross-sectional assessments},
  author={Sivera, Rapha{\"e}l and Delingette, Herv{\'e} and Lorenzi, Marco and Pennec, Xavier and Ayache, Nicholas and Alzheimer's Disease Neuroimaging Initiative and others},
  journal={NeuroImage},
  volume={198},
  pages={255--270},
  year={2019},
  publisher={Elsevier},
}

@article{sun2022hierarchical,
  title={Hierarchical amortized GAN for 3D high resolution medical image synthesis},
  author={Sun, Li and Chen, Junxiang and Xu, Yanwu and Gong, Mingming and Yu, Ke and Batmanghelich, Kayhan},
  journal={IEEE Journal of Biomedical and Health Informatics}, 
  volume={26},
  number={8},
  pages={3966--3975},
  year={2022},
  publisher={IEEE},
}

@article{tudosiu2020neuromorphologicaly,
  title={Neuromorphologically-preserving volumetric data encoding using VQ-VAE}, 
  author={Tudosiu, Petru-Daniel and Varsavsky, Thomas and Shaw, Richard and Graham, Mark and Nachev, Parashkev and Ourselin, Sebastien and Sudre, Carole H and Cardoso, M Jorge},
  journal={arXiv preprint arXiv:2002.05692},
  year={2020},
}

@inproceedings{uzunova2019multi,
  title={Multi-scale GANs for memory-efficient generation of high resolution medical images}, 
  author={Uzunova, Hristina and Ehrhardt, Jan and Jacob, Fabian and Frydrychowicz, Alex and Handels, Heinz},
  booktitle={International Conference on Medical Image Computing and Computer-Assisted Intervention}, 
  pages={112--120},
  year={2019},
  organization={Springer},
}

@inproceedings{van2017neural,
  title={Neural discrete representation learning},
  author={Van Den Oord, Aaron and Vinyals, Oriol and others},
  booktitle={Advances in neural information processing systems},
  volume={30},
  year={2017},
}

@inproceedings{voleti2022mcvd,
  title={MCVD-masked conditional video diffusion for prediction, generation, and interpolation},
  author={Voleti, Vikram and Jolicoeur-Martineau, Alexia and Pal, Chris},
  booktitle={Advances in Neural Information Processing Systems}, 
  volume={35},
  pages={23371--23385},
  year={2022},
  publisher={Curran Associates, Inc.},
}

@article{xia2022modelling,
  title={Modelling Latent Dynamics of StyleGAN using Neural ODEs},
  author={Xia, Weihao and Yang, Yujiu and Xue, Jing-Hao},
  journal={arXiv preprint arXiv:2208.11197},
  year={2022},
}

@article{yan2021videogpt,
  title={Videogpt: Video generation using VQ-VAE and transformers}, 
  author={Yan, Wilson and Zhang, Yunzhi and Abbeel, Pieter and Srinivas, Aravind},
  journal={arXiv preprint arXiv:2104.10157},
  year={2021},
}

