@article{villemagne2013amyloid,
  title={Amyloid {$\beta$} deposition, neurodegeneration, and cognitive decline in sporadic Alzheimer's disease: a prospective cohort study},
  author={Villemagne, Victor L and Burnham, Samantha and Bourgeat, Pierrick and Brown, Belinda and Ellis, Kathryn A and Salvado, Olivier and Szoeke, Cassandra and Macaulay, S Lance and Martins, Ralph and Maruff, Paul and others},
  journal={The Lancet Neurology},
  volume={12},
  number={4},
  pages={357--367},
  year={2013},
  publisher={Elsevier},
}

@article{jack2013brain,
  title={Brain {$\beta$}-amyloid load approaches a plateau},
  author={Jack, Clifford R and Wiste, Heather J and Lesnick, Timothy G and Weigand, Stephen D and Knopman, David S and Vemuri, Prashanthi and Pankratz, Vernon S and Senjem, Matthew L and Gunter, Jeffrey L and Mielke, Michelle M and others},
  journal={Neurology},
  volume={80},
  number={10},
  pages={890--896},
  year={2013},
  publisher={AAN Enterprises},
}

@inproceedings{oxtoby2014learning,
  title={Learning imaging biomarker trajectories from noisy Alzheimer’s disease data using a Bayesian multilevel model},
  author={Oxtoby, Neil P and Young, Alexandra L and Fox, Nick C and Alzheimer’s Disease Neuroimaging Initiative and Daga, Pankaj and Cash, David M and Ourselin, Sebastien and Schott, Jonathan M and Alexander, Daniel C},
  booktitle={Bayesian and grAphical Models for Biomedical Imaging: First International Workshop, BAMBI 2014, Cambridge, MA, USA, September 18, 2014, Revised Selected Papers},
  pages={85--94},
  year={2014},
  organization={Springer},
}

@article{jedynak2012computational,
  title={A computational neurodegenerative disease progression score: method and results with the Alzheimer's disease neuroimaging initiative cohort},
  author={Jedynak, Bruno M and Lang, Andrew and Liu, Bo and Katz, Elyse and Zhang, Yanwei and Wyman, Bradley T and Raunig, David and Jedynak, C Pierre and Caffo, Brian and Prince, Jerry L and others},
  journal={Neuroimage},
  volume={63},
  number={3},
  pages={1478--1486},
  year={2012},
  publisher={Elsevier},
}

@article{donohue2014estimating,
  title={Estimating long-term multivariate progression from short-term data},
  author={Donohue, Michael C and Jacqmin-Gadda, H{\'e}l{\`e}ne and Le Goff, M{\'e}lanie and Thomas, Ronald G and Raman, Rema and Gamst, Anthony C and Beckett, Laurel A and Jack Jr, Clifford R and Weiner, Michael W and Dartigues, Jean-Fran{\c{c}}ois and others},
  journal={Alzheimer's \& Dementia},
  volume={10},
  pages={S400--S410},
  year={2014},
  publisher={Wiley Online Library},
}

@inproceedings{couronne2021longitudinal,
  title={Longitudinal self-supervision to disentangle inter-patient variability from disease progression},
  author={Couronn{\'e}, Rapha{\"e}l and Vernhet, Paul and Durrleman, Stanley},
  booktitle={International Conference on Medical image computing and computer-assisted intervention},
  pages={231--241},
  year={2021},
  organization={Springer},
}

@inproceedings{sauty2022progression,
  title={Progression models for imaging data with Longitudinal Variational Auto Encoders},
  author={Sauty, Beno{\^\i}t and Durrleman, Stanley},
  booktitle={International Conference on Medical image computing and computer-assisted intervention},
  pages={3--13},
  year={2022},
  organization={Springer},
}

@article{kim2021longitudinal,
  title={Longitudinal brain MR image modeling using personalized memory for Alzheimer’s disease},
  author={Kim, Seong Tae and K{\"u}{\c{c}}{\"u}kaslan, Umut and Navab, Nassir},
  journal={IEEE Access},
  volume={9},
  pages={143212--143221},
  year={2021},
  publisher={IEEE},
}

@article{marti2023mc,
  title={MC-RVAE: Multi-channel recurrent variational autoencoder for multimodal Alzheimer’s disease progression modelling},
  author={Mart{\'\i}-Juan, Gerard and Lorenzi, Marco and Piella, Gemma and Alzheimer’s Disease Neuroimaging Initiative and others},
  journal={NeuroImage},
  volume={268},
  pages={119892},
  year={2023},
  publisher={Elsevier},
}

@article{fan2022tr,
  title={TR-Gan: multi-session future MRI prediction with temporal recurrent generative adversarial Network},
  author={Fan, Chen-Chen and Peng, Liang and Wang, Tian and Yang, Hongjun and Zhou, Xiao-Hu and Ni, Zhen-Liang and Chen, Sheng and Zhou, Yan-Jie and Hou, Zeng-Guang and others},
  journal={IEEE Transactions on Medical Imaging},
  volume={41},
  number={8},
  pages={1925--1937},
  year={2022},
  publisher={IEEE},
}

@inproceedings{chen2018neural,
  title={Neural ordinary differential equations},
  author={Chen, Ricky TQ and Rubanova, Yulia and Bettencourt, Jesse and Duvenaud, David K},
  booktitle={Advances in neural information processing systems},
  volume={31},
  year={2018},
}

@article{creswell2018generative,
  title={Generative adversarial networks: An overview},
  author={Creswell, Antonia and White, Tom and Dumoulin, Vincent and Arulkumaran, Kai and Sengupta, Biswa and Bharath, Anil A},
  journal={IEEE signal processing magazine},
  volume={35},
  number={1},
  pages={53--65},
  year={2018},
  publisher={IEEE},
}

@article{kingma2013auto,
  title={Auto-encoding variational Bayes},  
  author={Kingma, Diederik P and Welling, Max},
  journal={arXiv preprint arXiv:1312.6114},
  year={2013},
}

@inproceedings{ho2020denoising,
  title={Denoising diffusion probabilistic models},
  author={Ho, Jonathan and Jain, Ajay and Abbeel, Pieter},
  booktitle={Advances in Neural Information Processing Systems},
  volume={33},
  pages={6840--6851},
  year={2020},
}

@article{ferreira2022gan,
  title={GAN-based generation of realistic 3D data: A systematic review and taxonomy},
  author={Ferreira, Andr{\'e} and Li, Jianning and Pomykala, Kelsey L and Kleesiek, Jens and Alves, Victor and Egger, Jan},
  journal={arXiv preprint arXiv:2207.01390},
  year={2022},
}

@article{singh2021medical,
  title={Medical image generation using generative adversarial networks: A review},
  author={Singh, Nripendra Kumar and Raza, Khalid},
  journal={Health informatics: A computational perspective in healthcare},
  pages={77--96},
  year={2021},
  publisher={Springer},
}

@article{sun2022hierarchical,
  title={Hierarchical amortized GAN for 3D high resolution medical image synthesis},
  author={Sun, Li and Chen, Junxiang and Xu, Yanwu and Gong, Mingming and Yu, Ke and Batmanghelich, Kayhan},
  journal={IEEE Journal of Biomedical and Health Informatics}, 
  volume={26},
  number={8},
  pages={3966--3975},
  year={2022},
  publisher={IEEE},
}

@inproceedings{uzunova2019multi,
  title={Multi-scale GANs for memory-efficient generation of high resolution medical images}, 
  author={Uzunova, Hristina and Ehrhardt, Jan and Jacob, Fabian and Frydrychowicz, Alex and Handels, Heinz},
  booktitle={International Conference on Medical Image Computing and Computer-Assisted Intervention}, 
  pages={112--120},
  year={2019},
  organization={Springer},
}

@article{ferreira2024gan,
  title={GAN-based generation of realistic 3D volumetric data: A systematic review and taxonomy},
  author={Ferreira, Andr{\'e} and Li, Jianning and Pomykala, Kelsey L and Kleesiek, Jens and Alves, Victor and Egger, Jan},
  journal={Medical Image Analysis},  
  pages={103100},
  year={2024},
  publisher={Elsevier},
}

@inproceedings{bau2019seeing,
  title={Seeing what a GAN cannot generate}, 
  author={Bau, David and Zhu, Jun-Yan and Wulff, Jonas and Peebles, William and Strobelt, Hendrik and Zhou, Bolei and Torralba, Antonio},
  booktitle={Proceedings of the IEEE/CVF International Conference on Computer Vision}, 
  pages={4502--4511},
  year={2019},
}

@article{shen2020interfacegan,
  title={InterfaceGAN: Interpreting the disentangled face representation learned by GANs}, 
  author={Shen, Yujun and Yang, Ceyuan and Tang, Xiaoou and Zhou, Bolei},
  journal={IEEE Transactions on Pattern Analysis and Machine Intelligence}, 
  volume={44},
  number={4},
  pages={2004--2018},
  year={2020},
  publisher={IEEE},
}

@inproceedings{razavi2019generating,
  title={Generating diverse high-fidelity images with VQ-VAE-2}, 
  author={Razavi, Ali and Van den Oord, Aaron and Vinyals, Oriol},
  booktitle={Advances in Neural Information Processing Systems},
  volume={32},
  year={2019},
}

@inproceedings{esser2021taming,
  title={Taming transformers for high-resolution image synthesis},
  author={Esser, Patrick and Rombach, Robin and Ommer, Bjorn},
  booktitle={Proceedings of the IEEE/CVF Conference on Computer Vision and Pattern Recognition}, 
  pages={12873--12883},
  year={2021},
}

@article{liu20243d,
  title={3D brain and heart volume generative models: A survey},
  author={Liu, Yanbin and Dwivedi, Girish and Boussaid, Farid and Bennamoun, Mohammed},
  journal={ACM Computing Surveys},
  volume={56},
  number={6},
  pages={1--37},
  year={2024},
  publisher={ACM New York, NY},
}

@article{tudosiu2020neuromorphologicaly,
  title={Neuromorphologically-preserving volumetric data encoding using VQ-VAE}, 
  author={Tudosiu, Petru-Daniel and Varsavsky, Thomas and Shaw, Richard and Graham, Mark and Nachev, Parashkev and Ourselin, Sebastien and Sudre, Carole H and Cardoso, M Jorge},
  journal={arXiv preprint arXiv:2002.05692},
  year={2020},
}

@inproceedings{khader2023transformers,
  title={Transformers for CT reconstruction from monoplanar and biplanar radiographs},
  author={Khader, Firas and M{\"u}ller-Franzes, Gustav and Han, Tianyu and Nebelung, Sven and Kuhl, Christiane and Stegmaier, Johannes and Truhn, Daniel},
  booktitle={International Workshop on Simulation and Synthesis in Medical Imaging},
  pages={1--10},
  year={2023},
  organization={Springer},
}

@article{croitoru2023diffusion,
  title={Diffusion models in vision: A survey},
  author={Croitoru, Florinel-Alin and Hondru, Vlad and Ionescu, Radu Tudor and Shah, Mubarak},
  journal={IEEE Transactions on Pattern Analysis and Machine Intelligence},
  volume={45},
  number={9},
  pages={10850--10869},
  year={2023},
  publisher={IEEE},
}

@article{kazerouni2023diffusion,
  title={Diffusion models in medical imaging: A comprehensive survey},
  author={Kazerouni, Amirhossein and Aghdam, Ehsan Khodapanah and Heidari, Moein and Azad, Reza and Fayyaz, Mohsen and Hacihaliloglu, Ilker and Merhof, Dorit},
  journal={Medical Image Analysis},
  volume={88},
  pages={102846},
  year={2023},
  publisher={Elsevier},
}

@article{khader2022medical,
  title={Medical Diffusion--Denoising Diffusion Probabilistic Models for 3D Medical Image Generation},
  author={Khader, Firas and Mueller-Franzes, Gustav and Arasteh, Soroosh Tayebi and Han, Tianyu and Haarburger, Christoph and Schulze-Hagen, Maximilian and Schad, Philipp and Engelhardt, Sandy and Baessler, Bettina and Foersch, Sebastian and others},
  journal={arXiv preprint arXiv:2211.03364},
  year={2022},
}

@article{li2022hi,
  title={Hi-BEHRT: Hierarchical Transformer-based model for accurate prediction of clinical events using multimodal longitudinal electronic health records},
  author={Li, Yikuan and Mamouei, Mohammad and Salimi-Khorshidi, Gholamreza and Rao, Shishir and Hassaine, Abdelaali and Canoy, Dexter and Lukasiewicz, Thomas and Rahimi, Kazem},
  journal={IEEE Journal of Biomedical and Health Informatics},
  volume={27},
  number={2},
  pages={1106--1117},
  year={2022},
  publisher={IEEE},
}

@article{yan2021videogpt,
  title={Videogpt: Video generation using VQ-VAE and transformers}, 
  author={Yan, Wilson and Zhang, Yunzhi and Abbeel, Pieter and Srinivas, Aravind},
  journal={arXiv preprint arXiv:2104.10157},
  year={2021},
}

@inproceedings{le2021ccvs,
  title={CCVS: Context-aware controllable video synthesis},  
  author={Le Moing, Guillaume and Ponce, Jean and Schmid, Cordelia},
  booktitle={Advances in Neural Information Processing Systems}, 
  volume={34},
  pages={14042--14055},
  year={2021},
}

@article{kanaa2021simple,
  title={Simple video generation using neural ODEs}, 
  author={Kanaa, David and Voleti, Vikram and Kahou, Samira Ebrahimi and Pal, Christopher},
  journal={arXiv preprint arXiv:2109.03292},
  year={2021},
}

@inproceedings{park2021vid,
  title={Vid-ODE: Continuous-time video generation with neural ordinary differential equation},
  author={Park, Sunghyun and Kim, Kangyeol and Lee, Junsoo and Choo, Jaegul and Lee, Joonseok and Kim, Sookyung and Choi, Edward},
  booktitle={Proceedings of the AAAI Conference on Artificial Intelligence},
  volume={35},
  number={3},
  pages={2412--2422},
  year={2021},
}

@article{xia2022modelling,
  title={Modelling Latent Dynamics of StyleGAN using Neural ODEs},
  author={Xia, Weihao and Yang, Yujiu and Xue, Jing-Hao},
  journal={arXiv preprint arXiv:2208.11197},
  year={2022},
}

@article{lorenzi2015disentangling,
  title={Disentangling normal aging from Alzheimer's disease in structural magnetic resonance images},
  author={Lorenzi, Marco and Pennec, Xavier and Frisoni, Giovanni B and Ayache, Nicholas and Alzheimer's Disease Neuroimaging Initiative and others},
  journal={Neurobiology of Aging},
  volume={36},
  pages={S42--S52},
  year={2015},
  publisher={Elsevier},
}

@article{sivera2019model,
  title={A model of brain morphological changes related to aging and Alzheimer's disease from cross-sectional assessments},
  author={Sivera, Rapha{\"e}l and Delingette, Herv{\'e} and Lorenzi, Marco and Pennec, Xavier and Ayache, Nicholas and Alzheimer's Disease Neuroimaging Initiative and others},
  journal={NeuroImage},
  volume={198},
  pages={255--270},
  year={2019},
  publisher={Elsevier},
}

@article{ravi2022degenerative,
  title={Degenerative adversarial neuroimage nets for brain scan simulations: Application in ageing and dementia},
  author={Ravi, Daniele and Blumberg, Stefano B and Ingala, Silvia and Barkhof, Frederik and Alexander, Daniel C and Oxtoby, Neil P and Alzheimer’s Disease Neuroimaging Initiative and others},
  journal={Medical Image Analysis},
  volume={75},
  pages={102257},
  year={2022},
  publisher={Elsevier},
}

@article{fan2024tr,
  title={TR-TransGAN: Temporal Recurrent Transformer Generative Adversarial Network for Longitudinal MRI Dataset Expansion},
  author={Fan, Chen-Chen and Yang, Hongjun and Peng, Liang and Zhou, Xiao-Hu and Chen, Sheng and Hou, Zeng-Guang},
  journal={IEEE Transactions on Cognitive and Developmental Systems},
  year={2024},
  pages={1--10},
  publisher={IEEE},
}

@inproceedings{ronneberger2015u,
  title={U-Net: Convolutional networks for biomedical image segmentation},
  author={Ronneberger, Olaf and Fischer, Philipp and Brox, Thomas},
  booktitle={International Conference on Medical Image Computing and Computer-Assisted Intervention},
  pages={234--241},
  year={2015},
  organization={Springer},
}

@article{hofmanninger2020automatic,
  title={Automatic lung segmentation in routine imaging is primarily a data diversity problem, not a methodology problem},
  author={Hofmanninger, Johannes and Prayer, Forian and Pan, Jeanny and R{\"o}hrich, Sebastian and Prosch, Helmut and Langs, Georg},
  journal={European Radiology Experimental},
  volume={4},
  number={1},
  pages={1--13},
  year={2020},
  publisher={SpringerOpen},
}

@article{hering2022learn2reg,
  title={Learn2Reg: Comprehensive multi-task medical image registration challenge, dataset and evaluation in the era of deep learning},
  author={Hering, Alessa and Hansen, Lasse and Mok, Tony CW and Chung, Albert CS and Siebert, Hanna and H{\"a}ger, Stephanie and Lange, Annkristin and Kuckertz, Sven and Heldmann, Stefan and Shao, Wei and others},
  journal={IEEE Transactions on Medical Imaging},
  volume={42},
  number={3},
  pages={697--712},
  year={2022},
  publisher={IEEE},
}

@article{hansen2021graphregnet,
  title={GraphRegNet: Deep graph regularisation networks on sparse keypoints for dense registration of 3D lung CTs},
  author={Hansen, Lasse and Heinrich, Mattias P},
  journal={IEEE Transactions on Medical Imaging},
  volume={40},
  number={9},
  pages={2246--2257},
  year={2021},
  publisher={IEEE},
}

@inproceedings{heinrich2015estimating,
  title={Estimating large lung motion in COPD patients by symmetric regularised correspondence fields},
  author={Heinrich, Mattias P and Handels, Heinz and Simpson, Ivor JA},
  booktitle={International Conference on Medical Image Computing and Computer-Assisted Intervention},
  pages={338--345},
  year={2015},
  organization={Springer},
}

@inproceedings{forstner1987fast,
  title={A fast operator for detection and precise location of distinct points, corners and centres of circular features},
  author={F{\"o}rstner, Wolfgang and G{\"u}lch, Eberhard},
  booktitle={Proc. ISPRS intercommission conference on fast processing of photogrammetric data},
  volume={6},
  pages={281--305},
  year={1987},
}

@article{bengio2013estimating,
  title={Estimating or propagating gradients through stochastic neurons for conditional computation},
  author={Bengio, Yoshua and L{\'e}onard, Nicholas and Courville, Aaron},
  journal={arXiv preprint arXiv:1308.3432},
  year={2013},
}

@inproceedings{van2017neural,
  title={Neural discrete representation learning},
  author={Van Den Oord, Aaron and Vinyals, Oriol and others},
  booktitle={Advances in neural information processing systems},
  volume={30},
  year={2017},
}

@inproceedings{zhang2018unreasonable,
  title={The unreasonable effectiveness of deep features as a perceptual metric},
  author={Zhang, Richard and Isola, Phillip and Efros, Alexei A and Shechtman, Eli and Wang, Oliver},
  booktitle={Proceedings of the IEEE conference on computer vision and pattern recognition},
  pages={586--595},
  year={2018},
}

@article{simonyan2014very,
  title={Very deep convolutional networks for large-scale image recognition},
  author={Simonyan, Karen and Zisserman, Andrew},
  journal={arXiv preprint arXiv:1409.1556},
  year={2014},
}

@article{ballas2015delving,
  title={Delving deeper into convolutional networks for learning video representations},
  author={Ballas, Nicolas and Yao, Li and Pal, Chris and Courville, Aaron},
  journal={arXiv preprint arXiv:1511.06432},
  year={2015},
}

@article{sun2023convgru,
  title={ConvGRU-RMWP: A Regional Multi-Step Model for Wave Height Prediction},
  author={Sun, Youjun and Zhang, Huajun and Hu, Shulin and Shi, Jun and Geng, Jianning and Su, Yixin},
  journal={Mathematics},
  volume={11},
  number={9},
  pages={2013},
  year={2023},
  publisher={MDPI},
}

@inproceedings{rubanova2019latent,
  title={Latent ordinary differential equations for irregularly-sampled time series},
  author={Rubanova, Yulia and Chen, Ricky TQ and Duvenaud, David K},
  booktitle={Advances in neural information processing systems},
  volume={32},
  year={2019},
}

@article{joseph2022optimal,
  title={Optimal ratio for data splitting},
  author={Joseph, V Roshan},
  journal={Statistical Analysis and Data Mining: The ASA Data Science Journal},
  volume={15},
  number={4},
  pages={531--538},
  year={2022},
  publisher={Wiley Online Library},
}

@article{kingma2014adam,
  title={Adam: A method for stochastic optimization},
  author={Kingma, Diederik P and Ba, Jimmy},
  journal={arXiv preprint arXiv:1412.6980},
  year={2014},
}

@article{loshchilov2017decoupled,
  title={Decoupled weight decay regularization},
  author={Loshchilov, Ilya and Hutter, Frank},
  journal={arXiv preprint arXiv:1711.05101},
  year={2017},
}

@article{irie2023topological,
  title={Topological Neural Discrete Representation Learning {\`a} la Kohonen},
  author={Irie, Kazuki and Csord{\'a}s, R{\'o}bert and Schmidhuber, J{\"u}rgen},
  journal={arXiv preprint arXiv:2302.07950},
  year={2023},
}

@article{huang2020fusion,
  title={Fusion of medical imaging and electronic health records using deep learning: a systematic review and implementation guidelines},
  author={Huang, Shih-Cheng and Pareek, Anuj and Seyyedi, Saeed and Banerjee, Imon and Lungren, Matthew P},
  journal={NPJ Digital Medicine}, 
  volume={3},
  number={1},
  pages={136},
  year={2020},
  publisher={Nature Publishing Group UK London},
}

@article{raghu2011official,
  title={An official ATS/ERS/JRS/ALAT statement: idiopathic pulmonary fibrosis: evidence-based guidelines for diagnosis and management},
  author={Raghu, Ganesh and Collard, Harold R and Egan, Jim J and Martinez, Fernando J and Behr, Juergen and Brown, Kevin K and Colby, Thomas V and Cordier, Jean-Fran{\c{c}}ois and Flaherty, Kevin R and Lasky, Joseph A and others},
  journal={American Journal of Respiratory and Critical Care Medicine}, 
  volume={183},
  number={6},
  pages={788--824},
  year={2011},
  publisher={American Thoracic Society},
}

@article{raghu2015official,
  title={An official ATS/ERS/JRS/ALAT clinical practice guideline: treatment of idiopathic pulmonary fibrosis. An update of the 2011 clinical practice guideline},
  author={Raghu, Ganesh and Rochwerg, Bram and Zhang, Yuan and Garcia, Carlos A Cuello and Azuma, Arata and Behr, Juergen and Brozek, Jan L and Collard, Harold R and Cunningham, William and Homma, Sakae and others},
  journal={American Journal of Respiratory and Critical Care Medicine}, 
  volume={192},
  number={2},
  pages={e3--e19},
  year={2015},
  publisher={American Thoracic Society},
}

@inproceedings{ge2022long,
  title={Long video generation with time-agnostic VQGAN and time-sensitive transformer}, 
  author={Ge, Songwei and Hayes, Thomas and Yang, Harry and Yin, Xi and Pang, Guan and Jacobs, David and Huang, Jia-Bin and Parikh, Devi},
  booktitle={European Conference on Computer Vision},
  pages={102--118},
  year={2022},
  organization={Springer},
}

@article{ho2022imagen,
  title={Imagen video: High definition video generation with diffusion models},
  author={Ho, Jonathan and Chan, William and Saharia, Chitwan and Whang, Jay and Gao, Ruiqi and Gritsenko, Alexey and Kingma, Diederik P and Poole, Ben and Norouzi, Mohammad and Fleet, David J and others},
  journal={arXiv preprint arXiv:2210.02303},
  year={2022},
}

@inproceedings{voleti2022mcvd,
  title={MCVD-masked conditional video diffusion for prediction, generation, and interpolation},
  author={Voleti, Vikram and Jolicoeur-Martineau, Alexia and Pal, Chris},
  booktitle={Advances in Neural Information Processing Systems}, 
  volume={35},
  pages={23371--23385},
  year={2022},
  publisher={Curran Associates, Inc.},
}

@article{cox1972regression,
  title={Regression models and life-tables},
  author={Cox, David R},
  journal={Journal of the Royal Statistical Society: Series B (Methodological)},
  volume={34},
  number={2},
  pages={187--202},
  year={1972},
  publisher={Wiley Online Library},
}

@inproceedings{puglisi2024enhancing,
  title={Enhancing spatiotemporal disease progression models via latent diffusion and prior knowledge},
  author={Puglisi, Lemuel and Alexander, Daniel C and Rav{\`\i}, Daniele},
  booktitle={International Conference on Medical Image Computing and Computer-Assisted Intervention},
  pages={173--183},
  year={2024},
  organization={Springer},
}

@inproceedings{yoon2023sadm,
  title={SADM: Sequence-aware diffusion model for longitudinal medical image generation}, 
  author={Yoon, Jee Seok and Zhang, Chenghao and Suk, Heung-Il and Guo, Jia and Li, Xiaoxiao},
  booktitle={International Conference on Information Processing in Medical Imaging},
  pages={388--400},
  year={2023},
  organization={Springer},
}