@misc{vazquez-etal-2025-mu-shroom,
    author={
        Ra\'ul V\'azquez and 
        Timothee Mickus and 
        Elaine Zosa and 
        Teemu Vahtola and 
        J\"org Tiedemann and 
        Aman Sinha and 
        Vincent Segonne and 
        Fernando S\'anchez-Vega and
        Alessandro Raganato and
        Jindřich Libovický and
        Jussi Karlgren and
        Shaoxiong Ji and
        Jindřich Helcl and
        Liane Guillou and
        Ona de Gibert and
        Jaione Bengoetxea and
        Joseph Attieh and
        Marianna Apidianaki
    },
    title={Sem{E}val-2025 {T}ask 3: {Mu-SHROOM}, the Multilingual Shared-task on Hallucinations and Related Observable Overgeneration Mistakes},
    year={2025},
    url={https://helsinki-nlp.github.io/shroom/}
}




@inproceedings{han2024semantic,
    title={Semantic Entropy Probes: Robust and Cheap Hallucination Detection in {LLM}s},
    author={Jiatong Han and Jannik Kossen and Muhammed Razzak and Lisa Schut and Shreshth A Malik and Yarin Gal},
    booktitle={ICML 2024 Workshop on Foundation Models in the Wild},
    year={2024},
    url={https://openreview.net/forum?id=Zd0XLr6JKn}
}

@Article{Farquhar2024Detecting,
    author={Farquhar, Sebastian
    and Kossen, Jannik
    and Kuhn, Lorenz
    and Gal, Yarin},
    title={Detecting hallucinations in large language models using semantic entropy},
    journal={Nature},
    year={2024},
    month={Jun},
    day={01},
    volume={630},
    number={8017},
    pages={625-630},
    issn={1476-4687},
    doi={10.1038/s41586-024-07421-0},
    url={https://doi.org/10.1038/s41586-024-07421-0}
}

@inproceedings{kuhn2023semantic,
    title={Semantic Uncertainty: Linguistic Invariances for Uncertainty Estimation in Natural Language Generation},
    author={Lorenz Kuhn and Yarin Gal and Sebastian Farquhar},
    booktitle={The Eleventh International Conference on Learning Representations},
    year={2023},
    url={https://openreview.net/forum?id=VD-AYtP0dve}
}

@inproceedings{arteaga2024hallucination,
    title={Hallucination Detection in {LLM}s: Fast and Memory-Efficient Finetuned Models},
    author={Gabriel Y. Arteaga and Thomas B. Sch{\"o}n and Nicolas Pielawski},
    booktitle={Northern Lights Deep Learning Conference 2025},
    year={2025},
    url={https://openreview.net/forum?id=8T8QkDsuO9}
}

@inproceedings{mishra2024finegrained-FAVA,
    title={Fine-grained Hallucination Detection and Editing for Language Models},
    author={Abhika Mishra and Akari Asai and Vidhisha Balachandran and Yizhong Wang and Graham Neubig and Yulia Tsvetkov and Hannaneh Hajishirzi},
    booktitle={The First Conference on Language Modeling},
    year={2024},
    url={https://openreview.net/forum?id=dJMTn3QOWO}
}

@inproceedings{Jason2024PyTorch2,
    author = {Ansel, Jason and Yang, Edward and He, Horace and Gimelshein, Natalia and Jain, Animesh and Voznesensky, Michael and Bao, Bin and Bell, Peter and Berard, David and Burovski, Evgeni and Chauhan, Geeta and Chourdia, Anjali and Constable, Will and Desmaison, Alban and DeVito, Zachary and Ellison, Elias and Feng, Will and Gong, Jiong and Gschwind, Michael and Hirsh, Brian and Huang, Sherlock and Kalambarkar, Kshiteej and Kirsch, Laurent and Lazos, Michael and Lezcano, Mario and Liang, Yanbo and Liang, Jason and Lu, Yinghai and Luk, C. K. and Maher, Bert and Pan, Yunjie and Puhrsch, Christian and Reso, Matthias and Saroufim, Mark and Siraichi, Marcos Yukio and Suk, Helen and Zhang, Shunting and Suo, Michael and Tillet, Phil and Zhao, Xu and Wang, Eikan and Zhou, Keren and Zou, Richard and Wang, Xiaodong and Mathews, Ajit and Wen, William and Chanan, Gregory and Wu, Peng and Chintala, Soumith},
    title = {PyTorch 2: Faster Machine Learning Through Dynamic Python Bytecode Transformation and Graph Compilation},
    year = {2024},
    isbn = {9798400703850},
    publisher = {Association for Computing Machinery},
    address = {New York, NY, USA},
    url = {https://doi.org/10.1145/3620665.3640366},
    doi = {10.1145/3620665.3640366},
    booktitle = {Proceedings of the 29th ACM International Conference on Architectural Support for Programming Languages and Operating Systems, Volume 2},
    pages = {929–947},
    numpages = {19},
    location = {La Jolla, CA, USA},
    series = {ASPLOS '24}
}

@inproceedings{Kwon2023vLLM,
    author = {Kwon, Woosuk and Li, Zhuohan and Zhuang, Siyuan and Sheng, Ying and Zheng, Lianmin and Yu, Cody Hao and Gonzalez, Joseph and Zhang, Hao and Stoica, Ion},
    title = {Efficient Memory Management for Large Language Model Serving with PagedAttention},
    year = {2023},
    isbn = {9798400702297},
    publisher = {Association for Computing Machinery},
    address = {New York, NY, USA},
    url = {https://doi.org/10.1145/3600006.3613165},
    doi = {10.1145/3600006.3613165},
    booktitle = {Proceedings of the 29th Symposium on Operating Systems Principles},
    pages = {611–626},
    numpages = {16},
    location = {Koblenz, Germany},
    series = {SOSP '23}
}

@article{Robertson2009BM25,
    author = {Robertson, Stephen and Zaragoza, Hugo},
    title = {The Probabilistic Relevance Framework: BM25 and Beyond},
    year = {2009},
    issue_date = {April 2009},
    publisher = {Now Publishers Inc.},
    address = {Hanover, MA, USA},
    volume = {3},
    number = {4},
    issn = {1554-0669},
    url = {https://doi.org/10.1561/1500000019},
    doi = {10.1561/1500000019},
    journal = {Foundations and Trends in Information Retrieval},
    month = apr,
    pages = {333–389},
    numpages = {57}
}

@inproceedings{Bolotova2022NFQATaxanomy,
    author = {Bolotova, Valeriia and Blinov, Vladislav and Scholer, Falk and Croft, W. Bruce and Sanderson, Mark},
    title = {A Non-Factoid Question-Answering Taxonomy},
    year = {2022},
    isbn = {9781450387323},
    publisher = {Association for Computing Machinery},
    address = {New York, NY, USA},
    url = {https://doi.org/10.1145/3477495.3531926},
    doi = {10.1145/3477495.3531926},
    booktitle = {Proceedings of the 45th International ACM SIGIR Conference on Research and Development in Information Retrieval},
    pages = {1196–1207},
    numpages = {12},
    keywords = {question taxonomy, non-factoid question-answering, editorial study, dataset analysis},
    location = {Madrid, Spain},
    series = {SIGIR '22}
}

@article{Ji2023HallucinationSurvey,
    author = {Ji, Ziwei and Lee, Nayeon and Frieske, Rita and Yu, Tiezheng and Su, Dan and Xu, Yan and Ishii, Etsuko and Bang, Ye Jin and Madotto, Andrea and Fung, Pascale},
    title = {Survey of Hallucination in Natural Language Generation},
    year = {2023},
    issue_date = {December 2023},
    publisher = {Association for Computing Machinery},
    address = {New York, NY, USA},
    volume = {55},
    number = {12},
    issn = {0360-0300},
    url = {https://doi.org/10.1145/3571730},
    doi = {10.1145/3571730},
    journal = {ACM Computing Surveys},
    month = mar,
    articleno = {248},
    numpages = {38},
    keywords = {Hallucination, intrinsic hallucination, extrinsic hallucination, faithfulness in NLG, factuality in NLG, consistency in NLG}
}

@inproceedings{
    yuksekgonul2024attention,
    title={Attention Satisfies: A Constraint-Satisfaction Lens on Factual Errors of Language Models},
    author={Mert Yuksekgonul and Varun Chandrasekaran and Erik Jones and Suriya Gunasekar and Ranjita Naik and Hamid Palangi and Ece Kamar and Besmira Nushi},
    booktitle={The Twelfth International Conference on Learning Representations},
    year={2024},
    url={https://openreview.net/forum?id=gfFVATffPd}
}

@inproceedings{Lee2022Factuality,
 author = {Lee, Nayeon and Ping, Wei and Xu, Peng and Patwary, Mostofa and Fung, Pascale N and Shoeybi, Mohammad and Catanzaro, Bryan},
 booktitle = {Advances in Neural Information Processing Systems},
 editor = {S. Koyejo and S. Mohamed and A. Agarwal and D. Belgrave and K. Cho and A. Oh},
 pages = {34586--34599},
 publisher = {Curran Associates, Inc.},
 title = {Factuality Enhanced Language Models for Open-Ended Text Generation},
 url = {https://proceedings.neurips.cc/paper_files/paper/2022/file/df438caa36714f69277daa92d608dd63-Paper-Conference.pdf},
 volume = {35},
 year = {2022}
}







@article{Wang2024multilingual-e5,
  author       = {Liang Wang and
                  Nan Yang and
                  Xiaolong Huang and
                  Linjun Yang and
                  Rangan Majumder and
                  Furu Wei},
  title        = {Multilingual {E5} Text Embeddings: {A} Technical Report},
  journal      = {arXiv preprint arXiv:2402.05672},
  year         = {2024},
  url          = {https://doi.org/10.48550/arXiv.2402.05672},
  doi          = {10.48550/ARXIV.2402.05672},
  eprinttype    = {arXiv},
  eprint       = {2402.05672},
  timestamp    = {Sun, 21 Jul 2024 18:15:37 +0200},
  biburl       = {https://dblp.org/rec/journals/corr/abs-2402-05672.bib},
  bibsource    = {dblp computer science bibliography, https://dblp.org}
}

@article{Touvron2023Llama2,
  author       = {Hugo Touvron and
                  Louis Martin and
                  Kevin Stone and
                  Peter Albert and
                  Amjad Almahairi and
                  Yasmine Babaei and
                  Nikolay Bashlykov and
                  Soumya Batra and
                  Prajjwal Bhargava and
                  Shruti Bhosale and
                  Dan Bikel and
                  Lukas Blecher and
                  Cristian Canton{-}Ferrer and
                  Moya Chen and
                  Guillem Cucurull and
                  David Esiobu and
                  Jude Fernandes and
                  Jeremy Fu and
                  Wenyin Fu and
                  Brian Fuller and
                  Cynthia Gao and
                  Vedanuj Goswami and
                  Naman Goyal and
                  Anthony Hartshorn and
                  Saghar Hosseini and
                  Rui Hou and
                  Hakan Inan and
                  Marcin Kardas and
                  Viktor Kerkez and
                  Madian Khabsa and
                  Isabel Kloumann and
                  Artem Korenev and
                  Punit Singh Koura and
                  Marie{-}Anne Lachaux and
                  Thibaut Lavril and
                  Jenya Lee and
                  Diana Liskovich and
                  Yinghai Lu and
                  Yuning Mao and
                  Xavier Martinet and
                  Todor Mihaylov and
                  Pushkar Mishra and
                  Igor Molybog and
                  Yixin Nie and
                  Andrew Poulton and
                  Jeremy Reizenstein and
                  Rashi Rungta and
                  Kalyan Saladi and
                  Alan Schelten and
                  Ruan Silva and
                  Eric Michael Smith and
                  Ranjan Subramanian and
                  Xiaoqing Ellen Tan and
                  Binh Tang and
                  Ross Taylor and
                  Adina Williams and
                  Jian Xiang Kuan and
                  Puxin Xu and
                  Zheng Yan and
                  Iliyan Zarov and
                  Yuchen Zhang and
                  Angela Fan and
                  Melanie Kambadur and
                  Sharan Narang and
                  Aur{\'{e}}lien Rodriguez and
                  Robert Stojnic and
                  Sergey Edunov and
                  Thomas Scialom},
  title        = {Llama 2: Open Foundation and Fine-Tuned Chat Models},
  journal      = {arXiv preprint arXiv:2307.09288},
  year         = {2023},
  url          = {https://doi.org/10.48550/arXiv.2307.09288},
  doi          = {10.48550/ARXIV.2307.09288},
  eprinttype    = {arXiv},
  eprint       = {2307.09288},
}

@article{Zhang2023Sirens_Song_Hallucination,
  author       = {Yue Zhang and
                  Yafu Li and
                  Leyang Cui and
                  Deng Cai and
                  Lemao Liu and
                  Tingchen Fu and
                  Xinting Huang and
                  Enbo Zhao and
                  Yu Zhang and
                  Yulong Chen and
                  Longyue Wang and
                  Anh Tuan Luu and
                  Wei Bi and
                  Freda Shi and
                  Shuming Shi},
  title        = {Siren's Song in the {AI} Ocean: {A} Survey on Hallucination in Large
                  Language Models},
  journal      = {arXiv preprint arXiv:2309.01219},
  year         = {2023},
  url          = {https://doi.org/10.48550/arXiv.2309.01219},
  doi          = {10.48550/ARXIV.2309.01219},
  eprinttype    = {arXiv},
  eprint       = {2309.01219},
}

@article{Liu2019RoBERTa,
  author       = {Yinhan Liu and
                  Myle Ott and
                  Naman Goyal and
                  Jingfei Du and
                  Mandar Joshi and
                  Danqi Chen and
                  Omer Levy and
                  Mike Lewis and
                  Luke Zettlemoyer and
                  Veselin Stoyanov},
  title        = {RoBERTa: {A} Robustly Optimized {BERT} Pretraining Approach},
  journal      = {arXiv preprint arXiv:1907.11692},
  year         = {2019},
  url          = {http://arxiv.org/abs/1907.11692},
  eprinttype    = {arXiv},
  eprint       = {1907.11692},
  timestamp    = {Thu, 14 Dec 2023 18:03:41 +0100},
  biburl       = {https://dblp.org/rec/journals/corr/abs-1907-11692.bib},
  bibsource    = {dblp computer science bibliography, https://dblp.org}
}

@article{Lee2025Typed-RAG,
  author       = {DongGeon Lee and
                  Ahjeong Park and
                  Hyeri Lee and 
                  Hyeonseo Nam and 
                  Yunho Maeng},
  title        = {{Typed-RAG}: {T}ype-aware Multi-Aspect Decomposition for Non-Factoid Question Answering},
  journal      = {arXiv preprint arXiv:2503.15879},
  year         = {2025},
  url          = {http://arxiv.org/abs/2503.15879},
  eprinttype   = {arXiv},
  eprint       = {2503.15879},
}