@Article{Farquhar2024Detecting,
    author={Farquhar, Sebastian
    and Kossen, Jannik
    and Kuhn, Lorenz
    and Gal, Yarin},
    title={Detecting hallucinations in large language models using semantic entropy},
    journal={Nature},
    year={2024},
    month={Jun},
    day={01},
    volume={630},
    number={8017},
    pages={625-630},
    issn={1476-4687},
    doi={10.1038/s41586-024-07421-0},
    url={https://doi.org/10.1038/s41586-024-07421-0}
}

@inproceedings{arteaga2024hallucination,
    title={Hallucination Detection in {LLM}s: Fast and Memory-Efficient Finetuned Models},
    author={Gabriel Y. Arteaga and Thomas B. Sch{\"o}n and Nicolas Pielawski},
    booktitle={Northern Lights Deep Learning Conference 2025},
    year={2025},
    url={https://openreview.net/forum?id=8T8QkDsuO9}
}

@inproceedings{han2024semantic,
    title={Semantic Entropy Probes: Robust and Cheap Hallucination Detection in {LLM}s},
    author={Jiatong Han and Jannik Kossen and Muhammed Razzak and Lisa Schut and Shreshth A Malik and Yarin Gal},
    booktitle={ICML 2024 Workshop on Foundation Models in the Wild},
    year={2024},
    url={https://openreview.net/forum?id=Zd0XLr6JKn}
}

@inproceedings{kuhn2023semantic,
    title={Semantic Uncertainty: Linguistic Invariances for Uncertainty Estimation in Natural Language Generation},
    author={Lorenz Kuhn and Yarin Gal and Sebastian Farquhar},
    booktitle={The Eleventh International Conference on Learning Representations},
    year={2023},
    url={https://openreview.net/forum?id=VD-AYtP0dve}
}

@inproceedings{mishra2024finegrained-FAVA,
    title={Fine-grained Hallucination Detection and Editing for Language Models},
    author={Abhika Mishra and Akari Asai and Vidhisha Balachandran and Yizhong Wang and Graham Neubig and Yulia Tsvetkov and Hannaneh Hajishirzi},
    booktitle={The First Conference on Language Modeling},
    year={2024},
    url={https://openreview.net/forum?id=dJMTn3QOWO}
}

