@article{Compression,
  author = {Souza, P. E.},
  title = {Effects of compression on speech acoustics, intelligibility, and sound quality},
  journal = {Trends in Amplification},
  volume = {6},
  number = {4},
  pages = {131--165},
  year = {2002},
  doi = {10.1177/108471380200600402}
}

@article{DSLm,
  author = {Seewald, R. and Moodie, S. and Scollie, S. and Bagatto, M.},
  title = {The DSL method for pediatric hearing instrument fitting: historical perspective and current issues},
  journal = {Trends in Amplification},
  volume = {9},
  number = {4},
  pages = {145--157},
  year = {2005},
  doi = {10.1177/108471380500900402}
}

@article{NAL-NL1,
  author = {Byrne, D. and Dillon, H. and Ching, T. and Katsch, R. and Keidser, G.},
  title = {NAL-NL1 procedure for fitting nonlinear hearing aids: characteristics and comparisons with other procedures},
  journal = {Journal of the American Academy of Audiology},
  volume = {12},
  number = {1},
  pages = {37--51},
  year = {2001}
}

@article{NAL-NL2,
  author = {Keidser, G. and Dillon, H. and Flax, M. and Ching, T. and Brewer, S.},
  title = {The NAL-NL2 Prescription Procedure},
  journal = {Audiology Research},
  volume = {1},
  number = {1},
  pages = {e24},
  year = {2011},
  doi = {10.4081/audiores.2011.e24}
}

@incollection{NAL-RP,
  author = {Byrne, D. and Parkinson, A. and Newall, P.},
  title = {Modified hearing aid selection procedures for severe/profound hearing losses},
  booktitle = {The Vanderbilt Hearing Aid Report II},
  editor = {Studebaker, G. and Bess, F. and Beck, L.},
  year = {1991},
  publisher = {York Press},
  address = {Parkton, MD}
}

@article{WDRCbenefit1,
  author = {Jenstad, L. M. and Seewald, R. C. and Cornelisse, L. E. and Shantz, J.},
  title = {Comparison of linear gain and wide dynamic range compression hearing aid circuits: aided speech perception measures},
  journal = {Ear and Hearing},
  volume = {20},
  number = {2},
  pages = {117--126},
  year = {1999},
  doi = {10.1097/00003446-199904000-00003}
}

@inbook{WDRCblock,
  author = {May, T. and Kowalewski, B. and Dau, T.},
  title = {Scene-Aware Dynamic-Range Compression in Hearing Aids},
  booktitle = {The Technology of Binaural Understanding},
  year = {2020},
  publisher = {Springer International Publishing},
  pages = {763--799},
  doi = {10.1007/978-3-030-00386-9_25}
}

