@misc{HaluEval,
  author = {Junyi Li and Xiaoxue Cheng and Wayne Xin Zhao and Jian-Yun Nie and Ji-Rong Wen },
  title = {HaluEval: A Large-Scale Hallucination Evaluation Benchmark for Large Language Models},
  year = {2023},
  journal={arXiv preprint arXiv:2305.11747},
  url={https://arxiv.org/abs/2305.11747}
}

@article{azaria2023internal,
  title={The internal state of an llm knows when its lying},
  author={Azaria, Amos and Mitchell, Tom},
  journal={arXiv preprint arXiv:2304.13734},
  year={2023}
}

@article{chen2023alpagasus,
  title={Alpagasus: Training a better alpaca with fewer data},
  author={Chen, Lichang and Li, Shiyang and Yan, Jun and Wang, Hai and Gunaratna, Kalpa and Yadav, Vikas and Tang, Zheng and Srinivasan, Vijay and Zhou, Tianyi and Huang, Heng and others},
  journal={arXiv preprint arXiv:2307.08701},
  year={2023}
}

@article{dong2023bamboo,
  title={BAMBOO: A Comprehensive Benchmark for Evaluating Long Text Modeling Capacities of Large Language Models},
  author={Dong, Zican and Tang, Tianyi and Li, Junyi and Zhao, Wayne Xin and Wen, Ji-Rong},
  journal={arXiv preprint arXiv:2309.13345},
  year={2023}
}

@article{elaraby2023halo,
  title={Halo: Estimation and reduction of hallucinations in open-source weak large language models},
  author={Elaraby, Mohamed and Lu, Mengyin and Dunn, Jacob and Zhang, Xueying and Wang, Yu and Liu, Shizhu},
  journal={arXiv preprint arXiv:2308.11764},
  year={2023}
}

@article{gou2023critic,
  title={Critic: Large language models can self-correct with tool-interactive critiquing},
  author={Gou, Zhibin and Shao, Zhihong and Gong, Yeyun and Shen, Yelong and Yang, Yujiu and Duan, Nan and Chen, Weizhu},
  journal={arXiv preprint arXiv:2305.11738},
  year={2023}
}

@article{kang2023deficiency,
  title={Deficiency of Large Language Models in Finance: An Empirical Examination of Hallucination},
  author={Kang, Haoqiang and Liu, Xiao-Yang},
  journal={arXiv preprint arXiv:2311.15548},
  year={2023}
}

@article{li2023inference,
  title={Inference-Time Intervention: Eliciting Truthful Answers from a Language Model},
  author={Li, Kenneth and Patel, Oam and Vi{\'e}gas, Fernanda and Pfister, Hanspeter and Wattenberg, Martin},
  journal={arXiv preprint arXiv:2306.03341},
  year={2023}
}

@article{lightman2023let,
  title={Let's Verify Step by Step},
  author={Lightman, Hunter and Kosaraju, Vineet and Burda, Yura and Edwards, Harri and Baker, Bowen and Lee, Teddy and Leike, Jan and Schulman, John and Sutskever, Ilya and Cobbe, Karl},
  journal={arXiv preprint arXiv:2305.20050},
  year={2023}
}

@inproceedings{lin-etal-2022-truthfulqa,
    title = "{T}ruthful{QA}: Measuring How Models Mimic Human Falsehoods",
    author = "Lin, Stephanie  and
      Hilton, Jacob  and
      Evans, Owain",
    editor = "Muresan, Smaranda  and
      Nakov, Preslav  and
      Villavicencio, Aline",
    booktitle = "Proceedings of the 60th Annual Meeting of the Association for Computational Linguistics (Volume 1: Long Papers)",
    month = may,
    year = "2022",
    address = "Dublin, Ireland",
    publisher = "Association for Computational Linguistics",
    url = "https://aclanthology.org/2022.acl-long.229",
    doi = "10.18653/v1/2022.acl-long.229",
    pages = "3214--3252",
}

@article{min2023factscore,
  title={FActScore: Fine-grained Atomic Evaluation of Factual Precision in Long Form Text Generation},
  author={Min, Sewon and Krishna, Kalpesh and Lyu, Xinxi and Lewis, Mike and Yih, Wen-tau and Koh, Pang Wei and Iyyer, Mohit and Zettlemoyer, Luke and Hajishirzi, Hannaneh},
  journal={arXiv preprint arXiv:2305.14251},
  year={2023}
}

@inproceedings{moon2019opendialkg,
  title={Opendialkg: Explainable conversational reasoning with attention-based walks over knowledge graphs},
  author={Moon, Seungwhan and Shah, Pararth and Kumar, Anuj and Subba, Rajen},
  booktitle={Proceedings of the 57th annual meeting of the association for computational linguistics},
  pages={845--854},
  year={2019}
}

@article{see2017get,
  title={Get to the point: Summarization with pointer-generator networks},
  author={See, Abigail and Liu, Peter J and Manning, Christopher D},
  journal={arXiv preprint arXiv:1704.04368},
  year={2017}
}

@article{tian2023fine,
  title={Fine-tuning Language Models for Factuality},
  author={Tian, Katherine and Mitchell, Eric and Yao, Huaxiu and Manning, Christopher D and Finn, Chelsea},
  journal={arXiv preprint arXiv:2311.08401},
  year={2023}
}

@article{umapathi2023med,
  title={Med-halt: Medical domain hallucination test for large language models},
  author={Umapathi, Logesh Kumar and Pal, Ankit and Sankarasubbu, Malaikannan},
  journal={arXiv preprint arXiv:2307.15343},
  year={2023}
}

@article{varshney2023stitch,
  title={A stitch in time saves nine: Detecting and mitigating hallucinations of llms by validating low-confidence generation},
  author={Varshney, Neeraj and Yao, Wenlin and Zhang, Hongming and Chen, Jianshu and Yu, Dong},
  journal={arXiv preprint arXiv:2307.03987},
  year={2023}
}

@article{vu2023freshllms,
  title={Freshllms: Refreshing large language models with search engine augmentation},
  author={Vu, Tu and Iyyer, Mohit and Wang, Xuezhi and Constant, Noah and Wei, Jerry and Wei, Jason and Tar, Chris and Sung, Yun-Hsuan and Zhou, Denny and Le, Quoc and others},
  journal={arXiv preprint arXiv:2310.03214},
  year={2023}
}

@article{yang2018hotpotqa,
  title={HotpotQA: A dataset for diverse, explainable multi-hop question answering},
  author={Yang, Zhilin and Qi, Peng and Zhang, Saizheng and Bengio, Yoshua and Cohen, William W and Salakhutdinov, Ruslan and Manning, Christopher D},
  journal={arXiv preprint arXiv:1809.09600},
  year={2018}
}

@article{yin2023woodpecker,
  title={Woodpecker: Hallucination correction for multimodal large language models},
  author={Yin, Shukang and Fu, Chaoyou and Zhao, Sirui and Xu, Tong and Wang, Hao and Sui, Dianbo and Shen, Yunhang and Li, Ke and Sun, Xing and Chen, Enhong},
  journal={arXiv preprint arXiv:2310.16045},
  year={2023}
}

@article{yu2023kola,
  title={KoLA: Carefully Benchmarking World Knowledge of Large Language Models},
  author={Yu, Jifan and Wang, Xiaozhi and Tu, Shangqing and Cao, Shulin and Zhang-Li, Daniel and Lv, Xin and Peng, Hao and Yao, Zijun and Zhang, Xiaohan and Li, Hanming and others},
  journal={arXiv preprint arXiv:2306.09296},
  year={2023}
}

@article{zou2023representation,
  title={Representation engineering: A top-down approach to ai transparency},
  author={Zou, Andy and Phan, Long and Chen, Sarah and Campbell, James and Guo, Phillip and Ren, Richard and Pan, Alexander and Yin, Xuwang and Mazeika, Mantas and Dombrowski, Ann-Kathrin and others},
  journal={arXiv preprint arXiv:2310.01405},
  year={2023}
}

