@article{Audet2020PerformanceOptimization,
    title = {{Performance indicators in multiobjective optimization}},
    year = {2020},
    journal = {European Journal of Operational Research},
    author = {Audet, Charles and Bigeon, Jean and Cartier, Dominique and Le Digabel, Sébastien and Salomon, Ludovic},
    number = {2},
    pages = {397--422},
    volume = {292},
    publisher = {Elsevier},
    url = {https://hal.science/hal-03048871},
    doi = {10.1016/j.ejor.2020.11.016},
    keywords = {multiobjective optimization ; quality indicators ; performance indicators}
}

@article{Biega2018EquityRankings,
    title = {{Equity of attention: Amortizing individual fairness in rankings}},
    year = {2018},
    journal = {41st International ACM SIGIR Conference on Research and Development in Information Retrieval, SIGIR 2018},
    author = {Biega, Asia J. and Gummadi, Krishna P. and Weikum, Gerhard},
    month = {6},
    pages = {405--414},
    volume = {18},
    publisher = {Association for Computing Machinery, Inc},
    url = {https://doi.org/10.1145/3209978.3210063},
    isbn = {9781450356572},
    doi = {10.1145/3209978.3210063},
    arxivId = {1805.01788},
    keywords = {Algorithmic fairness, Amortized fairness, Attention, Exposure, Fair ranking, Individual fairness, Position bias}
}

@article{Gao2022FAIR:Evaluation,
    title = {{FAIR: Fairness-aware information retrieval evaluation}},
    year = {2022},
    journal = {Journal of the Association for Information Science and Technology},
    author = {Gao, Ruoyuan and Ge, Yingqiang and Shah, Chirag},
    number = {10},
    month = {10},
    pages = {1461--1473},
    volume = {73},
    publisher = {John Wiley {\&} Sons, Ltd},
    url = {https://onlinelibrary.wiley.com/doi/full/10.1002/asi.24648 https://onlinelibrary.wiley.com/doi/abs/10.1002/asi.24648 https://asistdl.onlinelibrary.wiley.com/doi/10.1002/asi.24648},
    doi = {10.1002/ASI.24648},
    issn = {2330-1643},
    arxivId = {2106.08527}
}

@inproceedings{Ge2022TowardLearning,
    title = {{Toward pareto efficient fairness-utility trade-off in recommendation through reinforcement learning}},
    year = {2022},
    booktitle = {WSDM 2022 - Proceedings of the 15th ACM International Conference on Web Search and Data Mining},
    author = {Ge, Yingqiang and Zhao, Xiaoting and Yu, Lucia and Paul, Saurabh and Hu, Diane and Hsieh, Chu Cheng and Zhang, Yongfeng},
    month = {2},
    pages = {316--324},
    publisher = {Association for Computing Machinery, Inc},
    url = {https://dl.acm.org/doi/10.1145/3488560.3498487},
    address = {Virtual Event, AZ, USA},
    isbn = {9781450391320},
    doi = {10.1145/3488560.3498487},
    arxivId = {2201.00140},
    keywords = {Multi-objective reinforcement learning, Pareto efficient fairness, Recommender system, Unbiased recommendation}
}

@article{Laszczyk2019SurveyMeasures,
    title = {{Survey of quality measures for multi-objective optimization: Construction of complementary set of multi-objective quality measures}},
    year = {2019},
    journal = {Swarm and Evolutionary Computation},
    author = {Laszczyk, Maciej and Myszkowski, Paweł B.},
    month = {8},
    pages = {109--133},
    volume = {48},
    publisher = {Elsevier},
    doi = {10.1016/J.SWEVO.2019.04.001},
    issn = {2210-6502},
    keywords = {Benchmark, MS–RCPSP, Multi-objective optimization, Quality measures, Survey}
}

@inproceedings{Lin2019ARecommendation,
    title = {{A pareto-eficient algorithm for multiple objective optimization in e-commerce recommendation}},
    year = {2019},
    booktitle = {RecSys 2019 - 13th ACM Conference on Recommender Systems},
    author = {Lin, Xiao and Chen, Hongjie and Pei, Changhua and Sun, Fei and Xiao, Xuanji and Sun, Hanxiao and Zhang, Yongfeng and Ou, Wenwu and Jiang, Peng},
    month = {9},
    pages = {20--28},
    publisher = {Association for Computing Machinery, Inc},
    url = {https://dl.acm.org/doi/10.1145/3298689.3346998},
    address = {Copenhagen, Denmark},
    isbn = {9781450362436},
    doi = {10.1145/3298689.3346998},
    keywords = {Learning to Rank, Multiple Obecjtive Optimization, Pareto Efciency, Recommendation}
}

@inproceedings{Lioma2017EvaluationLists,
    title = {{Evaluation measures for relevance and credibility in ranked lists}},
    year = {2017},
    booktitle = {ICTIR 2017 - Proceedings of the 2017 ACM SIGIR International Conference on the Theory of Information Retrieval},
    author = {Lioma, Christina and Simonsen, Jakob Grue and Larsen, Birger},
    month = {10},
    pages = {91--98},
    publisher = {Association for Computing Machinery, Inc},
    url = {https://dl.acm.org/doi/10.1145/3121050.3121072},
    address = {Amsterdam, The Netherlands},
    isbn = {9781450344906},
    doi = {10.1145/3121050.3121072},
    arxivId = {1708.07157},
    keywords = {Credibility, Evaluation measures, Relevance}
}

@inproceedings{Maistro2021PrincipledRankings,
    title = {{Principled Multi-Aspect Evaluation Measures of Rankings}},
    year = {2021},
    booktitle = {International Conference on Information and Knowledge Management, Proceedings},
    author = {Maistro, Maria and Lima, Lucas Chaves and Simonsen, Jakob Grue and Lioma, Christina},
    month = {10},
    pages = {1232--1242},
    publisher = {Association for Computing Machinery},
    url = {https://dl.acm.org/doi/10.1145/3459637.3482287},
    address = {Virtual Event, Queensland, Australia},
    isbn = {9781450384469},
    doi = {10.1145/3459637.3482287},
    arxivId = {2212.00492},
    keywords = {evaluation, multiple aspects, partial order, ranking}
}

@article{Mehrotra2018TowardsSystems,
    title = {{Towards a fair marketplace: Counterfactual evaluation of the trade-off between relevance, fairness {\&} satisfaction in recommendation systems}},
    year = {2018},
    journal = {International Conference on Information and Knowledge Management, Proceedings},
    author = {Mehrotra, Rishabh and McInerney, James and Bouchard, Hugues and Lalmas, Mounia and Diaz, Fernando},
    month = {10},
    pages = {2243--2252},
    volume = {18},
    publisher = {Association for Computing Machinery},
    url = {https://dl.acm.org/doi/10.1145/3269206.3272027},
    isbn = {9781450360142},
    doi = {10.1145/3269206.3272027}
}

@inproceedings{Moffat2013SevenMetrics,
    title = {{Seven Numeric Properties of Effectiveness Metrics}},
    year = {2013},
    booktitle = {Information Retrieval Technology},
    author = {Moffat, Alistair},
    editor = {Banchs, Rafael E and Silvestri, Fabrizio and Liu, Tie-Yan and Zhang, Min and Gao, Sheng and Lang, Jun},
    pages = {1--12},
    publisher = {Springer Berlin Heidelberg},
    address = {Berlin, Heidelberg},
    isbn = {978-3-642-45068-6}
}

@misc{Nia2022RethinkingNetworks,
    title = {{Rethinking pareto frontier for performance evaluation of deep neural networks}},
    year = {2022},
    booktitle = {arXiv preprint arXiv:2202.09275},
    author = {Nia, Vahid Partovi and Ghaffari, Alireza and Zolnouri, Mahdi and Savaria, Yvon}
}

@inproceedings{Palotti2018MM:Engines,
    title = {{MM: A new framework for multidimensional evaluation of search engines}},
    year = {2018},
    booktitle = {International Conference on Information and Knowledge Management, Proceedings},
    author = {Palotti, Joao and Zuccon, Guido and Hanbury, Allan},
    month = {10},
    pages = {1699--1702},
    publisher = {Association for Computing Machinery},
    url = {https://dl.acm.org/doi/10.1145/3269206.3269261},
    address = {Torino, Italy},
    isbn = {9781450360142},
    doi = {10.1145/3269206.3269261}
}

@article{Paparella2023Post-hocRecommendation,
    title = {{Post-hoc Selection of Pareto-Optimal Solutions in Search and Recommendation}},
    year = {2023},
    journal = {International Conference on Information and Knowledge Management, Proceedings},
    author = {Paparella, Vincenzo and Anelli, Vito Walter and Nardini, Franco Maria and Perego, Raffaele and Di Noia, Tommaso},
    month = {10},
    pages = {2013--2023},
    publisher = {Association for Computing Machinery},
    url = {https://dl.acm.org/doi/10.1145/3583780.3615010},
    isbn = {9798400701245},
    doi = {10.1145/3583780.3615010},
    keywords = {Information Retrieval, Pareto optimality, Recommender Systems}
}

@inproceedings{Raj2022MeasuringResults,
    title = {{Measuring Fairness in Ranked Results}},
    year = {2022},
    booktitle = {Proceedings of the 45th International ACM SIGIR Conference on Research and Development in Information Retrieval},
    author = {Raj, Amifa and Ekstrand, Michael D.},
    month = {7},
    pages = {726--736},
    publisher = {ACM},
    url = {https://dl.acm.org/doi/10.1145/3477495.3532018},
    address = {New York, NY, USA},
    isbn = {9781450387323},
    doi = {10.1145/3477495.3532018},
    keywords = {fair ranking, fairness metrics, group fairness}
}

@article{Rampisela2024EvaluationStudy,
    title = {{Evaluation Measures of Individual Item Fairness for Recommender Systems: A Critical Study}},
    year = {2024},
    journal = {ACM Trans. Recomm. Syst.},
    author = {Rampisela, Theresia Veronika and Maistro, Maria and Ruotsalo, Tuukka and Lioma, Christina},
    number = {2},
    month = {11},
    volume = {3},
    publisher = {Association for Computing Machinery},
    url = {https://doi.org/10.1145/3631943},
    address = {New York, NY, USA},
    doi = {10.1145/3631943},
    keywords = {Item fairness, evaluation measures, fairness measures, individual fairness, recommender systems}
}

@article{Ribeiro2015MultiobjectiveSystems,
    title = {{Multiobjective Pareto-Efficient Approaches for Recommender Systems}},
    year = {2015},
    journal = {ACM Trans. Intell. Syst. Technol.},
    author = {Ribeiro, Marco Tulio and Ziviani, Nivio and Moura, Edleno Silva De and Hata, Itamar and Lacerda, Anisio and Veloso, Adriano},
    number = {4},
    month = {12},
    pages = {1--20},
    volume = {5},
    publisher = {Association for Computing Machinery},
    url = {https://doi.org/10.1145/2629350},
    address = {New York, NY, USA},
    doi = {10.1145/2629350},
    issn = {2157-6904},
    keywords = {Multiobjective recommender systems, Pareto efficiency}
}

@article{Wang2022ProvidingSystems,
    title = {{Providing Item-side Individual Fairness for Deep Recommender Systems}},
    year = {2022},
    journal = {ACM International Conference Proceeding Series},
    author = {Wang, Xiuling and Wang, Wendy Hui},
    month = {6},
    pages = {117--127},
    volume = {22},
    publisher = {Association for Computing Machinery},
    url = {https://doi.org/10.1145/3531146.3533079},
    isbn = {9781450393522},
    doi = {10.1145/3531146.3533079},
    keywords = {Individual fairness, algorithmic fairness in machine learning, deep recommender systems}
}

@article{Xu2023P-MMF:System,
    title = {{P-MMF: Provider Max-min Fairness Re-ranking in Recommender System}},
    year = {2023},
    journal = {ACM Web Conference 2023 - Proceedings of the World Wide Web Conference, WWW 2023},
    author = {Xu, Chen and Chen, Sirui and Xu, Jun and Shen, Weiran and Zhang, Xiao and Wang, Gang and Dong, Zhenhua},
    month = {4},
    pages = {3701--3711},
    publisher = {Association for Computing Machinery, Inc},
    url = {https://dl.acm.org/doi/10.1145/3543507.3583296},
    isbn = {9781450394161},
    doi = {10.1145/3543507.3583296},
    arxivId = {2303.06660},
    keywords = {Max-min Fairness, Provider Fairness, Recommender System}
}

@article{Zehlike2022FairnessSystemsc,
    title = {{Fairness in Ranking, Part II: Learning-to-Rank and Recommender Systems}},
    year = {2022},
    journal = {ACM Comput. Surv.},
    author = {Zehlike, Meike and Yang, Ke and Stoyanovich, Julia},
    number = {6},
    month = {12},
    pages = {1--41},
    volume = {55},
    publisher = {Association for Computing Machinery},
    url = {https://doi.org/10.1145/3533380},
    address = {New York, NY, USA},
    doi = {10.1145/3533380},
    issn = {0360-0300},
    keywords = {Fairness, ranking, responsible data science, set selection, survey}
}

@article{Zheng2022AOptimization,
    title = {{A survey of recommender systems with multi-objective optimization}},
    year = {2022},
    journal = {Neurocomputing},
    author = {Zheng, Yong and Wang, David (Xuejun)},
    pages = {141--153},
    volume = {474},
    url = {https://www.sciencedirect.com/science/article/pii/S0925231221017185},
    doi = {https://doi.org/10.1016/j.neucom.2021.11.041},
    issn = {0925-2312},
    keywords = {Multi-objective, Multi-objective recommendation, Optimization, Pareto optimal, Recommender systems}
}

