@misc{jain1984quantitative,
    title = {{A Quantitative Measure Of Fairness And Discrimination For Resource Allocation In Shared Computer Systems}},
    year = {1998},
    booktitle = {Eastern Research Laboratory, Digital Equipment Corporation, Hudson, MA},
    author = {Jain, Rajendra K and Chiu, Dah-Ming W and Hawe, William R and {others}},
    volume = {21},
    url = {http://arxiv.org/abs/cs/9809099},
    arxivId = {cs/9809099}
}

@article{Wang2022,
    title = {{A Survey on the Fairness of Recommender Systems}},
    year = {2022},
    author = {Wang, Yifan and Ma, Weizhi and Zhang, Min and Liu, Yiqun and Ma, Shaoping},
    url = {https://doi.org/10.1145/3547333},
    doi = {10.1145/3547333},
    keywords = {fairness, recommendation, survey}
}

@inproceedings{Cantador20112nd2011,
    title = {{2nd Workshop on Information Heterogeneity and Fusion in Recommender Systems (HetRec 2011)}},
    year = {2011},
    booktitle = {Proceedings of the 5th ACM conference on Recommender systems},
    author = {Cantador, Iván and Brusilovsky, Peter and Kuflik, Tsvi},
    series = {RecSys 2011},
    publisher = {ACM},
    address = {New York, NY, USA},
    keywords = {information heterogeneity, information integration, recommender systems}
}

@article{Santos2018AAlgorithms,
    title = {{A Convergence Indicator for Multi-Objective Optimisation Algorithms}},
    year = {2018},
    journal = {Tend{\^{e}}nciasTendˆTend{\^{e}}ncias em Matem{\'{a}}ticaMatem´Matem{\'{a}}tica Aplicada e Computacional},
    author = {Santos, T and Xavier, S},
    number = {3},
    pages = {437--448},
    volume = {19},
    url = {www.scielo.br/tema},
    doi = {10.5540/tema.2018.019.03.0437},
    keywords = {Multi-Objective Optimisation Algorithms, Performance Measure, Shannon Entropy}
}

@article{Mansoury2021ASystems,
    title = {{A Graph-Based Approach for Mitigating Multi-Sided Exposure Bias in Recommender Systems}},
    year = {2021},
    journal = {ACM Transactions on Information Systems (TOIS)},
    author = {Mansoury, Masoud and Abdollahpouri, Himan and Pechenizkiy, Mykola and Mobasher, Bamshad and Burke, Robin},
    number = {2},
    month = {11},
    pages = {32},
    volume = {40},
    publisher = {ACM PUB27 New York, NY},
    url = {https://dl.acm.org/doi/10.1145/3470948},
    doi = {10.1145/3470948},
    issn = {15582868},
    arxivId = {2107.03415},
    keywords = {Recommender systems, aggregate diversity, exposure fairness, long-tail, popularity bias}
}

@article{Shannon1948ACommunication,
    title = {{A Mathematical Theory of Communication}},
    year = {1948},
    journal = {The Bell System Technical Journal},
    author = {Shannon, C E},
    pages = {623--656},
    volume = {27}
}

@inproceedings{Lin2019ARecommendation,
    title = {{A pareto-eficient algorithm for multiple objective optimization in e-commerce recommendation}},
    year = {2019},
    booktitle = {RecSys 2019 - 13th ACM Conference on Recommender Systems},
    author = {Lin, Xiao and Chen, Hongjie and Pei, Changhua and Sun, Fei and Xiao, Xuanji and Sun, Hanxiao and Zhang, Yongfeng and Ou, Wenwu and Jiang, Peng},
    month = {9},
    pages = {20--28},
    publisher = {Association for Computing Machinery, Inc},
    url = {https://dl.acm.org/doi/10.1145/3298689.3346998},
    address = {Copenhagen, Denmark},
    isbn = {9781450362436},
    doi = {10.1145/3298689.3346998},
    keywords = {Learning to Rank, Multiple Obecjtive Optimization, Pareto Efciency, Recommendation}
}

@inproceedings{Wang2016AEngineering,
    title = {{A Practical Guide to Select Quality Indicators for Assessing Pareto-Based Search Algorithms in Search-Based Software Engineering}},
    year = {2016},
    booktitle = {Proceedings of the 38th International Conference on Software Engineering},
    author = {Wang, Shuai and Ali, Shaukat and Yue, Tao and Li, Yan and Liaaen, Marius},
    pages = {631--642},
    series = {ICSE '16},
    publisher = {Association for Computing Machinery},
    url = {https://doi.org/10.1145/2884781.2884880},
    address = {New York, NY, USA},
    isbn = {9781450339001},
    doi = {10.1145/2884781.2884880},
    keywords = {multi-objective software engineering problems, pareto-based search algorithms, practical guide, quality indicators}
}

@article{Zheng2022AOptimization,
    title = {{A survey of recommender systems with multi-objective optimization}},
    year = {2022},
    journal = {Neurocomputing},
    author = {Zheng, Yong and Wang, David (Xuejun)},
    pages = {141--153},
    volume = {474},
    url = {https://www.sciencedirect.com/science/article/pii/S0925231221017185},
    doi = {https://doi.org/10.1016/j.neucom.2021.11.041},
    issn = {0925-2312},
    keywords = {Multi-objective, Multi-objective recommendation, Optimization, Pareto optimal, Recommender systems}
}

@article{Wang2023ASystems,
    title = {{A Survey on the Fairness of Recommender Systems}},
    year = {2023},
    journal = {ACM Trans. Inf. Syst.},
    author = {Wang, Yifan and Ma, Weizhi and Zhang, Min and Liu, Yiqun and Ma, Shaoping},
    number = {3},
    month = {2},
    pages = {1--43},
    volume = {41},
    publisher = {Association for Computing Machinery},
    url = {https://doi.org/10.1145/3547333},
    address = {New York, NY, USA},
    doi = {10.1145/3547333},
    issn = {1046-8188},
    keywords = {Recommendation, fairness, survey}
}

@article{Amigo2023ASystems,
    title = {{A unifying and general account of fairness measurement in recommender systems}},
    year = {2023},
    journal = {Information Processing {\&} Management},
    author = {Amig{\'{o}}, Enrique and Deldjoo, Yashar and Mizzaro, Stefano and Bellog{\'{i}}n, Alejandro},
    number = {1},
    month = {1},
    pages = {103115},
    volume = {60},
    publisher = {Pergamon},
    url = {https://linkinghub.elsevier.com/retrieve/pii/S0306457322002163},
    doi = {10.1016/J.IPM.2022.103115},
    issn = {0306-4573}
}

@inproceedings{Lee1997AnalysesCombination,
    title = {{Analyses of multiple evidence combination}},
    year = {1997},
    booktitle = {SIGIR '97: Proceedings of the 20th annual international ACM SIGIR conference on Research and development in information retrieval},
    author = {Lee, Joon Ho},
    month = {7},
    pages = {267--276},
    publisher = {Association for Computing Machinery (ACM)},
    url = {https://dl.acm.org/doi/10.1145/258525.258587},
    address = {Philadelphia},
    doi = {10.1145/258525.258587}
}

@inproceedings{Rendle2009BPR:Feedback,
    title = {{BPR: Bayesian Personalized Ranking from Implicit Feedback}},
    year = {2009},
    booktitle = {UAI '09: Proceedings of the Twenty-Fifth Conference on Uncertainty in Artificial Intelligence},
    author = {Rendle, Steffen and Freudenthaler, Christoph and Gantner, Zeno and Schmidt-Thieme, Lars},
    pages = {452--461},
    publisher = {AUAI Press},
    url = {https://dl.acm.org/doi/10.5555/1795114.1795167},
    address = {Montreal, Quebec, Canada},
    doi = {10.5555/1795114.1795167}
}

@inproceedings{Rampisela2024CanRelevance,
    title = {{Can We Trust Recommender System Fairness Evaluation? The Role of Fairness and Relevance}},
    year = {2024},
    booktitle = {Proceedings of the 47th International ACM SIGIR Conference on Research and Development in Information Retrieval},
    author = {Rampisela, Theresia Veronika and Ruotsalo, Tuukka and Maistro, Maria and Lioma, Christina},
    pages = {271--281},
    series = {SIGIR '24},
    publisher = {Association for Computing Machinery},
    url = {https://doi.org/10.1145/3626772.3657832},
    address = {New York, NY, USA},
    isbn = {9798400704314},
    doi = {10.1145/3626772.3657832},
    keywords = {fairness and relevance evaluation, recommender systems}
}

@article{Zitzler2000ComparisonResults,
    title = {{Comparison of Multiobjective Evolutionary Algorithms: Empirical Results}},
    year = {2000},
    journal = {Evol. Comput.},
    author = {Zitzler, Eckart and Deb, Kalyanmoy and Thiele, Lothar},
    number = {2},
    month = {6},
    pages = {173--195},
    volume = {8},
    publisher = {MIT Press},
    url = {https://doi.org/10.1162/106365600568202},
    address = {Cambridge, MA, USA},
    doi = {10.1162/106365600568202},
    issn = {1063-6560}
}

@inproceedings{Oosterhuis2021ComputationallyFairness,
    title = {{Computationally Efficient Optimization of Plackett-Luce Ranking Models for Relevance and Fairness}},
    year = {2021},
    booktitle = {Proceedings of the 44th International ACM SIGIR Conference on Research and Development in Information Retrieval},
    author = {Oosterhuis, Harrie},
    pages = {1023--1032},
    series = {SIGIR '21},
    publisher = {Association for Computing Machinery},
    url = {https://doi.org/10.1145/3404835.3462830},
    address = {New York, NY, USA},
    isbn = {9781450380379},
    doi = {10.1145/3404835.3462830},
    keywords = {learning to rank, policy gradients, ranking metric optimization}
}

@article{Goldberg2001Eigentaste:Algorithm,
    title = {{Eigentaste: A Constant Time Collaborative Filtering Algorithm}},
    year = {2001},
    journal = {Information Retrieval},
    author = {Goldberg, Ken and Roeder, Theresa and Gupta, Dhruv and Perkins, Chris},
    number = {2},
    month = {7},
    pages = {133--151},
    volume = {4},
    publisher = {Springer},
    url = {https://link.springer.com/article/10.1023/A:1011419012209},
    doi = {10.1023/A:1011419012209/METRICS},
    issn = {13864564},
    keywords = {Collaborative filtering, Dimensionality reduction, Jokes, Recommender systems}
}

@inproceedings{Borges2019EnhancingAutoencoders,
    title = {{Enhancing Long Term Fairness in Recommendations with Variational Autoencoders}},
    year = {2019},
    booktitle = {Proceedings of the 11th International Conference on Management of Digital EcoSystems},
    author = {Borges, Rodrigo and Stefanidis, Kostas},
    pages = {95--102},
    publisher = {ACM},
    url = {https://doi.org/10.1145/3297662.3365798},
    address = {New York, NY, USA},
    isbn = {9781450362382},
    doi = {10.1145/3297662},
    keywords = {Collaborative Filter-ing, Fairness in Ranking, Position Bias, Recommendation Systems, Variational Autoencoder}
}

@article{Biega2018EquityRankings,
    title = {{Equity of attention: Amortizing individual fairness in rankings}},
    year = {2018},
    journal = {41st International ACM SIGIR Conference on Research and Development in Information Retrieval, SIGIR 2018},
    author = {Biega, Asia J. and Gummadi, Krishna P. and Weikum, Gerhard},
    month = {6},
    pages = {405--414},
    volume = {18},
    publisher = {Association for Computing Machinery, Inc},
    url = {https://doi.org/10.1145/3209978.3210063},
    isbn = {9781450356572},
    doi = {10.1145/3209978.3210063},
    arxivId = {1805.01788},
    keywords = {Algorithmic fairness, Amortized fairness, Attention, Exposure, Fair ranking, Individual fairness, Position bias}
}

@article{HerlockerEvaluatingSystems,
    title = {{Evaluating Collaborative Filtering Recommender Systems}},
    author = {Herlocker, Jonathan L and Konstan, Joseph A and Terveen, Loren G and Riedl, John T},
    keywords = {H34 [Information Storage and Retrieval]: Systems and Software-performance Evaluation (efficiency and effectiveness) General Terms: Experimentation, Measurement, Performance Additional Key Words and Phrases: Collaborative filtering, evaluation, metrics, recommender systems}
}

@inproceedings{Diaz2020EvaluatingExposure,
    title = {{Evaluating Stochastic Rankings with Expected Exposure}},
    year = {2020},
    booktitle = {Proceedings of the 29th ACM International Conference on Information {\&} Knowledge Management},
    author = {Diaz, Fernando and Mitra, Bhaskar and Ekstrand, Michael D and Biega, Asia J and Carterette, Ben},
    pages = {275--284},
    publisher = {ACM},
    url = {https://doi.org/10.1145/3340531.3411962},
    address = {New York, NY, USA},
    isbn = {9781450368599},
    doi = {10.1145/3340531},
    keywords = {diversity, evaluation, fairness}
}

@inproceedings{Voorhees2001EvaluationDocuments,
    title = {{Evaluation by Highly Relevant Documents}},
    year = {2001},
    booktitle = {Proceedings of the 24th Annual International ACM SIGIR Conference on Research and Development in Information Retrieval},
    author = {Voorhees, Ellen M},
    pages = {74--82},
    series = {SIGIR '01},
    publisher = {Association for Computing Machinery},
    url = {https://doi.org/10.1145/383952.383963},
    address = {New York, NY, USA},
    isbn = {1581133316},
    doi = {10.1145/383952.383963}
}

@inproceedings{Lioma2017EvaluationLists,
    title = {{Evaluation measures for relevance and credibility in ranked lists}},
    year = {2017},
    booktitle = {ICTIR 2017 - Proceedings of the 2017 ACM SIGIR International Conference on the Theory of Information Retrieval},
    author = {Lioma, Christina and Simonsen, Jakob Grue and Larsen, Birger},
    month = {10},
    pages = {91--98},
    publisher = {Association for Computing Machinery, Inc},
    url = {https://dl.acm.org/doi/10.1145/3121050.3121072},
    address = {Amsterdam, The Netherlands},
    isbn = {9781450344906},
    doi = {10.1145/3121050.3121072},
    arxivId = {1708.07157},
    keywords = {Credibility, Evaluation measures, Relevance}
}

@article{Rampisela2024EvaluationStudy,
    title = {{Evaluation Measures of Individual Item Fairness for Recommender Systems: A Critical Study}},
    year = {2024},
    journal = {ACM Trans. Recomm. Syst.},
    author = {Rampisela, Theresia Veronika and Maistro, Maria and Ruotsalo, Tuukka and Lioma, Christina},
    number = {2},
    month = {11},
    volume = {3},
    publisher = {Association for Computing Machinery},
    url = {https://doi.org/10.1145/3631943},
    address = {New York, NY, USA},
    doi = {10.1145/3631943},
    keywords = {Item fairness, evaluation measures, fairness measures, individual fairness, recommender systems}
}

@inproceedings{Meng2020ExploringModels,
    title = {{Exploring Data Splitting Strategies for the Evaluation of Recommendation Models}},
    year = {2020},
    booktitle = {RecSys 2020 - 14th ACM Conference on Recommender Systems},
    author = {Meng, Zaiqiao and McCreadie, Richard and MacDonald, Craig and Ounis, Iadh},
    month = {9},
    pages = {681--686},
    publisher = {Association for Computing Machinery, Inc},
    url = {https://dl.acm.org/doi/10.1145/3383313.3418479},
    address = {Virtual Event, Brazil},
    isbn = {9781450375832},
    doi = {10.1145/3383313.3418479},
    arxivId = {2007.13237},
    keywords = {Leave-one-out, Model Evaluation, Recommender Systems, Spliting Strategy, Temporal Split}
}

@article{Zehlike2017FAIR:Algorithm,
    title = {{FA*IR: A fair top-k ranking algorithm}},
    year = {2017},
    journal = {International Conference on Information and Knowledge Management, Proceedings},
    author = {Zehlike, Meike and Bonchi, Francesco and Castillo, Carlos and Hajian, Sara and Megahed, Mohamed and Baeza-Yates, Ricardo},
    month = {11},
    pages = {1569--1578},
    volume = {Part F131841},
    publisher = {Association for Computing Machinery},
    url = {https://dl.acm.org/doi/10.1145/3132847.3132938},
    isbn = {9781450349185},
    doi = {10.1145/3132847.3132938},
    arxivId = {1706.06368},
    keywords = {Algorithmic fairness, Bias in computer systems, Ranking, Top-k selection.}
}

@inproceedings{Saito2022FairRanking,
    title = {{Fair Ranking as Fair Division:  Impact-Based Individual Fairness in Ranking}},
    year = {2022},
    booktitle = {Proceedings of the 28th ACM SIGKDD Conference on Knowledge Discovery and Data Mining (KDD '22), August 14-18, 2022, Washington, DC, USA},
    author = {Saito, Yuta and Joachims, Thorsten},
    pages = {1514--1524},
    volume = {1},
    publisher = {ACM},
    address = {Washington, DC, USA},
    isbn = {9781450393850},
    doi = {10.1145/3534678.3539353},
    keywords = {Fair Division, Fairness in Ranking, Nash Social Welfare}
}

@article{Gao2022FAIR:Evaluation,
    title = {{FAIR: Fairness-aware information retrieval evaluation}},
    year = {2022},
    journal = {Journal of the Association for Information Science and Technology},
    author = {Gao, Ruoyuan and Ge, Yingqiang and Shah, Chirag},
    number = {10},
    month = {10},
    pages = {1461--1473},
    volume = {73},
    publisher = {John Wiley {\&} Sons, Ltd},
    url = {https://onlinelibrary.wiley.com/doi/full/10.1002/asi.24648 https://onlinelibrary.wiley.com/doi/abs/10.1002/asi.24648 https://asistdl.onlinelibrary.wiley.com/doi/10.1002/asi.24648},
    doi = {10.1002/ASI.24648},
    issn = {2330-1643},
    arxivId = {2106.08527}
}

@article{Mansoury2020FairMatch:Systems,
    title = {{FairMatch: A Graph-based Approach for Improving Aggregate Diversity in Recommender Systems}},
    year = {2020},
    journal = {UMAP 2020 - Proceedings of the 28th ACM Conference on User Modeling, Adaptation and Personalization},
    author = {Mansoury, Masoud and Abdollahpouri, Himan and Pechenizkiy, Mykola and Mobasher, Bamshad and Burke, Robin},
    month = {7},
    pages = {154--162},
    volume = {20},
    publisher = {ACM},
    url = {https://doi.org/10.1145/3340631.3394860},
    isbn = {9781450368612},
    doi = {10.1145/3340631.3394860},
    arxivId = {2005.01148},
    keywords = {Aggregate diversity, Fairness, Long-tail, Popularity bias, Recommendation coverage, Recommender Systems, aggregate diversity, fairness, long-tail, popularity bias, recommendation coverage, recommender systems}
}

@article{Zehlike2022FairnessSystems,
    title = {{Fairness in Ranking, Part II: Learning-to-Rank and Recommender Systems}},
    year = {2022},
    journal = {ACM Computing Surveys},
    author = {Zehlike, Meike and Yang, Ke and Stoyanovich, Julia},
    number = {6},
    month = {12},
    volume = {55},
    publisher = {ACM PUB27 New York, NY},
    url = {https://dl.acm.org/doi/10.1145/3533380},
    doi = {10.1145/3533380},
    issn = {15577341},
    keywords = {Fairness, ranking, responsible data science, set selection, survey}
}

@article{Zehlike2022FairnessSystemsb,
    title = {{Fairness in Ranking, Part II: Learning-to-Rank and Recommender Systems}},
    year = {2022},
    journal = {ACM Comput. Surv.},
    author = {Zehlike, Meike and Yang, Ke and Stoyanovich, Julia},
    number = {6},
    month = {12},
    volume = {55},
    publisher = {Association for Computing Machinery},
    url = {https://doi.org/10.1145/3533380},
    address = {New York, NY, USA},
    doi = {10.1145/3533380},
    issn = {0360-0300},
    keywords = {Fairness, ranking, responsible data science, set selection, survey}
}

@article{Zehlike2022FairnessSystemsc,
    title = {{Fairness in Ranking, Part II: Learning-to-Rank and Recommender Systems}},
    year = {2022},
    journal = {ACM Comput. Surv.},
    author = {Zehlike, Meike and Yang, Ke and Stoyanovich, Julia},
    number = {6},
    month = {12},
    pages = {1--41},
    volume = {55},
    publisher = {Association for Computing Machinery},
    url = {https://doi.org/10.1145/3533380},
    address = {New York, NY, USA},
    doi = {10.1145/3533380},
    issn = {0360-0300},
    keywords = {Fairness, ranking, responsible data science, set selection, survey}
}

@article{Li2023FairnessApplications,
    title = {{Fairness in Recommendation: Foundations, Methods and Applications}},
    year = {2023},
    journal = {ACM Transactions on Intelligent Systems and Technology},
    author = {Li, Yunqi and Chen, Hanxiong and Xu, Shuyuan and Ge, Yingqiang and Tan, Juntao and Liu, Shuchang and Zhang, Yongfeng},
    month = {1},
    publisher = {ACM},
    url = {https://dl.acm.org/doi/10.1145/3610302},
    doi = {10.1145/3610302},
    issn = {2157-6904},
    keywords = {Fairness, Machine Learning, Recommender System, {\textperiodcentered} Information systems → Recommender systems Additi}
}

@inproceedings{Patro2020FairRec:Platforms,
    title = {{FairRec: Two-Sided Fairness for Personalized Recommendations in Two-Sided Platforms}},
    year = {2020},
    booktitle = {The Web Conference 2020 - Proceedings of the World Wide Web Conference, WWW 2020},
    author = {Patro, Gourab K. and Biswas, Arpita and Ganguly, Niloy and Gummadi, Krishna P. and Chakraborty, Abhijnan},
    month = {4},
    pages = {1194--1204},
    publisher = {Association for Computing Machinery, Inc},
    address = {Taipei, Taiwan},
    isbn = {9781450370233},
    doi = {10.1145/3366423.3380196},
    arxivId = {2002.10764},
    keywords = {Envy-Freeness, Fair Allocation, Fair Recommendation, Maximin Share, Two-Sided Markets}
}

@article{Zhu2020FARM:APPs,
    title = {{FARM: A Fairness-Aware Recommendation Method for High Visibility and Low Visibility Mobile APPs}},
    year = {2020},
    journal = {IEEE Access},
    author = {Zhu, Qiliang and Sun, Qibo and Li, Zengxiang and Wang, Shangguang},
    pages = {122747--122756},
    volume = {8},
    publisher = {Institute of Electrical and Electronics Engineers Inc.},
    doi = {10.1109/ACCESS.2020.3007617},
    issn = {21693536},
    keywords = {APP recommendation, fairness, fuzzy analytic hierarchy process, roulette-wheel}
}

@inproceedings{Lin2022ImprovingLearning,
    title = {{Improving Graph Collaborative Filtering with Neighborhood-enriched Contrastive Learning}},
    year = {2022},
    booktitle = {WWW 2022 - Proceedings of the ACM Web Conference 2022},
    author = {Lin, Zihan and Tian, Changxin and Hou, Yupeng and Zhao, Wayne Xin},
    month = {4},
    pages = {2320--2329},
    publisher = {Association for Computing Machinery, Inc},
    url = {https://dl.acm.org/doi/10.1145/3485447.3512104},
    address = {Virtual Event, Lyon, France},
    isbn = {9781450390965},
    doi = {10.1145/3485447.3512104},
    arxivId = {2202.06200},
    keywords = {Collaborative Filtering, Contrastive Learning, Graph Neural Network, Recommender System, Recommender systems †}
}

@article{Deshpande2004Item-basedAlgorithms,
    title = {{Item-based top-N recommendation algorithms}},
    year = {2004},
    journal = {ACM Transactions on Information Systems},
    author = {Deshpande, Mukund and Karypis, George},
    number = {1},
    month = {1},
    pages = {143--177},
    volume = {22},
    publisher = {ACM},
    url = {https://dl.acm.org/doi/10.1145/963770.963776},
    doi = {10.1145/963770.963776},
    issn = {10468188},
    keywords = {E-commerce, Predicting user behavior, World wide web}
}

@inproceedings{Wu2022JointRecommendation,
    title = {{Joint Multisided Exposure Fairness for Recommendation}},
    year = {2022},
    booktitle = {SIGIR 2022 - Proceedings of the 45th International ACM SIGIR Conference on Research and Development in Information Retrieval},
    author = {Wu, Haolun and Mitra, Bhaskar and Ma, Chen and Diaz, Fernando and Liu, Xue},
    month = {7},
    pages = {703--714},
    publisher = {Association for Computing Machinery, Inc},
    url = {https://doi.org/10.1145/3477495.3532007},
    address = {Madrid, Spain},
    isbn = {9781450387323},
    doi = {10.1145/3477495.3532007},
    arxivId = {2205.00048},
    keywords = {exposure fairness, fairness-aware recommendation, multisided fairness, recommender system}
}

@inproceedings{Ni2019JustifyingAspects,
    title = {{Justifying Recommendations using Distantly-Labeled Reviews and Fine-Grained Aspects}},
    year = {2019},
    booktitle = {EMNLP-IJCNLP 2019 - 2019 Conference on Empirical Methods in Natural Language Processing and 9th International Joint Conference on Natural Language Processing, Proceedings of the Conference},
    author = {Ni, Jianmo and Li, Jiacheng and McAuley, Julian},
    pages = {188--197},
    publisher = {Association for Computational Linguistics},
    url = {https://aclanthology.org/D19-1018},
    address = {Hong Kong, China},
    isbn = {9781950737901},
    doi = {10.18653/V1/D19-1018}
}

@article{Lazovich2022MeasuringMetrics,
    title = {{Measuring disparate outcomes of content recommendation algorithms with distributional inequality metrics}},
    year = {2022},
    journal = {Patterns},
    author = {Lazovich, Tomo and Belli, Luca and Gonzales, Aaron and Bower, Amanda and Tantipongpipat, Uthaipon and Lum, Kristian and Husz{\'{a}}r, Ferenc and Chowdhury, Rumman},
    number = {8},
    month = {8},
    volume = {3},
    publisher = {Elsevier},
    url = {https://doi.org/10.1016/j.patter.2022.100568},
    doi = {10.1016/j.patter.2022.100568},
    issn = {2666-3899}
}

@inproceedings{Raj2022MeasuringResults,
    title = {{Measuring Fairness in Ranked Results}},
    year = {2022},
    booktitle = {Proceedings of the 45th International ACM SIGIR Conference on Research and Development in Information Retrieval},
    author = {Raj, Amifa and Ekstrand, Michael D.},
    month = {7},
    pages = {726--736},
    publisher = {ACM},
    url = {https://dl.acm.org/doi/10.1145/3477495.3532018},
    address = {New York, NY, USA},
    isbn = {9781450387323},
    doi = {10.1145/3477495.3532018},
    keywords = {fair ranking, fairness metrics, group fairness}
}

@article{Wu2000MetricsSet,
    title = {{Metrics for Quality Assessment of a Multiobjective Design Optimization Solution Set}},
    year = {2000},
    journal = {Journal of Mechanical Design},
    author = {Wu, Jin and Azarm, Shapour},
    number = {1},
    month = {1},
    pages = {18--25},
    volume = {123},
    url = {https://doi.org/10.1115/1.1329875},
    doi = {10.1115/1.1329875},
    issn = {1050-0472}
}

@article{Wu2020MetricsSet,
    title = {{Metrics for Quality Assessment of a Multiobjective Design Optimization Solution Set}},
    year = {2020},
    journal = {Proceedings of the ASME Design Engineering Technical Conference},
    author = {Wu, Jin and Azarm, Shapour},
    month = {12},
    pages = {197--205},
    volume = {2},
    publisher = {American Society of Mechanical Engineers Digital Collection},
    url = {https://dx.doi.org/10.1115/DETC2000/DAC-14233},
    isbn = {9780791835128},
    doi = {10.1115/DETC2000/DAC-14233},
    keywords = {Design, Optimization, Pareto optimization}
}

@inproceedings{Palotti2018MM:Engines,
    title = {{MM: A new framework for multidimensional evaluation of search engines}},
    year = {2018},
    booktitle = {International Conference on Information and Knowledge Management, Proceedings},
    author = {Palotti, Joao and Zuccon, Guido and Hanbury, Allan},
    month = {10},
    pages = {1699--1702},
    publisher = {Association for Computing Machinery},
    url = {https://dl.acm.org/doi/10.1145/3269206.3269261},
    address = {Torino, Italy},
    isbn = {9781450360142},
    doi = {10.1145/3269206.3269261}
}

@article{Ryu2018Multi-objectiveWeight,
    title = {{Multi-objective Optimization with an Adaptive Weight Determination Scheme Using the Concept of Hyperplane: Multi-objective Optimization with an Adaptive Weight}},
    year = {2018},
    journal = {International Journal for Numerical Methods in Engineering},
    author = {Ryu, Namhee and Min, Seungjae},
    month = {10},
    pages = {303--319},
    volume = {118},
    doi = {10.1002/nme.6013}
}

@article{Zaizi2023Multi-objectiveReview,
    title = {{Multi-objective optimization with recommender systems: A systematic review}},
    year = {2023},
    journal = {Information Systems},
    author = {Zaizi, Fatima Ezzahra and Qassimi, Sara and Rakrak, Said},
    month = {7},
    pages = {102233},
    volume = {117},
    publisher = {Pergamon},
    doi = {10.1016/J.IS.2023.102233},
    issn = {0306-4379},
    keywords = {MORS, Multi-objective optimization, Multi-objective recommendation, Optimization algorithms, Personalization, Recommender systems, Systematic review}
}

@article{Ribeiro2013Multi-ObjectiveSystems,
    title = {{Multi-Objective Pareto-Efficient Approaches for Recommender Systems 2013. Multi-Objective Pareto-Efficient Approaches for Recommender Systems}},
    year = {2013},
    journal = {ACM Trans. Intell. Syst. Technol},
    author = {Ribeiro, Marco Tulio and Lacerda, Anisio and Silva, Edleno and Moura, D E and Silva De Moura, Edleno and Hata, Itamar and Veloso, Adriano and Zi, Nivio},
    number = {1},
    volume = {9},
    url = {http://dx.doi.org/10.1145/0000000.0000000},
    doi = {10.1145/0000000.0000000},
    keywords = {Categories and Subject Descriptors, H33 [Information Storage and Retrieval], Multi-Objective Recommender Systems, Pareto-Efficiency}
}

@phdthesis{vanVeldhuizen1999MultiobjectiveInnovations,
    title = {{Multiobjective evolutionary algorithms: classifications, analyses, and new innovations}},
    year = {1999},
    author = {van Veldhuizen, David A},
    url = {https://api.semanticscholar.org/CorpusID:61080988},
    school = {Air Force Institute of Technology}
}

@article{Ribeiro2015MultiobjectiveSystems,
    title = {{Multiobjective Pareto-Efficient Approaches for Recommender Systems}},
    year = {2015},
    journal = {ACM Trans. Intell. Syst. Technol.},
    author = {Ribeiro, Marco Tulio and Ziviani, Nivio and Moura, Edleno Silva De and Hata, Itamar and Lacerda, Anisio and Veloso, Adriano},
    number = {4},
    month = {12},
    pages = {1--20},
    volume = {5},
    publisher = {Association for Computing Machinery},
    url = {https://doi.org/10.1145/2629350},
    address = {New York, NY, USA},
    doi = {10.1145/2629350},
    issn = {2157-6904},
    keywords = {Multiobjective recommender systems, Pareto efficiency}
}

@article{Xu2023P-MMF:System,
    title = {{P-MMF: Provider Max-min Fairness Re-ranking in Recommender System}},
    year = {2023},
    journal = {ACM Web Conference 2023 - Proceedings of the World Wide Web Conference, WWW 2023},
    author = {Xu, Chen and Chen, Sirui and Xu, Jun and Shen, Weiran and Zhang, Xiao and Wang, Gang and Dong, Zhenhua},
    month = {4},
    pages = {3701--3711},
    publisher = {Association for Computing Machinery, Inc},
    url = {https://dl.acm.org/doi/10.1145/3543507.3583296},
    isbn = {9781450394161},
    doi = {10.1145/3543507.3583296},
    arxivId = {2303.06660},
    keywords = {Max-min Fairness, Provider Fairness, Recommender System}
}

@inproceedings{HaoParetoFormat,
    title = {{Pareto Optimality for Fairness-constrained Collaborative Filtering KEYWORDS Pareto Optimal, Constrained Multi-objective Optimization, Collab-orative Filtering ACM Reference Format}},
    author = {Hao, Qianxiu and Xu, Qianqian and Yang, Zhiyong and Huang, Qingming},
    publisher = {Virtual Event},
    url = {https://doi.org/10.1145/3474085.3475706},
    isbn = {9781450386517},
    doi = {10.1145/3474085.3475706}
}

@article{Censor1977ParetoProblems,
    title = {{Pareto optimality in multiobjective problems}},
    year = {1977},
    journal = {Applied Mathematics {\&} Optimization},
    author = {Censor, Yair},
    number = {1},
    month = {3},
    pages = {41--59},
    volume = {4},
    publisher = {Springer-Verlag},
    url = {https://link.springer.com/article/10.1007/BF01442131},
    doi = {10.1007/BF01442131/METRICS},
    issn = {14320606},
    keywords = {"scalarization", Multiobjective optimization, Pareto optimality, cones of directions, convexity, dual cones, sub-differential, vector mathematical programming}
}

@article{Audet2020PerformanceOptimization,
    title = {{Performance indicators in multiobjective optimization}},
    year = {2020},
    journal = {European Journal of Operational Research},
    author = {Audet, Charles and Bigeon, Jean and Cartier, Dominique and Le Digabel, Sébastien and Salomon, Ludovic},
    number = {2},
    pages = {397--422},
    volume = {292},
    publisher = {Elsevier},
    url = {https://hal.science/hal-03048871},
    doi = {10.1016/j.ejor.2020.11.016},
    keywords = {multiobjective optimization ; quality indicators ; performance indicators}
}

@article{Audet2020PerformanceOptimizationb,
    title = {{Performance indicators in multiobjective optimization}},
    year = {2020},
    journal = {European Journal of Operational Research},
    author = {Audet, Charles and Bigeon, Jean and Cartier, Dominique and Le Digabel, Sébastien and Salomon, Ludovic},
    number = {2},
    month = {7},
    pages = {397--422},
    volume = {292},
    publisher = {Elsevier B.V.},
    url = {https://hal.science/hal-03048871 https://hal.science/hal-03048871/document},
    doi = {10.1016/J.EJOR.2020.11.016},
    issn = {03772217},
    keywords = {multiobjective optimization, performance indicators, quality indicators}
}

@article{Audet2020PerformanceOptimizationc,
    title = {{Performance indicators in multiobjective optimization}},
    year = {2020},
    journal = {European Journal of Operational Research},
    author = {Audet, Charles and Bigeon, Jean and Cartier, Dominique and Le Digabel, Sébastien and Salomon, Ludovic},
    number = {2},
    month = {7},
    pages = {397--422},
    volume = {292},
    publisher = {Elsevier B.V.},
    url = {https://hal.science/hal-03048871 https://hal.science/hal-03048871/document},
    doi = {10.1016/J.EJOR.2020.11.016},
    issn = {03772217},
    keywords = {multiobjective optimization, performance indicators, quality indicators}
}

@article{Yen2014PerformanceAlgorithms,
    title = {{Performance metric ensemble for multiobjective evolutionary algorithms}},
    year = {2014},
    journal = {IEEE Transactions on Evolutionary Computation},
    author = {Yen, Gary G. and He, Zhenan},
    number = {1},
    month = {2},
    pages = {131--144},
    volume = {18},
    doi = {10.1109/TEVC.2013.2240687},
    issn = {1089778X},
    keywords = {Double elimination design, ensemble method, evolutionary algorithms (EAs), performance metrics}
}

@article{Yen2014PerformanceAlgorithmsb,
    title = {{Performance metric ensemble for multiobjective evolutionary algorithms}},
    year = {2014},
    journal = {IEEE Transactions on Evolutionary Computation},
    author = {Yen, Gary G. and He, Zhenan},
    number = {1},
    month = {2},
    pages = {131--144},
    volume = {18},
    doi = {10.1109/TEVC.2013.2240687},
    issn = {1089778X},
    keywords = {Double elimination design, ensemble method, evolutionary algorithms (EAs), performance metrics}
}

@inproceedings{Riquelme2015PerformanceOptimization,
    title = {{Performance metrics in multi-objective optimization}},
    year = {2015},
    booktitle = {Proceedings - 2015 41st Latin American Computing Conference, CLEI 2015},
    author = {Riquelme, Nery and Von L{\"{u}}cken, Christian and Bar{\'{a}}n, Benjamín},
    month = {12},
    publisher = {Institute of Electrical and Electronics Engineers Inc.},
    isbn = {9781467391436},
    doi = {10.1109/CLEI.2015.7360024}
}

@inproceedings{Xie2021PersonalizedRecommendation,
    title = {{Personalized Approximate Pareto-Efficient Recommendation}},
    year = {2021},
    booktitle = {Proceedings of the Web Conference 2021},
    author = {Xie, Ruobing and Liu, Yanlei and Zhang, Shaoliang and Wang, Rui and Xia, Feng and Lin, Leyu},
    pages = {3839--3849},
    series = {WWW '21},
    publisher = {Association for Computing Machinery},
    url = {https://doi.org/10.1145/3442381.3450039},
    address = {New York, NY, USA},
    isbn = {9781450383127},
    doi = {10.1145/3442381.3450039},
    keywords = {Pareto efficiency, multi-objective optimization, recommendation}
}

@article{Paparella2023Post-hocRecommendation,
    title = {{Post-hoc Selection of Pareto-Optimal Solutions in Search and Recommendation}},
    year = {2023},
    journal = {International Conference on Information and Knowledge Management, Proceedings},
    author = {Paparella, Vincenzo and Anelli, Vito Walter and Nardini, Franco Maria and Perego, Raffaele and Di Noia, Tommaso},
    month = {10},
    pages = {2013--2023},
    publisher = {Association for Computing Machinery},
    url = {https://dl.acm.org/doi/10.1145/3583780.3615010},
    isbn = {9798400701245},
    doi = {10.1145/3583780.3615010},
    keywords = {Information Retrieval, Pareto optimality, Recommender Systems}
}

@inproceedings{Webber2008Precision-at-tenRedundant,
    title = {{Precision-at-ten considered redundant}},
    year = {2008},
    booktitle = {ACM SIGIR 2008 - 31st Annual International ACM SIGIR Conference on Research and Development in Information Retrieval, Proceedings},
    author = {Webber, William and Moffat, Alistair and Zobel, Justin and Sakai, Tetsuya},
    pages = {695--696},
    publisher = {ACM},
    url = {https://dl.acm.org/doi/10.1145/1390334.1390456},
    address = {Singapore},
    isbn = {9781605581644},
    doi = {10.1145/1390334.1390456},
    keywords = {Experimentation, Measurement, Performance}
}

@inproceedings{Maistro2021PrincipledRankings,
    title = {{Principled Multi-Aspect Evaluation Measures of Rankings}},
    year = {2021},
    booktitle = {International Conference on Information and Knowledge Management, Proceedings},
    author = {Maistro, Maria and Lima, Lucas Chaves and Simonsen, Jakob Grue and Lioma, Christina},
    month = {10},
    pages = {1232--1242},
    publisher = {Association for Computing Machinery},
    url = {https://dl.acm.org/doi/10.1145/3459637.3482287},
    address = {Virtual Event, Queensland, Australia},
    isbn = {9781450384469},
    doi = {10.1145/3459637.3482287},
    arxivId = {2212.00492},
    keywords = {evaluation, multiple aspects, partial order, ranking}
}

@article{Wang2022ProvidingSystems,
    title = {{Providing Item-side Individual Fairness for Deep Recommender Systems}},
    year = {2022},
    journal = {ACM International Conference Proceeding Series},
    author = {Wang, Xiuling and Wang, Wendy Hui},
    month = {6},
    pages = {117--127},
    volume = {22},
    publisher = {Association for Computing Machinery},
    url = {https://doi.org/10.1145/3531146.3533079},
    isbn = {9781450393522},
    doi = {10.1145/3531146.3533079},
    keywords = {Individual fairness, algorithmic fairness in machine learning, deep recommender systems}
}

@article{Li2019QualityOptimisation,
    title = {{Quality Evaluation of Solution Sets in Multiobjective Optimisation}},
    year = {2019},
    journal = {ACM Computing Surveys (CSUR)},
    author = {Li, Miqing and Yao, Xin and Li, M and Yao, X},
    number = {2},
    month = {3},
    pages = {26},
    volume = {52},
    publisher = {{\\\}		ACM{\\\}		PUB27{\\\}		New York, NY, USA{\\\}	},
    url = {https://dl.acm.org/doi/10.1145/3300148},
    doi = {10.1145/3300148},
    issn = {15577341},
    keywords = {Quality evaluation, evolutionary algorithms, exact method, heuristic, indicator, measure, metaheuristic, metric, multi-criteria optimisation, multobjective optimisation, performance assessment}
}

@inproceedings{Zhao2021RecBole:Algorithms,
    title = {{RecBole: Towards a Unified, Comprehensive and Efficient Framework for Recommendation Algorithms}},
    year = {2021},
    booktitle = {International Conference on Information and Knowledge Management, Proceedings},
    author = {Zhao, Wayne Xin and Mu, Shanlei and Hou, Yupeng and Lin, Zihan and Chen, Yushuo and Pan, Xingyu and Li, Kaiyuan and Lu, Yujie and Wang, Hui and Tian, Changxin and Min, Yingqian and Feng, Zhichao and Fan, Xinyan and Chen, Xu and Wang, Pengfei and Ji, Wendi and Li, Yaliang and Wang, Xiaoling and Wen, Ji Rong},
    pages = {4653--4664},
    publisher = {ACM},
    url = {https://doi.org/10.1145/3459637.3482016},
    address = {New York, NY, USA},
    isbn = {9781450384469},
    doi = {10.1145/3459637.3482016},
    arxivId = {2011.01731},
    keywords = {collaborative filtering, recommender system, toolkit}
}

@inproceedings{Zehlike2020ReducingApproach,
    title = {{Reducing Disparate Exposure in Ranking: A Learning To Rank Approach}},
    year = {2020},
    booktitle = {Proceedings of The Web Conference 2020},
    author = {Zehlike, Meike and Castillo, Carlos},
    pages = {2849--2855},
    series = {WWW '20},
    publisher = {Association for Computing Machinery},
    url = {https://doi.org/10.1145/3366424.3380048},
    address = {New York, NY, USA},
    isbn = {9781450370233},
    doi = {10.1145/3366424.3380048},
    keywords = {Algorithmic Fairness, Disparate Impact, Ranking}
}

@misc{Nia2022RethinkingNetworks,
    title = {{Rethinking pareto frontier for performance evaluation of deep neural networks}},
    year = {2022},
    booktitle = {arXiv preprint arXiv:2202.09275},
    author = {Nia, Vahid Partovi and Ghaffari, Alireza and Zolnouri, Mahdi and Savaria, Yvon}
}

@inproceedings{Moffat2013SevenMetrics,
    title = {{Seven Numeric Properties of Effectiveness Metrics}},
    year = {2013},
    booktitle = {Information Retrieval Technology},
    author = {Moffat, Alistair},
    editor = {Banchs, Rafael E and Silvestri, Fabrizio and Liu, Tie-Yan and Zhang, Min and Gao, Sheng and Lang, Jun},
    pages = {1--12},
    publisher = {Springer Berlin Heidelberg},
    address = {Berlin, Heidelberg},
    isbn = {978-3-642-45068-6}
}

@article{Laszczyk2019SurveyMeasures,
    title = {{Survey of quality measures for multi-objective optimization: Construction of complementary set of multi-objective quality measures}},
    year = {2019},
    journal = {Swarm and Evolutionary Computation},
    author = {Laszczyk, Maciej and Myszkowski, Paweł B.},
    month = {8},
    pages = {109--133},
    volume = {48},
    publisher = {Elsevier},
    doi = {10.1016/J.SWEVO.2019.04.001},
    issn = {2210-6502},
    keywords = {Benchmark, MS–RCPSP, Multi-objective optimization, Quality measures, Survey}
}

@article{Yuan2022Tenrec:Systems,
    title = {{Tenrec: A Large-scale Multipurpose Benchmark Dataset for Recommender Systems}},
    year = {2022},
    journal = {Advances in Neural Information Processing Systems},
    author = {Yuan, Guanghu and Yuan, Fajie and Li, Yudong and Kong, Beibei and Li, Shujie and Chen, Lei and Yang, Min and YU, Chenyun and Hu, Bo and Li, Zang and Xu, Yu and Qie, Xiaohu},
    month = {12},
    pages = {11480--11493},
    volume = {35},
    url = {https://www.tencent.com/en-us/}
}

@article{Harper2015TheContext,
    title = {{The MovieLens datasets: History and context}},
    year = {2015},
    journal = {ACM Trans. Interact. Intell. Syst.},
    author = {Harper, F Maxwell and Konstan, Joseph A},
    number = {4},
    pages = {1--19},
    volume = {5},
    url = {http://dx.doi.org/10.1145/2827872},
    doi = {10.1145/2827872},
    keywords = {MovieLens, and Phrases: Datasets, ratings, recommendations ACM Reference Format:}
}

@article{Kendall1945TheProblems,
    title = {{The Treatment of Ties in Ranking Problems}},
    year = {1945},
    journal = {Biometrika},
    author = {Kendall, M. G.},
    number = {3},
    month = {11},
    pages = {239--251},
    volume = {33},
    publisher = {Oxford Academic},
    url = {https://dx.doi.org/10.1093/biomet/33.3.239},
    doi = {10.1093/BIOMET/33.3.239},
    issn = {0006-3444},
    pmid = {21006841}
}

@inproceedings{Sacharidis2019Top-nFairness,
    title = {{Top-n group recommendations with fairness}},
    year = {2019},
    booktitle = {Proceedings of the ACM Symposium on Applied Computing},
    author = {Sacharidis, Dimitris},
    pages = {1663--1670},
    volume = {Part F147772},
    publisher = {Association for Computing Machinery},
    url = {https://dl.acm.org/doi/10.1145/3297280.3297442},
    address = {Limassol, Cyprus},
    isbn = {9781450359337},
    doi = {10.1145/3297280.3297442},
    keywords = {Aggregation Strategies, Fairness, Group Recommender Systems, Pareto Efficiency}
}

@inproceedings{Ge2022TowardLearning,
    title = {{Toward pareto efficient fairness-utility trade-off in recommendation through reinforcement learning}},
    year = {2022},
    booktitle = {WSDM 2022 - Proceedings of the 15th ACM International Conference on Web Search and Data Mining},
    author = {Ge, Yingqiang and Zhao, Xiaoting and Yu, Lucia and Paul, Saurabh and Hu, Diane and Hsieh, Chu Cheng and Zhang, Yongfeng},
    month = {2},
    pages = {316--324},
    publisher = {Association for Computing Machinery, Inc},
    url = {https://dl.acm.org/doi/10.1145/3488560.3498487},
    address = {Virtual Event, AZ, USA},
    isbn = {9781450391320},
    doi = {10.1145/3488560.3498487},
    arxivId = {2201.00140},
    keywords = {Multi-objective reinforcement learning, Pareto efficient fairness, Recommender system, Unbiased recommendation}
}

@article{Ge2022TowardLearningb,
    title = {{Toward pareto efficient fairness-utility trade-off in recommendation through reinforcement learning}},
    year = {2022},
    journal = {WSDM 2022 - Proceedings of the 15th ACM International Conference on Web Search and Data Mining},
    author = {Ge, Yingqiang and Zhao, Xiaoting and Yu, Lucia and Paul, Saurabh and Hu, Diane and Hsieh, Chu Cheng and Zhang, Yongfeng},
    month = {2},
    pages = {316--324},
    publisher = {Association for Computing Machinery, Inc},
    url = {https://dl.acm.org/doi/10.1145/3488560.3498487},
    isbn = {9781450391320},
    doi = {10.1145/3488560.3498487},
    arxivId = {2201.00140},
    keywords = {Multi-objective reinforcement learning, Pareto efficient fairness, Recommender system, Unbiased recommendation}
}

@article{Mehrotra2018TowardsSystems,
    title = {{Towards a fair marketplace: Counterfactual evaluation of the trade-off between relevance, fairness {\&} satisfaction in recommendation systems}},
    year = {2018},
    journal = {International Conference on Information and Knowledge Management, Proceedings},
    author = {Mehrotra, Rishabh and McInerney, James and Bouchard, Hugues and Lalmas, Mounia and Diaz, Fernando},
    month = {10},
    pages = {2243--2252},
    volume = {18},
    publisher = {Association for Computing Machinery},
    url = {https://dl.acm.org/doi/10.1145/3269206.3272027},
    isbn = {9781450360142},
    doi = {10.1145/3269206.3272027}
}

@book{Gini1912VariabilitaMutabilita,
    title = {{Variabilit{\`{a}} e mutabilit{\`{a}}}},
    year = {1912},
    booktitle = {Contributo allo Studio delle Distribuzioni e delle Relazioni Statistiche},
    author = {Gini, C.},
    publisher = {Tipogr. di P. Cuppini},
    address = {Rome}
}

@article{Liang2018VariationalFiltering,
    title = {{Variational autoencoders for collaborative filtering}},
    year = {2018},
    journal = {The Web Conference 2018 - Proceedings of the World Wide Web Conference, WWW 2018},
    author = {Liang, Dawen and Krishnan, Rahul G. and Hoffman, Matthew D. and Jebara, Tony},
    month = {4},
    pages = {689--698},
    volume = {10},
    publisher = {Association for Computing Machinery, Inc},
    url = {https://dl.acm.org/doi/10.1145/3178876.3186150},
    isbn = {9781450356398},
    doi = {10.1145/3178876.3186150},
    arxivId = {1802.05814},
    keywords = {Bayesian models, Collaborative filtering, Implicit feedback, Recommender systems, Variational autoencoder}
}