% Use this file for citations not found in the ACL Anthology (contained in "anthology.bib").

@article{naseem2021comprehensive,
  title={A comprehensive survey on word representation models: From classical to state-of-the-art word representation language models},
  author={Naseem, Usman and Razzak, Imran and Khan, Shah Khalid and Prasad, Mukesh},
  journal={Transactions on Asian and Low-Resource Language Information Processing},
  volume={20},
  number={5},
  pages={1--35},
  year={2021},
  publisher={ACM New York, NY}
}

@inproceedings{mohammad2018semeval,
  title={Semeval-2018 task 1: Affect in tweets},
  author={Mohammad, Saif and Bravo-Marquez, Felipe and Salameh, Mohammad and Kiritchenko, Svetlana},
  booktitle={Proceedings of the 12th international workshop on semantic evaluation},
  pages={1--17},
  year={2018}
}

@inproceedings{hayati-etal-2021-bert,
    title = "Does {BERT} Learn as Humans Perceive? Understanding Linguistic Styles through Lexica",
    author = "Hayati, Shirley Anugrah  and
      Kang, Dongyeop  and
      Ungar, Lyle",
    editor = "Moens, Marie-Francine  and
      Huang, Xuanjing  and
      Specia, Lucia  and
      Yih, Scott Wen-tau",
    booktitle = "Proceedings of the 2021 Conference on Empirical Methods in Natural Language Processing",
    month = nov,
    year = "2021",
    address = "Online and Punta Cana, Dominican Republic",
    publisher = "Association for Computational Linguistics",
    url = "https://aclanthology.org/2021.emnlp-main.510",
    doi = "10.18653/v1/2021.emnlp-main.510",
    pages = "6323--6331",
   
}


@inproceedings{buechel-etal-2018-modeling,
    title = "Modeling Empathy and Distress in Reaction to News Stories",
    author = "Buechel, Sven  and
      Buffone, Anneke  and
      Slaff, Barry  and
      Ungar, Lyle  and
      Sedoc, Jo{\~a}o",
    editor = "Riloff, Ellen  and
      Chiang, David  and
      Hockenmaier, Julia  and
      Tsujii, Jun{'}ichi",
    booktitle = "Proceedings of the 2018 Conference on Empirical Methods in Natural Language Processing",
    month = oct # "-" # nov,
    year = "2018",
    address = "Brussels, Belgium",
    publisher = "Association for Computational Linguistics",
    url = "https://aclanthology.org/D18-1507",
    doi = "10.18653/v1/D18-1507",
    pages = "4758--4765",
   
}
@inproceedings{lahnala-etal-2024-appraisal-framework,
    title = "Appraisal Framework for Clinical Empathy: A Novel Application to Breaking Bad News Conversations",
    author = "Lahnala, Allison Claire  and
      Neuendorf, B{\'e}la  and
      Thomin, Alexander  and
      Welch, Charles  and
      Stibane, Tina  and
      Flek, Lucie",
    editor = "Calzolari, Nicoletta  and
      Kan, Min-Yen  and
      Hoste, Veronique  and
      Lenci, Alessandro  and
      Sakti, Sakriani  and
      Xue, Nianwen",
    booktitle = "Proceedings of the 2024 Joint International Conference on Computational Linguistics, Language Resources and Evaluation (LREC-COLING 2024)",
    month = may,
    year = "2024",
    address = "Torino, Italia",
    publisher = "ELRA and ICCL",
    url = "https://aclanthology.org/2024.lrec-main.124",
    pages = "1393--1407",
}

@inproceedings{alhamzeh2022s,
  title={It’s time to reason: Annotating argumentation structures in financial earnings calls: The FinArg dataset},
  author={Alhamzeh, Alaa and Fonck, Romain and Versm{\'e}e, Erwan and Egyed-Zsigmond, El{\"o}d and Kosch, Harald and Brunie, Lionel},
  booktitle={Proceedings of the Fourth Workshop on Financial Technology and Natural Language Processing (FinNLP)},
  pages={163--169},
  year={2022}
}

@inproceedings{barriere-etal-2022-wassa,
    title = "{WASSA} 2022 Shared Task: Predicting Empathy, Emotion and Personality in Reaction to News Stories",
    author = "Barriere, Valentin  and
      Tafreshi, Shabnam  and
      Sedoc, Jo{\~a}o  and
      Alqahtani, Sawsan",
    editor = "Barnes, Jeremy  and
      De Clercq, Orph{\'e}e  and
      Barriere, Valentin  and
      Tafreshi, Shabnam  and
      Alqahtani, Sawsan  and
      Sedoc, Jo{\~a}o  and
      Klinger, Roman  and
      Balahur, Alexandra",
    booktitle = "Proceedings of the 12th Workshop on Computational Approaches to Subjectivity, Sentiment {\&} Social Media Analysis",
    month = may,
    year = "2022",
    address = "Dublin, Ireland",
    publisher = "Association for Computational Linguistics",
    url = "https://aclanthology.org/2022.wassa-1.20",
    doi = "10.18653/v1/2022.wassa-1.20",
    pages = "214--227",

}

@inproceedings{choi-etal-2023-llms,
    title = "Do {LLM}s Understand Social Knowledge? Evaluating the Sociability of Large Language Models with {S}oc{KET} Benchmark",
    author = "Choi, Minje  and
      Pei, Jiaxin  and
      Kumar, Sagar  and
      Shu, Chang  and
      Jurgens, David",
    editor = "Bouamor, Houda  and
      Pino, Juan  and
      Bali, Kalika",
    booktitle = "Proceedings of the 2023 Conference on Empirical Methods in Natural Language Processing",
    month = dec,
    year = "2023",
    address = "Singapore",
    publisher = "Association for Computational Linguistics",
    url = "https://aclanthology.org/2023.emnlp-main.699",
    doi = "10.18653/v1/2023.emnlp-main.699",
    pages = "11370--11403",

}

@inproceedings{juhng2023discourse,
  title={Discourse-level representations can improve prediction of degree of anxiety},
  author={Juhng, Swanie and Matero, Matthew and Varadarajan, Vasudha and Eichstaedt, Johannes and Ganesan, Adithya V and Schwartz, H Andrew},
  booktitle={Proceedings of the 61st Annual Meeting of the Association for Computational Linguistics (Volume 2: Short Papers)},
  pages={1500--1511},
  year={2023}
}



@article{sakketou2022investigating,
  title={Investigating user radicalization: A novel dataset for identifying fine-grained temporal shifts in opinion},
  author={Sakketou, Flora and Lahnala, Allison and Vogel, Liane and Flek, Lucie},
  journal={arXiv preprint arXiv:2204.10190},
  year={2022}
}

@inproceedings{sandri-etal-2023-dont,
    title = "Why Don{'}t You Do It Right? Analysing Annotators{'} Disagreement in Subjective Tasks",
    author = "Sandri, Marta  and
      Leonardelli, Elisa  and
      Tonelli, Sara  and
      Jezek, Elisabetta",
    editor = "Vlachos, Andreas  and
      Augenstein, Isabelle",
    booktitle = "Proceedings of the 17th Conference of the European Chapter of the Association for Computational Linguistics",
    month = may,
    year = "2023",
    address = "Dubrovnik, Croatia",
    publisher = "Association for Computational Linguistics",
    url = "https://aclanthology.org/2023.eacl-main.178",
    doi = "10.18653/v1/2023.eacl-main.178",

}

@article{sap2021annotators,
  title={Annotators with attitudes: How annotator beliefs and identities bias toxic language detection},
  author={Sap, Maarten and Swayamdipta, Swabha and Vianna, Laura and Zhou, Xuhui and Choi, Yejin and Smith, Noah A},
  journal={arXiv preprint arXiv:2111.07997},
  year={2021}
}

@article{murphy2019self,
  title={Are self-report cognitive empathy ratings valid proxies for cognitive empathy ability? Negligible meta-analytic relations with behavioral task performance.},
  author={Murphy, Brett A and Lilienfeld, Scott O},
  journal={Psychological Assessment},
  volume={31},
  number={8},
  pages={1062},
  year={2019},
  publisher={American Psychological Association}
}

@article{heintz2017others,
  title={Do others judge my humor style as I do?},
  author={Heintz, Sonja},
  journal={European Journal of Psychological Assessment},
  year={2017},
  publisher={Hogrefe Publishing}
}

@article{baumeister2007psychology,
  title={Psychology as the science of self-reports and finger movements: Whatever happened to actual behavior?},
  author={Baumeister, Roy F and Vohs, Kathleen D and Funder, David C},
  journal={Perspectives on psychological science},
  volume={2},
  number={4},
  pages={396--403},
  year={2007},
  publisher={Sage Publications Sage CA: Los Angeles, CA}
}


@article{liang2020beyond,
  title={Beyond user self-reported likert scale ratings: A comparison model for automatic dialog evaluation},
  author={Liang, Weixin and Zou, James and Yu, Zhou},
  journal={arXiv preprint arXiv:2005.10716},
  year={2020}
}

@article{rosenthal2019semeval,
  title={SemEval-2017 task 4: Sentiment analysis in Twitter},
  author={Rosenthal, Sara and Farra, Noura and Nakov, Preslav},
  journal={arXiv preprint arXiv:1912.00741},
  year={2019}
}

@article{sharma2020computational,
  title={A computational approach to understanding empathy expressed in text-based mental health support},
  author={Sharma, Ashish and Miner, Adam S and Atkins, David C and Althoff, Tim},
  journal={arXiv preprint arXiv:2009.08441},
  year={2020}
}

@inproceedings{meaney2021semeval,
  title={SemEval 2021 task 7: HaHackathon, detecting and rating humor and offense},
  author={Meaney, JA and Wilson, Steven and Chiruzzo, Luis and Lopez, Adam and Magdy, Walid},
  booktitle={Proceedings of the 15th International Workshop on Semantic Evaluation (SemEval-2021)},
  pages={105--119},
  year={2021}
}

@inproceedings{ganesan2021empirical,
  title={Empirical Evaluation of Pre-trained Transformers for Human-Level NLP: The Role of Sample Size and Dimensionality},
  author={Ganesan, Adithya V and Matero, Matthew and Ravula, Aravind Reddy and Vu, Huy and Schwartz, H Andrew},
  booktitle={Proceedings of the 2021 Conference of the North American Chapter of the Association for Computational Linguistics: Human Language Technologies},
  pages={4515--4532},
  year={2021}
}


@inproceedings{varadarajan-etal-2023,
    title = "Transfer and Active Learning for Dissonance Detection: Addressing the Rare-Class Challenge",
    author = "Varadarajan, Vasudha and Juhng, Swanie and Mahwish, Syeda and Liu, Xiaoran and Luby, Jonah and Luhmann, Christian C. and Schwartz, H. Andrew",
    booktitle = "Proceedings of The 61st Annual Meeting of the Association for Computational Linguistics",
    publisher = "Association for Computational Linguistics",
    year={2023}
}

@inproceedings{varadarajan2022disso,
    title = "Detecting Dissonant Stance in Social Media: The Role of Topic Exposure",
    author = "Varadarajan, Vasudha  and
      Soni, Nikita  and
      Wang, Weixi  and
      Luhmann, Christian  and
      Schwartz, H. Andrew  and
      Inoue, Naoya",
    booktitle = "Proceedings of the Fifth Workshop on Natural Language Processing and Computational Social Science (NLP+CSS)",
    year = "2022",
    publisher = "Association for Computational Linguistics",
    url = "https://aclanthology.org/2022.nlpcss-1.16",
    
}


@inproceedings{son2018causal,
      title={Causal Explanation Analysis on Social Media}, 
      author={Youngseo Son and Nipun Bayas and H. Andrew Schwartz},
      year={2018},
      Booktitle = {Proceedings of the 2018 Conference on Empirical Methods in Natural Language Processing},
      publisher = {Association for Computational Linguistics},
      primaryClass={cs.CL}
}

@inproceedings{son-etal-2017-recognizing,
    title = "Recognizing Counterfactual Thinking in Social Media Texts",
    author = "Son, Youngseo  and
      Buffone, Anneke  and
      Raso, Joe  and
      Larche, Allegra  and
      Janocko, Anthony  and
      Zembroski, Kevin  and
      Schwartz, H Andrew  and
      Ungar, Lyle",
    booktitle = "Proceedings of the 55th Annual Meeting of the Association for Computational Linguistics (Volume 2: Short Papers)",
    month = jul,
    year = "2017",
    address = "Vancouver, Canada",
    publisher = "Association for Computational Linguistics",
    url = "https://aclanthology.org/P17-2103",
    doi = "10.18653/v1/P17-2103",
    pages = "654--658",
}

@inproceedings{son-etal-2018-causal,
    title = "Causal Explanation Analysis on Social Media",
    author = "Son, Youngseo  and
      Bayas, Nipun  and
      Schwartz, H. Andrew",
    editor = "Riloff, Ellen  and
      Chiang, David  and
      Hockenmaier, Julia  and
      Tsujii, Jun{'}ichi",
    booktitle = "Proceedings of the 2018 Conference on Empirical Methods in Natural Language Processing",
    month = oct # "-" # nov,
    year = "2018",
    address = "Brussels, Belgium",
    publisher = "Association for Computational Linguistics",
    url = "https://aclanthology.org/D18-1372",
    doi = "10.18653/v1/D18-1372",
    pages = "3350--3359",
}

@article{vazire2010knows,
  title={Who knows what about a person? The self--other knowledge asymmetry (SOKA) model.},
  author={Vazire, Simine},
  journal={Journal of personality and social psychology},
  volume={98},
  number={2},
  pages={281},
  year={2010},
  publisher={American Psychological Association}
}

@inproceedings{lahnala-etal-2022-critical,
    title = "A Critical Reflection and Forward Perspective on Empathy and Natural Language Processing",
    author = "Lahnala, Allison  and
      Welch, Charles  and
      Jurgens, David  and
      Flek, Lucie",
    editor = "Goldberg, Yoav  and
      Kozareva, Zornitsa  and
      Zhang, Yue",
    booktitle = "Findings of the Association for Computational Linguistics: EMNLP 2022",
    month = dec,
    year = "2022",
    address = "Abu Dhabi, United Arab Emirates",
    publisher = "Association for Computational Linguistics",
    url = "https://aclanthology.org/2022.findings-emnlp.157",
    doi = "10.18653/v1/2022.findings-emnlp.157",
    pages = "2139--2158",
}

@article{park2015automatic,
  title={Automatic personality assessment through social media language.},
  author={Park, Gregory and Schwartz, H Andrew and Eichstaedt, Johannes C and Kern, Margaret L and Kosinski, Michal and Stillwell, David J and Ungar, Lyle H and Seligman, Martin EP},
  journal={Journal of personality and social psychology},
  volume={108},
  number={6},
  pages={934},
  year={2015},
  publisher={American Psychological Association}
}

@article{giorgi2023human,
  title={Human-centered metrics for dialog system evaluation},
  author={Giorgi, Salvatore and Havaldar, Shreya and Ahmed, Farhan and Akhtar, Zuhaib and Vaidya, Shalaka and Pan, Gary and Ungar, Lyle H and Schwartz, H Andrew and Sedoc, Joao},
  journal={arXiv preprint arXiv:2305.14757},
  year={2023}
}
@inproceedings{yang2021choral,
  title={CHoRaL: Collecting humor reaction labels from millions of social media users},
  author={Yang, Zixiaofan and Hooshmand, Shayan and Hirschberg, Julia},
  booktitle={Proceedings of the 2021 Conference on Empirical Methods in Natural Language Processing},
  pages={4429--4435},
  year={2021}
}
@article{tedeschi1971cognitive,
  title={Cognitive dissonance: Private ratiocination or public spectacle?},
  author={Tedeschi, James T and Schlenker, Barry R and Bonoma, Thomas V},
  journal={American Psychologist},
  volume={26},
  number={8},
  pages={685},
  year={1971},
  publisher={American Psychological Association}
}

@inproceedings{guntuku2019twitter,
  title={What twitter profile and posted images reveal about depression and anxiety},
  author={Guntuku, Sharath Chandra and Preotiuc-Pietro, Daniel and Eichstaedt, Johannes C and Ungar, Lyle H},
  booktitle={Proceedings of the international AAAI conference on web and social media},
  volume={13},
  pages={236--246},
  year={2019}
}

@inproceedings{schwartz2017dlatk,
  title={Dlatk: Differential language analysis toolkit},
  author={Schwartz, H Andrew and Giorgi, Salvatore and Sap, Maarten and Crutchley, Patrick and Ungar, Lyle and Eichstaedt, Johannes},
  booktitle={Proceedings of the 2017 conference on empirical methods in natural language processing: System demonstrations},
  pages={55--60},
  year={2017}
}

@article{van1990social,
  title={Social cognition and discourse},
  author={Van Dijk, Teun A},
  journal={Handbook of language and social psychology},
  volume={163},
  pages={183},
  year={1990}
}
@inproceedings{varadarajan-etal-2024-archetypes,
    title = "Archetypes and Entropy: Theory-Driven Extraction of Evidence for Suicide Risk",
    author = "Varadarajan, Vasudha  and
      Lahnala, Allison  and
      V Ganesan, Adithya  and
      Dey, Gourab  and
      Mangalik, Siddharth  and
      Bucur, Ana-Maria  and
      Soni, Nikita  and
      Rao, Rajath  and
      Lanning, Kevin  and
      Vallejo, Isabella  and
      Flek, Lucie  and
      Schwartz, H. Andrew  and
      Welch, Charles  and
      Boyd, Ryan",
    editor = "Yates, Andrew  and
      Desmet, Bart  and
      Prud{'}hommeaux, Emily  and
      Zirikly, Ayah  and
      Bedrick, Steven  and
      MacAvaney, Sean  and
      Bar, Kfir  and
      Ireland, Molly  and
      Ophir, Yaakov",
    booktitle = "Proceedings of the 9th Workshop on Computational Linguistics and Clinical Psychology (CLPsych 2024)",
    month = mar,
    year = "2024",
    address = "St. Julians, Malta",
    publisher = "Association for Computational Linguistics",
    url = "https://aclanthology.org/2024.clpsych-1.28/",
    pages = "278--291",

}


@inproceedings{knaebel2023discourse,
  title={Discourse Sense Flows: Modelling the Rhetorical Style of Documents across Various Domains},
  author={Knaebel, Ren{\'e} and Stede, Manfred},
  booktitle={Findings of the Association for Computational Linguistics: EMNLP 2023},
  pages={14462--14482},
  year={2023}
}

@book{buchanan2013explanatory,
  title={Explanatory style},
  author={Buchanan, Gregory McClell and Seligman, Martin EP and Seligman, Martin},
  year={2013},
  publisher={Routledge}
}

@article{van2014discourse,
  title={Discourse, cognition, society},
  author={Van Dijk, Teun A},
  journal={The discourse studies reader: Main currents in theory and analysis},
  pages={388},
  year={2014},
  publisher={John Benjamins Amsterdam}
}

@article{mangalik2024robust,
  title={Robust language-based mental health assessments in time and space through social media},
  author={Mangalik, Siddharth and Eichstaedt, Johannes C and Giorgi, Salvatore and Mun, Jihu and Ahmed, Farhan and Gill, Gilvir and V. Ganesan, Adithya and Subrahmanya, Shashanka and Soni, Nikita and Clouston, Sean AP and others},
  journal={NPJ Digital Medicine},
  volume={7},
  number={1},
  pages={109},
  year={2024},
  publisher={Nature Publishing Group UK London}
}

@inproceedings{valizadeh-etal-2021-identifying,
    title = "Identifying Medical Self-Disclosure in Online Communities",
    author = "Valizadeh, Mina  and
      Ranjbar-Noiey, Pardis  and
      Caragea, Cornelia  and
      Parde, Natalie",
    editor = "Toutanova, Kristina  and
      Rumshisky, Anna  and
      Zettlemoyer, Luke  and
      Hakkani-Tur, Dilek  and
      Beltagy, Iz  and
      Bethard, Steven  and
      Cotterell, Ryan  and
      Chakraborty, Tanmoy  and
      Zhou, Yichao",
    booktitle = "Proceedings of the 2021 Conference of the North American Chapter of the Association for Computational Linguistics: Human Language Technologies",
    month = jun,
    year = "2021",
    address = "Online",
    publisher = "Association for Computational Linguistics",
    url = "https://aclanthology.org/2021.naacl-main.347",
    doi = "10.18653/v1/2021.naacl-main.347",
    pages = "4398--4408",
}

@inproceedings{zirikly-etal-2019-clpsych,
    title = "{CLP}sych 2019 Shared Task: Predicting the Degree of Suicide Risk in {R}eddit Posts",
    author = {Zirikly, Ayah  and
      Resnik, Philip  and
      Uzuner, {\"O}zlem  and
      Hollingshead, Kristy},
    editor = "Niederhoffer, Kate  and
      Hollingshead, Kristy  and
      Resnik, Philip  and
      Resnik, Rebecca  and
      Loveys, Kate",
    booktitle = "Proceedings of the Sixth Workshop on Computational Linguistics and Clinical Psychology",
    month = jun,
    year = "2019",
    address = "Minneapolis, Minnesota",
    publisher = "Association for Computational Linguistics",
    url = "https://aclanthology.org/W19-3003",
    doi = "10.18653/v1/W19-3003",
    pages = "24--33",

}

@inproceedings{guntuku2019understanding,
  title={Understanding and measuring psychological stress using social media},
  author={Guntuku, Sharath Chandra and Buffone, Anneke and Jaidka, Kokil and Eichstaedt, Johannes C and Ungar, Lyle H},
  booktitle={Proceedings of the international AAAI conference on web and social media},
  volume={13},
  pages={214--225},
  year={2019}
}

@article{guntuku2019studying,
  title={Studying expressions of loneliness in individuals using twitter: an observational study},
  author={Guntuku, Sharath Chandra and Schneider, Rachelle and Pelullo, Arthur and Young, Jami and Wong, Vivien and Ungar, Lyle and Polsky, Daniel and Volpp, Kevin G and Merchant, Raina},
  journal={BMJ open},
  volume={9},
  number={11},
  pages={e030355},
  year={2019},
  publisher={British Medical Journal Publishing Group}
}

@article{kulkarni2018latent,
  title={Latent human traits in the language of social media: An open-vocabulary approach},
  author={Kulkarni, Vivek and Kern, Margaret L and Stillwell, David and Kosinski, Michal and Matz, Sandra and Ungar, Lyle and Skiena, Steven and Schwartz, H Andrew},
  journal={PloS one},
  volume={13},
  number={11},
  pages={e0201703},
  year={2018},
  publisher={Public Library of Science San Francisco, CA USA}
}

@article{paulhus2007self,
  title={The self-report method},
  author={Paulhus, Delroy L and Vazire, Simine and others},
  journal={Handbook of research methods in personality psychology},
  volume={1},
  number={2007},
  pages={224--239},
  year={2007},
  publisher={Guilford;}
}

@article{saxbe2013embodiment,
  title={The embodiment of emotion: language use during the feeling of social emotions predicts cortical somatosensory activity},
  author={Saxbe, Darby E and Yang, Xiao-Fei and Borofsky, Larissa A and Immordino-Yang, Mary Helen},
  journal={Social cognitive and affective neuroscience},
  volume={8},
  number={7},
  pages={806--812},
  year={2013},
  publisher={Oxford University Press}
}

@article{brook2015linking,
  title={Linking neuroimaging with functional linguistic analysis to understand processes of successful communication},
  author={Brook O’Donnell, Matthew and Falk, Emily B},
  journal={Communication Methods and Measures},
  volume={9},
  number={1-2},
  pages={55--77},
  year={2015},
  publisher={Taylor \& Francis}
}

@inproceedings{sharma-etal-2023-cognitive,
    title = "Cognitive Reframing of Negative Thoughts through Human-Language Model Interaction",
    author = "Sharma, Ashish  and
      Rushton, Kevin  and
      Lin, Inna  and
      Wadden, David  and
      Lucas, Khendra  and
      Miner, Adam  and
      Nguyen, Theresa  and
      Althoff, Tim",
    editor = "Rogers, Anna  and
      Boyd-Graber, Jordan  and
      Okazaki, Naoaki",
    booktitle = "Proceedings of the 61st Annual Meeting of the Association for Computational Linguistics (Volume 1: Long Papers)",
    month = jul,
    year = "2023",
    address = "Toronto, Canada",
    publisher = "Association for Computational Linguistics",
    url = "https://aclanthology.org/2023.acl-long.555",
    doi = "10.18653/v1/2023.acl-long.555",
    pages = "9977--10000",

}

@article{hovy2015sentiment,
  title={What are sentiment, affect, and emotion? Applying the methodology of Michael Zock to sentiment analysis},
  author={Hovy, Eduard H},
  journal={Language production, cognition, and the Lexicon},
  pages={13--24},
  year={2015},
  publisher={Springer}
}

@article{dey2024socialite,
  title={SOCIALITE-LLAMA: An Instruction-Tuned Model for Social Scientific Tasks},
  author={Dey, Gourab and Ganesan, Adithya V and Lal, Yash Kumar and Shah, Manal and Sinha, Shreyashee and Matero, Matthew and Giorgi, Salvatore and Kulkarni, Vivek and Schwartz, H Andrew},
  journal={arXiv preprint arXiv:2402.01980},
  year={2024}
}

@article{campitelli2010herbert,
  title={Herbert Simon's decision-making approach: Investigation of cognitive processes in experts},
  author={Campitelli, Guillermo and Gobet, Fernand},
  journal={Review of general psychology},
  volume={14},
  number={4},
  pages={354--364},
  year={2010},
  publisher={SAGE Publications Sage CA: Los Angeles, CA}
}

@article{taboada2006rhetorical,
  title={Rhetorical structure theory: Looking back and moving ahead},
  author={Taboada, Maite and Mann, William C},
  journal={Discourse studies},
  volume={8},
  number={3},
  pages={423--459},
  year={2006},
  publisher={SAGE publications London, Thousand Oaks, CA and New Delhi}
}

@inproceedings{son-etal-2022-discourse,
    title = "Discourse Relation Embeddings: Representing the Relations between Discourse Segments in Social Media",
    author = "Son, Youngseo  and
      Varadarajan, Vasudha  and
      Schwartz, H. Andrew",
    booktitle = "Proceedings of the Workshop on Unimodal and Multimodal Induction of Linguistic Structures (UM-IoS)",
    month = dec,
    year = "2022",
    address = "Abu Dhabi, United Arab Emirates (Hybrid)",
    publisher = "Association for Computational Linguistics",
    url = "https://aclanthology.org/2022.umios-1.5",
    pages = "45--55"
}


@article{mcgrath2017dealing,
  title={Dealing with dissonance: A review of cognitive dissonance reduction},
  author={McGrath, April},
  journal={Social and Personality Psychology Compass},
  volume={11},
  number={12},
  pages={e12362},
  year={2017},
  publisher={Wiley Online Library}
}

@article{harmon2007cognitive,
  title={Cognitive dissonance theory after 50 years of development},
  author={Harmon-Jones, Eddie and Harmon-Jones, Cindy},
  journal={Zeitschrift f{\"u}r Sozialpsychologie},
  volume={38},
  number={1},
  pages={7--16},
  year={2007},
  publisher={Verlag Hans Huber, Hogrefe AG}
}

@article{pyszczynski1993,
author = {Pyszczynski, Tom and Greenberg, Jeff and Solomon, Sheldon and Sideris, John and Stubing, Mari},
year = {1993},
month = {03},
pages = {177-86},
title = {Emotional Expression and the Reduction of Motivated Cognitive Bias: Evidence From Cognitive Dissonance and Distancing From Victims' Paradigms},
volume = {64},
journal = {Journal of personality and social psychology},
doi = {10.1037/0022-3514.64.2.177}
}


@article{nisbett1977halo,
  title={The halo effect: Evidence for unconscious alteration of judgments.},
  author={Nisbett, Richard E and Wilson, Timothy D},
  journal={Journal of personality and social psychology},
  volume={35},
  number={4},
  pages={250},
  year={1977},
  publisher={American Psychological Association}
}

@article{simon2004construction,
  title={Construction of preferences by constraint satisfaction},
  author={Simon, Dan and Krawczyk, Daniel C and Holyoak, Keith J},
  journal={Psychological Science},
  volume={15},
  number={5},
  pages={331--336},
  year={2004},
  publisher={SAGE Publications Sage CA: Los Angeles, CA}
}

@article{li2022survey,
  title={A survey of discourse parsing},
  author={Li, Jiaqi and Liu, Ming and Qin, Bing and Liu, Ting},
  journal={Frontiers of Computer Science},
  volume={16},
  number={5},
  pages={1--12},
  year={2022},
  publisher={Springer}
}


@book{Aho:72,
    author  = {Alfred V. Aho and Jeffrey D. Ullman},
    title   = {The Theory of Parsing, Translation and Compiling},
    year    = "1972",
    volume  = "1",
    publisher = {Prentice-Hall},
    address = {Englewood Cliffs, NJ}
}

@book{APA:83,
    author  = {{American Psychological Association}},
    title   = {Publications Manual},
    year    = "1983",
    publisher = {American Psychological Association},
    address = {Washington, DC}
}

@article{Chandra:81,
	author = {Ashok K. Chandra and Dexter C. Kozen and Larry J. Stockmeyer},
	year = "1981",
	title = {Alternation},
	journal = {Journal of the Association for Computing Machinery},
	volume = "28",
	number = "1",
	pages = "114--133",
	doi = "10.1145/322234.322243",
}

@inproceedings{andrew2007scalable,
  title={Scalable training of {$L_1$}-regularized log-linear models},
  author={Andrew, Galen and Gao, Jianfeng},
  booktitle={Proceedings of the 24th International Conference on Machine Learning},
  pages={33--40},
  year={2007},
  url={https://dl.acm.org/doi/abs/10.1145/1273496.1273501}
}

@book{Gusfield:97,
    author  = {Dan Gusfield},
    title   = {Algorithms on Strings, Trees and Sequences},
    year    = "1997",
    publisher = {Cambridge University Press},
    address = {Cambridge, UK},
    url={https://www.cambridge.org/core/books/algorithms-on-strings-trees-and-sequences/F0B095049C7E6EF5356F0A26686C20D3}
}

@article{rasooli-tetrault-2015,
    author    = {Mohammad Sadegh Rasooli and Joel R. Tetreault},
    title     = {Yara Parser: {A} Fast and Accurate Dependency Parser},
    journal   = {Computing Research Repository},
    volume    = {arXiv:1503.06733},
    year      = {2015},
    url       = {http://arxiv.org/abs/1503.06733},
    note    = {version 2}
}

@article{Ando2005,
	Acmid = {1194905},
	Author = {Ando, Rie Kubota and Zhang, Tong},
	Issn = {1532-4435},
	Issue_Date = {12/1/2005},
	Journal = {Journal of Machine Learning Research},
	Month = dec,
	Numpages = {37},
	Pages = {1817--1853},
	Publisher = {JMLR.org},
	Title = {A Framework for Learning Predictive Structures from Multiple Tasks and Unlabeled Data},
	Volume = {6},
	Year = {2005},
	url={https://www.jmlr.org/papers/volume6/ando05a/ando05a.pdf}
}

@article{ct1965,
  title={An algorithm for the machine calculation of complex {F}ourier series},
  author={Cooley, James W. and Tukey, John W.},
  journal={Mathematics of Computation},
  volume={19},
  number={90},
  pages={297--301},
  year={1965},
  url={https://www.ams.org/journals/mcom/1965-19-090/S0025-5718-1965-0178586-1/S0025-5718-1965-0178586-1.pdf}
}

@article{luhmann2013,
  title={Discounting of delayed rewards is not hyperbolic.},
  author={Luhmann, Christian C},
  journal={Journal of experimental psychology: learning, memory, and cognition},
  volume={39},
  number={4},
  pages={1274},
  year={2013},
  publisher={American Psychological Association}
}

@article{aguilar2022cognitive,
  title={Cognitive dissonance induction as an “inoculator” against negative attitudes towards victims},
  author={Aguilar, Pilar and Correia, Isabel and de Vries, Jan and Tortora, Leda},
  journal={Social and Personality Psychology Compass},
  volume={16},
  number={12},
  pages={e12715},
  year={2022},
  publisher={Wiley Online Library}
}