@article{aguilar2022cognitive,
  title={Cognitive dissonance induction as an “inoculator” against negative attitudes towards victims},
  author={Aguilar, Pilar and Correia, Isabel and de Vries, Jan and Tortora, Leda},
  journal={Social and Personality Psychology Compass},
  volume={16},
  number={12},
  pages={e12715},
  year={2022},
  publisher={Wiley Online Library}
}

@inproceedings{barriere-etal-2022-wassa,
    title = "{WASSA} 2022 Shared Task: Predicting Empathy, Emotion and Personality in Reaction to News Stories",
    author = "Barriere, Valentin  and
      Tafreshi, Shabnam  and
      Sedoc, Jo{\~a}o  and
      Alqahtani, Sawsan",
    editor = "Barnes, Jeremy  and
      De Clercq, Orph{\'e}e  and
      Barriere, Valentin  and
      Tafreshi, Shabnam  and
      Alqahtani, Sawsan  and
      Sedoc, Jo{\~a}o  and
      Klinger, Roman  and
      Balahur, Alexandra",
    booktitle = "Proceedings of the 12th Workshop on Computational Approaches to Subjectivity, Sentiment {\&} Social Media Analysis",
    month = may,
    year = "2022",
    address = "Dublin, Ireland",
    publisher = "Association for Computational Linguistics",
    url = "https://aclanthology.org/2022.wassa-1.20",
    doi = "10.18653/v1/2022.wassa-1.20",
    pages = "214--227",

}

@article{brook2015linking,
  title={Linking neuroimaging with functional linguistic analysis to understand processes of successful communication},
  author={Brook O’Donnell, Matthew and Falk, Emily B},
  journal={Communication Methods and Measures},
  volume={9},
  number={1-2},
  pages={55--77},
  year={2015},
  publisher={Taylor \& Francis}
}

@article{harmon2007cognitive,
  title={Cognitive dissonance theory after 50 years of development},
  author={Harmon-Jones, Eddie and Harmon-Jones, Cindy},
  journal={Zeitschrift f{\"u}r Sozialpsychologie},
  volume={38},
  number={1},
  pages={7--16},
  year={2007},
  publisher={Verlag Hans Huber, Hogrefe AG}
}

@article{hovy2015sentiment,
  title={What are sentiment, affect, and emotion? Applying the methodology of Michael Zock to sentiment analysis},
  author={Hovy, Eduard H},
  journal={Language production, cognition, and the Lexicon},
  pages={13--24},
  year={2015},
  publisher={Springer}
}

@inproceedings{lahnala-etal-2024-appraisal-framework,
    title = "Appraisal Framework for Clinical Empathy: A Novel Application to Breaking Bad News Conversations",
    author = "Lahnala, Allison Claire  and
      Neuendorf, B{\'e}la  and
      Thomin, Alexander  and
      Welch, Charles  and
      Stibane, Tina  and
      Flek, Lucie",
    editor = "Calzolari, Nicoletta  and
      Kan, Min-Yen  and
      Hoste, Veronique  and
      Lenci, Alessandro  and
      Sakti, Sakriani  and
      Xue, Nianwen",
    booktitle = "Proceedings of the 2024 Joint International Conference on Computational Linguistics, Language Resources and Evaluation (LREC-COLING 2024)",
    month = may,
    year = "2024",
    address = "Torino, Italia",
    publisher = "ELRA and ICCL",
    url = "https://aclanthology.org/2024.lrec-main.124",
    pages = "1393--1407",
}

@article{li2022survey,
  title={A survey of discourse parsing},
  author={Li, Jiaqi and Liu, Ming and Qin, Bing and Liu, Ting},
  journal={Frontiers of Computer Science},
  volume={16},
  number={5},
  pages={1--12},
  year={2022},
  publisher={Springer}
}

@article{mcgrath2017dealing,
  title={Dealing with dissonance: A review of cognitive dissonance reduction},
  author={McGrath, April},
  journal={Social and Personality Psychology Compass},
  volume={11},
  number={12},
  pages={e12362},
  year={2017},
  publisher={Wiley Online Library}
}

@article{naseem2021comprehensive,
  title={A comprehensive survey on word representation models: From classical to state-of-the-art word representation language models},
  author={Naseem, Usman and Razzak, Imran and Khan, Shah Khalid and Prasad, Mukesh},
  journal={Transactions on Asian and Low-Resource Language Information Processing},
  volume={20},
  number={5},
  pages={1--35},
  year={2021},
  publisher={ACM New York, NY}
}

@article{nisbett1977halo,
  title={The halo effect: Evidence for unconscious alteration of judgments.},
  author={Nisbett, Richard E and Wilson, Timothy D},
  journal={Journal of personality and social psychology},
  volume={35},
  number={4},
  pages={250},
  year={1977},
  publisher={American Psychological Association}
}

@article{sakketou2022investigating,
  title={Investigating user radicalization: A novel dataset for identifying fine-grained temporal shifts in opinion},
  author={Sakketou, Flora and Lahnala, Allison and Vogel, Liane and Flek, Lucie},
  journal={arXiv preprint arXiv:2204.10190},
  year={2022}
}

@inproceedings{sandri-etal-2023-dont,
    title = "Why Don{'}t You Do It Right? Analysing Annotators{'} Disagreement in Subjective Tasks",
    author = "Sandri, Marta  and
      Leonardelli, Elisa  and
      Tonelli, Sara  and
      Jezek, Elisabetta",
    editor = "Vlachos, Andreas  and
      Augenstein, Isabelle",
    booktitle = "Proceedings of the 17th Conference of the European Chapter of the Association for Computational Linguistics",
    month = may,
    year = "2023",
    address = "Dubrovnik, Croatia",
    publisher = "Association for Computational Linguistics",
    url = "https://aclanthology.org/2023.eacl-main.178",
    doi = "10.18653/v1/2023.eacl-main.178",

}

@article{sap2021annotators,
  title={Annotators with attitudes: How annotator beliefs and identities bias toxic language detection},
  author={Sap, Maarten and Swayamdipta, Swabha and Vianna, Laura and Zhou, Xuhui and Choi, Yejin and Smith, Noah A},
  journal={arXiv preprint arXiv:2111.07997},
  year={2021}
}

@article{saxbe2013embodiment,
  title={The embodiment of emotion: language use during the feeling of social emotions predicts cortical somatosensory activity},
  author={Saxbe, Darby E and Yang, Xiao-Fei and Borofsky, Larissa A and Immordino-Yang, Mary Helen},
  journal={Social cognitive and affective neuroscience},
  volume={8},
  number={7},
  pages={806--812},
  year={2013},
  publisher={Oxford University Press}
}

@article{simon2004construction,
  title={Construction of preferences by constraint satisfaction},
  author={Simon, Dan and Krawczyk, Daniel C and Holyoak, Keith J},
  journal={Psychological Science},
  volume={15},
  number={5},
  pages={331--336},
  year={2004},
  publisher={SAGE Publications Sage CA: Los Angeles, CA}
}

@article{tedeschi1971cognitive,
  title={Cognitive dissonance: Private ratiocination or public spectacle?},
  author={Tedeschi, James T and Schlenker, Barry R and Bonoma, Thomas V},
  journal={American Psychologist},
  volume={26},
  number={8},
  pages={685},
  year={1971},
  publisher={American Psychological Association}
}

@inproceedings{varadarajan-etal-2023,
    title = "Transfer and Active Learning for Dissonance Detection: Addressing the Rare-Class Challenge",
    author = "Varadarajan, Vasudha and Juhng, Swanie and Mahwish, Syeda and Liu, Xiaoran and Luby, Jonah and Luhmann, Christian C. and Schwartz, H. Andrew",
    booktitle = "Proceedings of The 61st Annual Meeting of the Association for Computational Linguistics",
    publisher = "Association for Computational Linguistics",
    year={2023}
}

@inproceedings{varadarajan2022disso,
    title = "Detecting Dissonant Stance in Social Media: The Role of Topic Exposure",
    author = "Varadarajan, Vasudha  and
      Soni, Nikita  and
      Wang, Weixi  and
      Luhmann, Christian  and
      Schwartz, H. Andrew  and
      Inoue, Naoya",
    booktitle = "Proceedings of the Fifth Workshop on Natural Language Processing and Computational Social Science (NLP+CSS)",
    year = "2022",
    publisher = "Association for Computational Linguistics",
    url = "https://aclanthology.org/2022.nlpcss-1.16",
    
}

