@article{anastassiou2024seed,
  title={Seed-TTS: A Family of High-Quality Versatile Speech Generation Models},
  author={Anastassiou, Philip and Chen, Jiawei and Chen, Jitong and Chen, Yuanzhe and Chen, Zhuo and Chen, Ziyi and Cong, Jian and Deng, Lelai and Ding, Chuang and Gao, Lu and others},
  journal={arXiv preprint arXiv:2406.02430},
  year={2024}
}

@article{basetts,
  author       = {Mateusz Lajszczak and
                  Guillermo C{\'{a}}mbara and
                  Yang Li and
                  Fatih Beyhan and
                  Arent van Korlaar and
                  Fan Yang and
                  Arnaud Joly and
                  {\'{A}}lvaro Mart{\'{\i}}n{-}Cortinas and
                  Ammar Abbas and
                  Adam Michalski and
                  Alexis Moinet and
                  Sri Karlapati and
                  Ewa Muszynska and
                  Haohan Guo and
                  Bartosz Putrycz and
                  Soledad L{\'{o}}pez Gambino and
                  Kayeon Yoo and
                  Elena Sokolova and
                  Thomas Drugman},
  title        = {{BASE} {TTS:} Lessons from building a billion-parameter Text-to-Speech
                  model on 100K hours of data},
  journal      = {CoRR},
  volume       = {abs/2402.08093},
  year         = {2024},
}

@article{chen2024vall,
  title={VALL-E 2: Neural Codec Language Models are Human Parity Zero-Shot Text to Speech Synthesizers},
  author={Chen, Sanyuan and Liu, Shujie and Zhou, Long and Liu, Yanqing and Tan, Xu and Li, Jinyu and Zhao, Sheng and Qian, Yao and Wei, Furu},
  journal={arXiv preprint arXiv:2406.05370},
  year={2024}
}

@article{du2024cosyvoice,
  title={Cosyvoice: A scalable multilingual zero-shot text-to-speech synthesizer based on supervised semantic tokens},
  author={Du, Zhihao and Chen, Qian and Zhang, Shiliang and Hu, Kai and Lu, Heng and Yang, Yexin and Hu, Hangrui and Zheng, Siqi and Gu, Yue and Ma, Ziyang and others},
  journal={arXiv preprint arXiv:2407.05407},
  year={2024}
}

@article{guo2024fireredtts,
  title={Fireredtts: A foundation text-to-speech framework for industry-level generative speech applications},
  author={Guo, Hao-Han and Liu, Kun and Shen, Fei-Yu and Wu, Yi-Chen and Xie, Feng-Long and Xie, Kun and Xu, Kai-Tuo},
  journal={arXiv preprint arXiv:2409.03283},
  year={2024}
}

@article{ji2025test,
  title={Test-time Computing: from System-1 Thinking to System-2 Thinking},
  author={Ji, Yixin and Li, Juntao and Ye, Hai and Wu, Kaixin and Xu, Jia and Mo, Linjian and Zhang, Min},
  journal={arXiv preprint arXiv:2501.02497},
  year={2025}
}

@article{kalle,
  title={Autoregressive Speech Synthesis with Next-Distribution Prediction},
  author={Zhu, Xinfa and Tian, Wenjie and Xie, Lei},
  journal={arXiv preprint arXiv:2412.16846},
  year={2024}
}

@article{melle,
  author       = {Lingwei Meng and
                  Long Zhou and
                  Shujie Liu and
                  Sanyuan Chen and
                  Bing Han and
                  Shujie Hu and
                  Yanqing Liu and
                  Jinyu Li and
                  Sheng Zhao and
                  Xixin Wu and
                  Helen Meng and
                  Furu Wei},
  title        = {Autoregressive Speech Synthesis without Vector Quantization},
  journal      = {CoRR},
  volume       = {abs/2407.08551},
  year         = {2024},
}

@article{speartts,
  author       = {Eugene Kharitonov and
                  Damien Vincent and
                  Zal{\'{a}}n Borsos and
                  Rapha{\"{e}}l Marinier and
                  Sertan Girgin and
                  Olivier Pietquin and
                  Matt Sharifi and
                  Marco Tagliasacchi and
                  Neil Zeghidour},
  title        = {Speak, Read and Prompt: High-Fidelity Text-to-Speech with Minimal
                  Supervision},
  journal      = {Trans. Assoc. Comput. Linguistics},
  volume       = {11},
  pages        = {1703--1718},
  year         = {2023},
}

@article{tortoisetts,
  author       = {James Betker},
  title        = {Better speech synthesis through scaling},
  journal      = {CoRR},
  volume       = {abs/2305.07243},
  year         = {2023},
}

@article{vallex,
  author       = {Ziqiang Zhang and
                  Long Zhou and
                  Chengyi Wang and
                  Sanyuan Chen and
                  Yu Wu and
                  Shujie Liu and
                  Zhuo Chen and
                  Yanqing Liu and
                  Huaming Wang and
                  Jinyu Li and
                  Lei He and
                  Sheng Zhao and
                  Furu Wei},
  title        = {Speak Foreign Languages with Your Own Voice: Cross-Lingual Neural
                  Codec Language Modeling},
  journal      = {CoRR},
  volume       = {abs/2303.03926},
  year         = {2023},
}

@article{wang2023neural,
  title={Neural codec language models are zero-shot text to speech synthesizers},
  author={Wang, Chengyi and Chen, Sanyuan and Wu, Yu and Zhang, Ziqiang and Zhou, Long and Liu, Shujie and Chen, Zhuo and Liu, Yanqing and Wang, Huaming and Li, Jinyu and others},
  journal={arXiv preprint arXiv:2301.02111},
  year={2023}
}

