@article{mur2017orb,
  title={Orb-slam2: An open-source slam system for monocular, stereo, and rgb-d cameras},
  author={Mur-Artal, Raul and Tard{\'o}s, Juan D},
  journal={IEEE transactions on robotics},
  volume={33},
  number={5},
  pages={1255--1262},
  year={2017},
  publisher={IEEE}
}

@article{sbert,
  title={Sentence-bert: Sentence embeddings using siamese bert-networks},
  author={Reimers, Nils and Gurevych, Iryna},
  journal={arXiv preprint arXiv:1908.10084},
  year={2019}
}

@inproceedings{Cartographer ,
  title={Real-time loop closure in 2D LIDAR SLAM},
  author={Hess, Wolfgang and Kohler, Damon and Rapp, Holger and Andor, Daniel},
  booktitle={2016 IEEE international conference on robotics and automation (ICRA)},
  pages={1271--1278},
  year={2016},
  organization={IEEE}
}


@article{s-bki,
  title={Bayesian spatial kernel smoothing for scalable dense semantic mapping},
  author={Gan, Lu and Zhang, Ray and Grizzle, Jessy W and Eustice, Ryan M and Ghaffari, Maani},
  journal={IEEE Robotics and Automation Letters},
  volume={5},
  number={2},
  pages={790--797},
  year={2020},
  publisher={IEEE}
}


@inproceedings{Yolo-world,
  title={Yolo-world: Real-time open-vocabulary object detection},
  author={Cheng, Tianheng and Song, Lin and Ge, Yixiao and Liu, Wenyu and Wang, Xinggang and Shan, Ying},
  booktitle={Proceedings of the IEEE/CVF Conference on Computer Vision and Pattern Recognition},
  pages={16901--16911},
  year={2024}
}

@inproceedings{tap,
  title={Tokenize anything via prompting},
  author={Pan, Ting and Tang, Lulu and Wang, Xinlong and Shan, Shiguang},
  booktitle={European Conference on Computer Vision},
  pages={330--348},
  year={2024},
  organization={Springer}
}


@inproceedings{sam,
  title={Segment anything},
  author={Kirillov, Alexander and Mintun, Eric and Ravi, Nikhila and Mao, Hanzi and Rolland, Chloe and Gustafson, Laura and Xiao, Tete and Whitehead, Spencer and Berg, Alexander C and Lo, Wan-Yen and others},
  booktitle={Proceedings of the IEEE/CVF International Conference on Computer Vision},
  pages={4015--4026},
  year={2023}
}

@inproceedings{lerf,
  title={Lerf: Language embedded radiance fields},
  author={Kerr, Justin and Kim, Chung Min and Goldberg, Ken and Kanazawa, Angjoo and Tancik, Matthew},
  booktitle={Proceedings of the IEEE/CVF International Conference on Computer Vision},
  pages={19729--19739},
  year={2023}
}

@inproceedings{CLIP,
  title={Learning transferable visual models from natural language supervision},
  author={Radford, Alec and Kim, Jong Wook and Hallacy, Chris and Ramesh, Aditya and Goh, Gabriel and Agarwal, Sandhini and Sastry, Girish and Askell, Amanda and Mishkin, Pamela and Clark, Jack and others},
  booktitle={International conference on machine learning},
  pages={8748--8763},
  year={2021},
  organization={PMLR}
}

@inproceedings{semanticfusion,
  title={Semanticfusion: Dense 3d semantic mapping with convolutional neural networks},
  author={McCormac, John and Handa, Ankur and Davison, Andrew and Leutenegger, Stefan},
  booktitle={2017 IEEE International Conference on Robotics and automation (ICRA)},
  pages={4628--4635},
  year={2017},
  organization={IEEE}
}


@inproceedings{open-fusion,
  title={Open-fusion: Real-time open-vocabulary 3d mapping and queryable scene representation},
  author={Yamazaki, Kashu and Hanyu, Taisei and Vo, Khoa and Pham, Thang and Tran, Minh and Doretto, Gianfranco and Nguyen, Anh and Le, Ngan},
  booktitle={2024 IEEE International Conference on Robotics and Automation (ICRA)},
  pages={9411--9417},
  year={2024},
  organization={IEEE}
}

@article{conceptfusion,
  author    = {Jatavallabhula, {Krishna Murthy} and Kuwajerwala, Alihusein and Gu, Qiao and Omama, Mohd and Chen, Tao and Li, Shuang and Iyer, Ganesh and Saryazdi, Soroush and Keetha, Nikhil and Tewari, Ayush and Tenenbaum, {Joshua B.} and {de Melo}, {Celso Miguel} and Krishna, Madhava and Paull, Liam and Shkurti, Florian and Torralba, Antonio},
  title     = {ConceptFusion: Open-set Multimodal 3D Mapping},
  journal   = {Robotics: Science and Systems (RSS)},
  year      = {2023},
}

@inproceedings{conceptgraphs,
  title={Conceptgraphs: Open-vocabulary 3d scene graphs for perception and planning},
  author={Gu, Qiao and Kuwajerwala, Ali and Morin, Sacha and Jatavallabhula, Krishna Murthy and Sen, Bipasha and Agarwal, Aditya and Rivera, Corban and Paul, William and Ellis, Kirsty and Chellappa, Rama and others},
  booktitle={2024 IEEE International Conference on Robotics and Automation (ICRA)},
  pages={5021--5028},
  year={2024},
  organization={IEEE}
}


@article{openobj,
  author={Deng, Yinan and Wang, Jiahui and Zhao, Jingyu and Dou, Jianyu and Yang, Yi and Yue, Yufeng},
  journal={IEEE Robotics and Automation Letters}, 
  title={OpenObj: Open-Vocabulary Object-Level Neural Radiance Fields With Fine-Grained Understanding}, 
  year={2025},
  volume={10},
  number={1},
  pages={652-659},
}


@inproceedings{maskclustering,
  title={Maskclustering: View consensus based mask graph clustering for open-vocabulary 3d instance segmentation},
  author={Yan, Mi and Zhang, Jiazhao and Zhu, Yan and Wang, He},
  booktitle={Proceedings of the IEEE/CVF Conference on Computer Vision and Pattern Recognition},
  pages={28274--28284},
  year={2024}
}

@article{opengraph,
  author={Deng, Yinan and Wang, Jiahui and Zhao, Jingyu and Tian, Xinyu and Chen, Guangyan and Yang, Yi and Yue, Yufeng},
  journal={IEEE Robotics and Automation Letters}, 
  title={OpenGraph: Open-Vocabulary Hierarchical 3D Graph Representation in Large-Scale Outdoor Environments}, 
  year={2024},
  volume={9},
  number={10},
  pages={8402-8409},
}


@article{lgsdf,
  title={LGSDF: Continual Global Learning of Signed Distance Fields Aided by Local Updating},
  author={Yue, Yufeng and Deng, Yinan and Wang, Jiahui and Yang, Yi},
  journal={arXiv preprint arXiv:2404.05187},
  year={2024}
}

@article{tang2023robust,
  title={Robust Large-Scale Collaborative Localization Based on Semantic Submaps With Extreme Outliers},
  author={Tang, Yujie and Wang, Meiling and Yang, Yi and Lan, Ziquan and Yue, Yufeng},
  journal={IEEE/ASME Transactions on Mechatronics},
  year={2023},
  publisher={IEEE}
}

@inproceedings{deng2022s,
  title={S-MKI: Incremental dense semantic occupancy reconstruction through multi-entropy kernel inference},
  author={Deng, Yinan and Wang, Meiling and Wang, Danwei and Yue, Yufeng},
  booktitle={2022 IEEE/RSJ International Conference on Intelligent Robots and Systems (IROS)},
  pages={3824--3829},
  year={2022},
  organization={IEEE}
}

@article{engel2017direct,
  title={Direct sparse odometry},
  author={Engel, Jakob and Koltun, Vladlen and Cremers, Daniel},
  journal={IEEE transactions on pattern analysis and machine intelligence},
  volume={40},
  number={3},
  pages={611--625},
  year={2017},
  publisher={IEEE}
}

@inproceedings{tang2023ssgm,
  title={SSGM: Spatial Semantic Graph Matching for Loop Closure Detection in Indoor Environments},
  author={Tang, Yujie and Wang, Meiling and Deng, Yinan and Yang, Yi and Yue, Yufeng},
  booktitle={2023 IEEE/RSJ International Conference on Intelligent Robots and Systems (IROS)},
  pages={9163--9168},
  year={2023},
  organization={IEEE}
}

@inproceedings{tang2023multi,
  title={Multi-view robust collaborative localization in high outlier ratio scenes based on semantic features},
  author={Tang, Yujie and Wang, Meiling and Deng, Yinan and Yang, Yi and Lan, Ziquan and Yue, Yufeng},
  booktitle={2023 IEEE/RSJ International Conference on Intelligent Robots and Systems (IROS)},
  pages={11042--11047},
  year={2023},
  organization={IEEE}
}

@article{deng2024macim,
  title={MACIM: Multi-Agent Collaborative Implicit Mapping},
  author={Deng, Yinan and Tang, Yujie and Yang, Yi and Wang, Danwei and Yue, Yufeng},
  journal={IEEE Robotics and Automation Letters},
  year={2024},
  publisher={IEEE}
}

@inproceedings{hd-ccsom,
  title={Hd-ccsom: Hierarchical and dense collaborative continuous semantic occupancy mapping through label diffusion},
  author={Deng, Yinan and Wang, Meiling and Yang, Yi and Yue, Yufeng},
  booktitle={2022 IEEE/RSJ International Conference on Intelligent Robots and Systems (IROS)},
  pages={2417--2422},
  year={2022},
  organization={IEEE}
}


@inproceedings{newcombe2011dtam,
  title={DTAM: Dense tracking and mapping in real-time},
  author={Newcombe, Richard A and Lovegrove, Steven J and Davison, Andrew J},
  booktitle={2011 international conference on computer vision},
  pages={2320--2327},
  year={2011},
  organization={IEEE}
}

@article{hornung2013octomap,
  title={OctoMap: An efficient probabilistic 3D mapping framework based on octrees},
  author={Hornung, Armin and Wurm, Kai M and Bennewitz, Maren and Stachniss, Cyrill and Burgard, Wolfram},
  journal={Autonomous robots},
  volume={34},
  pages={189--206},
  year={2013},
  publisher={Springer}
}

@article{deng2023see,
  title={See-csom: Sharp-edged and efficient continuous semantic occupancy mapping for mobile robots},
  author={Deng, Yinan and Wang, Meiling and Yang, Yi and Wang, Danwei and Yue, Yufeng},
  journal={IEEE Transactions on Industrial Electronics},
  volume={71},
  number={2},
  pages={1718--1728},
  year={2023},
  publisher={IEEE}
}

@article{yue2021cosem,
  title={Cosem: Collaborative semantic map matching framework for autonomous robots},
  author={Yue, Yufeng and Wen, Mingxing and Zhao, Chunyang and Wang, Yuanzhe and Wang, Danwei},
  journal={IEEE Transactions on Industrial Electronics},
  volume={69},
  number={4},
  pages={3843--3853},
  year={2021},
  publisher={IEEE}
}

@inproceedings{oleynikova2017voxblox,
  title={Voxblox: Incremental 3d euclidean signed distance fields for on-board mav planning},
  author={Oleynikova, Helen and Taylor, Zachary and Fehr, Marius and Siegwart, Roland and Nieto, Juan},
  booktitle={2017 IEEE/RSJ International Conference on Intelligent Robots and Systems (IROS)},
  pages={1366--1373},
  year={2017},
  organization={IEEE}
}

@inproceedings{newcombe2011kinectfusion,
  title={Kinectfusion: Real-time dense surface mapping and tracking},
  author={Newcombe, Richard A and Izadi, Shahram and Hilliges, Otmar and Molyneaux, David and Kim, David and Davison, Andrew J and Kohi, Pushmeet and Shotton, Jamie and Hodges, Steve and Fitzgibbon, Andrew},
  booktitle={2011 10th IEEE international symposium on mixed and augmented reality},
  pages={127--136},
  year={2011},
  organization={Ieee}
}

@inproceedings{behley2018efficient,
  title={Efficient surfel-based SLAM using 3D laser range data in urban environments.},
  author={Behley, Jens and Stachniss, Cyrill},
  booktitle={Robotics: science and systems},
  volume={2018},
  pages={59},
  year={2018}
}

@inproceedings{mescheder2019occupancy,
  title={Occupancy networks: Learning 3d reconstruction in function space},
  author={Mescheder, Lars and Oechsle, Michael and Niemeyer, Michael and Nowozin, Sebastian and Geiger, Andreas},
  booktitle={Proceedings of the IEEE/CVF conference on computer vision and pattern recognition},
  pages={4460--4470},
  year={2019}
}

@article{mildenhall2021nerf,
  title={Nerf: Representing scenes as neural radiance fields for view synthesis},
  author={Mildenhall, Ben and Srinivasan, Pratul P and Tancik, Matthew and Barron, Jonathan T and Ramamoorthi, Ravi and Ng, Ren},
  journal={Communications of the ACM},
  volume={65},
  number={1},
  pages={99--106},
  year={2021},
  publisher={ACM New York, NY, USA}
}

@inproceedings{sucar2021imap,
  title={imap: Implicit mapping and positioning in real-time},
  author={Sucar, Edgar and Liu, Shikun and Ortiz, Joseph and Davison, Andrew J},
  booktitle={Proceedings of the IEEE/CVF international conference on computer vision},
  pages={6229--6238},
  year={2021}
}

@inproceedings{zhu2022nice,
  title={Nice-slam: Neural implicit scalable encoding for slam},
  author={Zhu, Zihan and Peng, Songyou and Larsson, Viktor and Xu, Weiwei and Bao, Hujun and Cui, Zhaopeng and Oswald, Martin R and Pollefeys, Marc},
  booktitle={Proceedings of the IEEE/CVF conference on computer vision and pattern recognition},
  pages={12786--12796},
  year={2022}
}

@inproceedings{wang2023co,
  title={Co-slam: Joint coordinate and sparse parametric encodings for neural real-time slam},
  author={Wang, Hengyi and Wang, Jingwen and Agapito, Lourdes},
  booktitle={Proceedings of the IEEE/CVF Conference on Computer Vision and Pattern Recognition},
  pages={13293--13302},
  year={2023}
}

@inproceedings{yang2022vox,
  title={Vox-fusion: Dense tracking and mapping with voxel-based neural implicit representation},
  author={Yang, Xingrui and Li, Hai and Zhai, Hongjia and Ming, Yuhang and Liu, Yuqian and Zhang, Guofeng},
  booktitle={2022 IEEE International Symposium on Mixed and Augmented Reality (ISMAR)},
  pages={499--507},
  year={2022},
  organization={IEEE}
}

@article{vespa2018efficient,
  title={Efficient octree-based volumetric SLAM supporting signed-distance and occupancy mapping},
  author={Vespa, Emanuele and Nikolov, Nikolay and Grimm, Marius and Nardi, Luigi and Kelly, Paul HJ and Leutenegger, Stefan},
  journal={IEEE Robotics and Automation Letters},
  volume={3},
  number={2},
  pages={1144--1151},
  year={2018},
  publisher={IEEE}
}

@article{jiang2023h,
  title={H $ \_ $\{$2$\}$ $-Mapping: Real-time Dense Mapping Using Hierarchical Hybrid Representation},
  author={Jiang, Chenxing and Zhang, Hanwen and Liu, Peize and Yu, Zehuan and Cheng, Hui and Zhou, Boyu and Shen, Shaojie},
  journal={IEEE Robotics and Automation Letters},
  year={2023},
  publisher={IEEE}
}

@article{qin2018vins,
  title={Vins-mono: A robust and versatile monocular visual-inertial state estimator},
  author={Qin, Tong and Li, Peiliang and Shen, Shaojie},
  journal={IEEE transactions on robotics},
  volume={34},
  number={4},
  pages={1004--1020},
  year={2018},
  publisher={IEEE}
}

@inproceedings{park2019deepsdf,
  title={Deepsdf: Learning continuous signed distance functions for shape representation},
  author={Park, Jeong Joon and Florence, Peter and Straub, Julian and Newcombe, Richard and Lovegrove, Steven},
  booktitle={Proceedings of the IEEE/CVF conference on computer vision and pattern recognition},
  pages={165--174},
  year={2019}
}

@inproceedings{barron2021mip,
  title={Mip-nerf: A multiscale representation for anti-aliasing neural radiance fields},
  author={Barron, Jonathan T and Mildenhall, Ben and Tancik, Matthew and Hedman, Peter and Martin-Brualla, Ricardo and Srinivasan, Pratul P},
  booktitle={Proceedings of the IEEE/CVF international conference on computer vision},
  pages={5855--5864},
  year={2021}
}

@inproceedings{lionar2021neuralblox,
  title={Neuralblox: Real-time neural representation fusion for robust volumetric mapping},
  author={Lionar, Stefan and Schmid, Lukas and Cadena, Cesar and Siegwart, Roland and Cramariuc, Andrei},
  booktitle={2021 International Conference on 3D Vision (3DV)},
  pages={1279--1289},
  year={2021},
  organization={IEEE}
}

@inproceedings{peng2020convolutional,
  title={Convolutional occupancy networks},
  author={Peng, Songyou and Niemeyer, Michael and Mescheder, Lars and Pollefeys, Marc and Geiger, Andreas},
  booktitle={Computer Vision--ECCV 2020: 16th European Conference, Glasgow, UK, August 23--28, 2020, Proceedings, Part III 16},
  pages={523--540},
  year={2020},
  organization={Springer}
}

@article{ortiz2022isdf,
  title={isdf: Real-time neural signed distance fields for robot perception},
  author={Ortiz, Joseph and Clegg, Alexander and Dong, Jing and Sucar, Edgar and Novotny, David and Zollhoefer, Michael and Mukadam, Mustafa},
  journal={arXiv preprint arXiv:2204.02296},
  year={2022}
}

@inproceedings{zhu2024nicer,
  title={Nicer-slam: Neural implicit scene encoding for rgb slam},
  author={Zhu, Zihan and Peng, Songyou and Larsson, Viktor and Cui, Zhaopeng and Oswald, Martin R and Geiger, Andreas and Pollefeys, Marc},
  booktitle={2024 International Conference on 3D Vision (3DV)},
  pages={42--52},
  year={2024},
  organization={IEEE}
}

@inproceedings{bian2023nope,
  title={Nope-nerf: Optimising neural radiance field with no pose prior},
  author={Bian, Wenjing and Wang, Zirui and Li, Kejie and Bian, Jia-Wang and Prisacariu, Victor Adrian},
  booktitle={Proceedings of the IEEE/CVF Conference on Computer Vision and Pattern Recognition},
  pages={4160--4169},
  year={2023}
}

@article{li2023dense,
  title={Dense rgb slam with neural implicit maps},
  author={Li, Heng and Gu, Xiaodong and Yuan, Weihao and Yang, Luwei and Dong, Zilong and Tan, Ping},
  journal={arXiv preprint arXiv:2301.08930},
  year={2023}
}

@inproceedings{johari2023eslam,
  title={Eslam: Efficient dense slam system based on hybrid representation of signed distance fields},
  author={Johari, Mohammad Mahdi and Carta, Camilla and Fleuret, Fran{\c{c}}ois},
  booktitle={Proceedings of the IEEE/CVF Conference on Computer Vision and Pattern Recognition},
  pages={17408--17419},
  year={2023}
}

@inproceedings{zhang2023go,
  title={Go-slam: Global optimization for consistent 3d instant reconstruction},
  author={Zhang, Youmin and Tosi, Fabio and Mattoccia, Stefano and Poggi, Matteo},
  booktitle={Proceedings of the IEEE/CVF International Conference on Computer Vision},
  pages={3727--3737},
  year={2023}
}

@inproceedings{dai2017scannet,
  title={Scannet: Richly-annotated 3d reconstructions of indoor scenes},
  author={Dai, Angela and Chang, Angel X and Savva, Manolis and Halber, Maciej and Funkhouser, Thomas and Nie{\ss}ner, Matthias},
  booktitle={Proceedings of the IEEE conference on computer vision and pattern recognition},
  pages={5828--5839},
  year={2017}
}


@article{straub2019replica,
  title={The Replica dataset: A digital replica of indoor spaces},
  author={Straub, Julian and Whelan, Thomas and Ma, Lingni and Chen, Yufan and Wijmans, Erik and Green, Simon and Engel, Jakob J and Mur-Artal, Raul and Ren, Carl and Verma, Shobhit and others},
  journal={arXiv preprint arXiv:1906.05797},
  year={2019}
}

@article{lorensen1987marching,
  title={Marching cubes: A high resolution 3D surface construction algorithm},
  author={Lorensen, William E and Cline, Harvey E},
  journal={ACM SIGGRAPH Computer Graphics},
  volume={21},
  number={4},
  pages={163--169},
  year={1987},
  publisher={ACM New York, NY, USA}
}

@inproceedings{semi-dense,
  title={Fast semi-dense 3D semantic mapping with monocular visual SLAM},
  author={Li, Xuanpeng and Ao, Huanxuan and Belaroussi, Rachid and Gruyer, Dominique},
  booktitle={2017 IEEE 20th International Conference on Intelligent Transportation Systems (ITSC)},
  pages={385--390},
  year={2017},
  organization={IEEE}
}

@inproceedings{Fast-semantic-segmentation,
  title={Fast semantic segmentation of 3D point clouds using a dense CRF with learned parameters},
  author={Wolf, Daniel and Prankl, Johann and Vincze, Markus},
  booktitle={2015 IEEE International conference on robotics and automation (ICRA)},
  pages={4867--4873},
  year={2015},
  organization={IEEE}
}

@inproceedings{semantic3d,
  title={Semantic 3D occupancy mapping through efficient high order CRFs},
  author={Yang, Shichao and Huang, Yulan and Scherer, Sebastian},
  booktitle={2017 IEEE/RSJ International Conference on Intelligent Robots and Systems (IROS)},
  pages={590--597},
  year={2017},
  organization={IEEE}
}

@inproceedings{Incremental-dense,
  title={Incremental dense semantic stereo fusion for large-scale semantic scene reconstruction},
  author={Vineet, Vibhav and Miksik, Ondrej and Lidegaard, Morten and Nie{\ss}ner, Matthias and Golodetz, Stuart and Prisacariu, Victor A and K{\"a}hler, Olaf and Murray, David W and Izadi, Shahram and P{\'e}rez, Patrick and others},
  booktitle={2015 IEEE international conference on robotics and automation (ICRA)},
  pages={75--82},
  year={2015},
  organization={IEEE}
}

@inproceedings{DA-RNN,
  title={DA-RNN: Semantic mapping with data associated recurrent neural networks},
  author={Xiang, Yu and Fox, Dieter},
   booktitle = {Robotics: Science and Systems (RSS)},
  year={2017}
}

@inproceedings{peng2023openscene,
  title={Openscene: 3d scene understanding with open vocabularies},
  author={Peng, Songyou and Genova, Kyle and Jiang, Chiyu and Tagliasacchi, Andrea and Pollefeys, Marc and Funkhouser, Thomas and others},
  booktitle={Proceedings of the IEEE/CVF conference on computer vision and pattern recognition},
  pages={815--824},
  year={2023}
}

@inproceedings{takmaz2023openmask3d,
  title={{OpenMask3D: Open-Vocabulary 3D Instance Segmentation}},
  author={Takmaz, Ay{\c{c}}a and Fedele, Elisabetta and Sumner, Robert W. and Pollefeys, Marc and Tombari, Federico and Engelmann, Francis},
  booktitle={Advances in Neural Information Processing Systems (NeurIPS)},
year={2023}
}

@INPROCEEDINGS{same,
  author={Tian, Xinyu and Deng, Yinan and Tang, Yujie and Wang, Jiahui and Dang, Ruina and Yang, Yi and Yue, Yufeng},
  booktitle={2024 IEEE International Conference on Unmanned Systems (ICUS)}, 
  title={SAME: Ground-Air Collaborative Semantic Active Mapping and Exploration}, 
  year={2024},
  pages={1923-1930},
}


@article{garg2020semantics,
  title={Semantics for robotic mapping, perception and interaction: A survey},
  author={Garg, Sourav and S{\"u}nderhauf, Niko and Dayoub, Feras and Morrison, Douglas and Cosgun, Akansel and Carneiro, Gustavo and Wu, Qi and Chin, Tat-Jun and Reid, Ian and Gould, Stephen and others},
  journal={Foundations and Trends{\textregistered} in Robotics},
  volume={8},
  number={1--2},
  pages={1--224},
  year={2020},
  publisher={Now Publishers, Inc.}
}

@inproceedings{Occ-vo,
  title={Occ-vo: Dense mapping via 3d occupancy-based visual odometry for autonomous driving},
  author={Li, Heng and Duan, Yifan and Zhang, Xinran and Liu, Haiyi and Ji, Jianmin and Zhang, Yanyong},
  booktitle={2024 IEEE International Conference on Robotics and Automation (ICRA)},
  pages={17961--17967},
  year={2024},
  organization={IEEE}
}


@article{Semantic-OcTree,
  title={Semantic OcTree mapping and Shannon mutual information computation for robot exploration},
  author={Asgharivaskasi, Arash and Atanasov, Nikolay},
  journal={IEEE Transactions on Robotics},
  volume={39},
  number={3},
  pages={1910--1928},
  year={2023},
  publisher={IEEE}
}