@article{DalleBot,
    author = {Ivan Kapelyukh and Vitalis Vosylius and Edward Johns},
    title = {DALL-E-Bot: Introducing Web-Scale Diffusion Models to Robotics},
    journal={IEEE Robotics and Automation Letters},
    volume={8},
    number={7},
    pages={3956--3963},
    year = {2023},
    publisher={IEEE}
}

@inproceedings{LGMCTS,
    author = {Haonan Chang and Kai Gao and Kowndinya Boyalakuntla and Alex Lee and Baichuan Huang and Jingjin Yu and Abdeslam Boularias},
    title = {LGMCTS: Language-Guided Monte-Carlo Tree Search for Executable Semantic Object Rearrangement},
    booktitle = {2024 IEEE/RSJ International Conference on Intelligent Robots and Systems (IROS)},
    year = {2024}
}

@article{LVDiffuser,
    author = {Yiming Zeng and Mingdong Wu and Long Yang and Jiyao Zhang and Hao Ding and Hui Cheng and Hao Dong},
    title = {LVDiffusor: Distilling Functional Rearrangement Priors from Large Models into Diffusor},
    journal={IEEE Robotics and Automation Letters},
    volume={9},
    number={10},
    pages={8258--8265},
    year = {2024},
    publisher={IEEE}
}

@inproceedings{RobotOrganize,
    author = {Nichola Abdo and Cyrill Stachniss and Luciano Spinello and Wolfram Burgard},
    title = {Robot, Organize my Shelves! Tidying up Objects by Predicting User Preferences},
    booktitle = {2015 IEEE International Conference on Robotics and Automation (ICRA)},
    year={2015},
    organization={IEEE}
}

@article{SceneScore,
    author = {Ivan Kapelyukh and Edward Johns},
    title = {SceneScore: Learning a Cost Function for Object Arrangement},
    journal={arXiv preprint arXiv:2311.08530} ,
    year = {2023}
}

@inproceedings{StructDiffusion,
    author = {Weiyu Liu and Yilun Du and Tucker Hermans and Sonia Chernova and Chris Paxton},
    title = {StructDiffusion: Language-Guided Creation of Physically-Valid Structures using Unseen Objects},
    booktitle = {Robotics: Science and Systems (RSS)},
    year = {2023}
}

@inproceedings{StructFormer,
    author = {Weiyu Liu and Chris Paxton and Tucker Hermans and Dieter Fox},
    title = {StructFormer: Learning Spatial Structure for Language-Guided Semantic Rearrangement of Novel Objects},
    booktitle = {2022 IEEE International Conference on Robotics and Automation (ICRA)},
    year={2022},
    organization={IEEE}
}

@article{TarGF,
    author = {Mingdong Wu and Fangwei Zhong and Yulong Xia and Hao Dong},
    title = {TarGF: Learning Target Gradient Field to Rearrange Objects without Explicit Goal Specification},
    journal = {Advances in Neural Information Processing Systems},
    year = {2022},
    volume={35},
    pages={31986--31999}
}

@inproceedings{myhouse,
    author = {Ivan Kapelyukh and Edward Johns},
    title = {My House, My Rules: Learning Tidying Preferences with Graph Neural Networks},
    booktitle = {Conference on Robot Learning (CoRL)},
    year = {2022},
    organization = {PMLR}
}

