@article{ycb,
  title={Benchmarking in manipulation research: Using the Yale-CMU-Berkeley object and model set},
  author={Berk Calli and Aaron Walsman and Arjun Singh and Siddhartha Srinivasa and Pieter Abbeel and Aaron M. Dollar},
  journal={IEEE Robotics \& Automation Magazine},
  volume={22},
  number={3},
  pages={36--52},
  year={2015},
  publisher={IEEE}
}

@inproceedings{housecat,
  title={HouseCat6D-A Large-Scale Multi-Modal Category Level 6D Object Perception Dataset with Household Objects in Realistic Scenarios},
  author={HyunJun Jung and Shun-Cheng Wu and Patrick Ruhkamp and Guangyao Zhai and Hannah Schieber and Giulia Rizzoli and Pengyuan Wang and Hongcheng Zhao and Lorenzo Garattoni and Sven Meier and Daniel Roth and Nassir Navab and Benjamin Busam},
  booktitle={Proceedings of the IEEE/CVF Conference on Computer Vision and Pattern Recognition},
  pages={22498--22508},
  year={2024}
}

@inproceedings{ifor,
  title={IFOR: Iterative flow minimization for robotic object rearrangement},
  author={Ankit Goyal and Arsalan Mousavian and Chris Paxton and Yu-Wei Chao and Brian Okorn and Jia Deng and Dieter Fox},
  booktitle={Proceedings of the IEEE/CVF Conference on Computer Vision and Pattern Recognition},
  pages={14787--14797},
  year={2022}
}

@inproceedings{large-scale,
  title={Large-scale multi-object rearrangement},
  author={Eric Huang and Zhenzhong Jia and Matthew T. Mason},
  booktitle={2019 IEEE International Conference on Robotics and Automation (ICRA)},
  year={2019},
  organization={IEEE}
}

@inproceedings{nerp,
    title={Nerp: Neural rearrangement planning for unknown objects},
    author = {Ahmed H. Qureshi and Arsalan Mousavian and Chris Paxton and Michael C. Yip and Dieter Fox},
    booktitle = {Robotics: Science and Systems (RSS)},
    year = {2021}
}

@inproceedings{cliport,
  title={Cliport: What and where pathways for robotic manipulation},
  author={Mohit Shridhar and Lucas Manuelli and Dieter Fox},
  booktitle={Conference on Robot Learning (CoRL)},
  year={2022},
}

@article{xiao2022robotic,
  title={Robotic skill acquisition via instruction augmentation with vision-language models},
  author={Ted Xiao and Harris Chan and Pierre Sermanet and Ayzaan Wahid and Anthony Brohan and Karol Hausman and Sergey Levine and Jonathan Tompson},
  journal={arXiv preprint arXiv:2211.11736},
  year={2022}
}

@inproceedings{contact-graspnet,
  title={Contact-graspnet: Efficient 6-dof grasp generation in cluttered scenes},
  author={Martin Sundermeyer and Arsalan Mousavian and Rudolph Triebel and Dieter Fox},
  booktitle={2021 IEEE International Conference on Robotics and Automation (ICRA)},
  year={2021},
  organization={IEEE}
}

@article{nasatlx,
  title={Cognitive workload changes for nurses transitioning from a legacy system with paper documentation to a commercial electronic health record},
  author={Colligan, Lacey and Potts, Henry WW and Finn, Chelsea T and Sinkin, Robert A},
  journal={International journal of medical informatics},
  volume={84},
  number={7},
  pages={469--476},
  year={2015},
  publisher={Elsevier}
}

@article{iql,
    author = {Kostrikov and Ilya and Ashvin Nair and Sergey Levine},
    title = {Offline reinforcement learning with implicit q-learning},
    journal={arXiv preprint arXiv:2110.06169},
    year={2021}
}

% mcts
@inproceedings{mcts,
  title={Bandit based monte-carlo planning},
  author={Levente Kocsis and Csaba Szepesv{\'a}ri},
  booktitle={European conference on machine learning},
  pages={282--293},
  year={2006},
  organization={Springer}
}

% clip
@inproceedings{clip,
  title={Learning transferable visual models from natural language supervision},
  author={Alec Radford and Jong Wook Kim and Chris Hallacy and Aditya Ramesh and Gabriel Goh and Sandhini Agarwal and Girish Sastry and Amanda Askell and Pamela Mishkinand  Jack Clark and Gretchen Krueger and Ilya Sutskever},
  booktitle={International conference on machine learning},
  year={2021},
  organization={PMLR}
}

% blip
@inproceedings{blip,
  title={Blip: Bootstrapping language-image pre-training for unified vision-language understanding and generation},
  author={Junnan Li and Dongxu Li and Caiming Xiong and Steven Hoi},
  booktitle={International conference on machine learning},
  year={2022},
  organization={PMLR}
}

% sam
@inproceedings{sam,
  title={Segment anything},
  author={Alexander Kirillov and Eric Mintun and Nikhila Ravi and Hanzi Mao and Chloe Rolland and Laura Gustafson and Tete Xiao and Spencer Whitehead and Alexander C. Berg and Wan-Yen Lo and Piotr Dollár and Ross Girshick},
  booktitle={Proceedings of the IEEE/CVF International Conference on Computer Vision},
  pages={4015--4026},
  year={2023}
}

@article{setitup,
    author = {Yiqing Xu and Jiayuan Mao and Yilun Du and Tomas Lozáno-Pérez and Leslie Pack Kaebling and David Hsu},
    title = {“Set It Up!”: Functional Object Arrangement with Compositional Generative Models},
    journal={arXiv preprint arXiv:2405.11928},
    year={2024}
}
@inproceedings{myhouse,
    author = {Ivan Kapelyukh and Edward Johns},
    title = {My House, My Rules: Learning Tidying Preferences with Graph Neural Networks},
    booktitle = {Conference on Robot Learning (CoRL)},
    year = {2022},
    organization = {PMLR}
}
@inproceedings{RobotOrganize,
    author = {Nichola Abdo and Cyrill Stachniss and Luciano Spinello and Wolfram Burgard},
    title = {Robot, Organize my Shelves! Tidying up Objects by Predicting User Preferences},
    booktitle = {2015 IEEE International Conference on Robotics and Automation (ICRA)},
    year={2015},
    organization={IEEE}
}
@inproceedings{StructFormer,
    author = {Weiyu Liu and Chris Paxton and Tucker Hermans and Dieter Fox},
    title = {StructFormer: Learning Spatial Structure for Language-Guided Semantic Rearrangement of Novel Objects},
    booktitle = {2022 IEEE International Conference on Robotics and Automation (ICRA)},
    year={2022},
    organization={IEEE}
}
@inproceedings{StructDiffusion,
    author = {Weiyu Liu and Yilun Du and Tucker Hermans and Sonia Chernova and Chris Paxton},
    title = {StructDiffusion: Language-Guided Creation of Physically-Valid Structures using Unseen Objects},
    booktitle = {Robotics: Science and Systems (RSS)},
    year = {2023}
}
@inproceedings{LGMCTS,
    author = {Haonan Chang and Kai Gao and Kowndinya Boyalakuntla and Alex Lee and Baichuan Huang and Jingjin Yu and Abdeslam Boularias},
    title = {LGMCTS: Language-Guided Monte-Carlo Tree Search for Executable Semantic Object Rearrangement},
    booktitle = {2024 IEEE/RSJ International Conference on Intelligent Robots and Systems (IROS)},
    year = {2024}
}
@inproceedings{SGBot,
    author = {Guangyao Zhai and Xiaoni Cai and Dianye Huang and Yan Di and Fabian Manhardt and Federico Tombari and Nassir Navab and Benjamin Busam},
    title = {SG-Bot: Object Rearrangement via Coarse-to-Fine Robotic Imagination on Scene Graphs},
    booktitle = {2024 IEEE International Conference on Robotics and Automation (ICRA)},
    year={2024},
    organization={IEEE}
}
@article{DalleBot,
    author = {Ivan Kapelyukh and Vitalis Vosylius and Edward Johns},
    title = {DALL-E-Bot: Introducing Web-Scale Diffusion Models to Robotics},
    journal={IEEE Robotics and Automation Letters},
    volume={8},
    number={7},
    pages={3956--3963},
    year = {2023},
    publisher={IEEE}
}
@article{LVDiffuser,
    author = {Yiming Zeng and Mingdong Wu and Long Yang and Jiyao Zhang and Hao Ding and Hui Cheng and Hao Dong},
    title = {LVDiffusor: Distilling Functional Rearrangement Priors from Large Models into Diffusor},
    journal={IEEE Robotics and Automation Letters},
    volume={9},
    number={10},
    pages={8258--8265},
    year = {2024},
    publisher={IEEE}
}
@article{SceneScore,
    author = {Ivan Kapelyukh and Edward Johns},
    title = {SceneScore: Learning a Cost Function for Object Arrangement},
    journal={arXiv preprint arXiv:2311.08530} ,
    year = {2023}
}
@article{TarGF,
    author = {Mingdong Wu and Fangwei Zhong and Yulong Xia and Hao Dong},
    title = {TarGF: Learning Target Gradient Field to Rearrange Objects without Explicit Goal Specification},
    journal = {Advances in Neural Information Processing Systems},
    year = {2022},
    volume={35},
    pages={31986--31999}
}



@article{hungarian,
  title={The Hungarian method for the assignment problem},
  author={Harold W Kuhn},
  journal={Naval research logistics quarterly},
  volume={2},
  number={1-2},
  pages={83--97},
  year={1955},
  publisher={Wiley Online Library}
}

@inproceedings{ucn,
  title={Learning rgb-d feature embeddings for unseen object instance segmentation},
  author={Yu Xiang and Christopher Xie and Arsalan Mousavian and Dieter Fox},
  booktitle={Conference on Robot Learning (CoRL)},
  year={2020},
  organization={PMLR}
}


@article{fmm,
  title={A fast marching level set method for monotonically advancing fronts.},
  author={James A. Sethian},
  journal={Proceedings of the National Academy of Sciences},
  volume={93},
  number={4},
  pages={1591--1595},
  year={1996},
  publisher={National Acad Sciences}
}


@article{her,
  title={Hindsight experience replay},
  author={Marcin Andrychowicz and Filip Wolski and Alex Ray and Jonas Schneider and Rachel Fong and Peter Welinder and Bob McGrew and Josh Tobin and Pieter Abbeel and Wojciech Zaremba},
  journal={Advances in Neural Information Processing Systems},
  volume={30},
  year={2017}
}

@article{qlearning,
  title={Human-level control through deep reinforcement learning},
  author={Volodymyr Mnih and Koray Kavukcuoglu and David Silver and Andrei A. Rusu and Joel Veness and Marc G. Bellemare and Alex Graves and Martin Riedmiller and Andreas K. Fidjeland and Georg Ostrovski and Stig Petersen and Charles Beattie and Amir Sadik and Ioannis Antonoglou and Helen King and Dharshan Kumaran and Daan Wierstra and Shane Legg and Demis Hassabis},
  journal={nature},
  volume={518},
  number={7540},
  pages={529--533},
  year={2015},
  publisher={Nature Publishing Group}
}

