@inproceedings{achddou2021fast,
  title={Fast rate learning in stochastic first price bidding},
  author={Achddou, Juliette and Capp{\'e}, Olivier and Garivier, Aur{\'e}lien},
  booktitle={Asian Conference on Machine Learning},
  pages={1754--1769},
  year={2021},
  organization={PMLR}
}

@article{aggarwal2024auto,
  title={Auto-bidding and auctions in online advertising: A survey},
  author={Aggarwal, Gagan and Badanidiyuru, Ashwinkumar and Balseiro, Santiago R and Bhawalkar, Kshipra and Deng, Yuan and Feng, Zhe and Goel, Gagan and Liaw, Christopher and Lu, Haihao and Mahdian, Mohammad and others},
  journal={ACM SIGecom Exchanges},
  volume={22},
  number={1},
  pages={159--183},
  year={2024},
  publisher={ACM New York, NY, USA}
}

@article{aggarwal2024no,
  title={No-Regret Algorithms in non-Truthful Auctions with Budget and ROI Constraints},
  author={Aggarwal, Gagan and Fikioris, Giannis and Zhao, Mingfei},
  journal={arXiv preprint arXiv:2404.09832},
  year={2024}
}

@article{athey2021policy,
  title={Policy learning with observational data},
  author={Athey, Susan and Wager, Stefan},
  journal={Econometrica},
  volume={89},
  number={1},
  pages={133--161},
  year={2021},
  publisher={Wiley Online Library}
}

@inproceedings{badanidiyuru2023learning,
  title={Learning to Bid in Contextual First Price Auctions},
  author={Badanidiyuru, Ashwinkumar and Feng, Zhe and Guruganesh, Guru},
  booktitle={Proceedings of the ACM Web Conference 2023},
  pages={3489--3497},
  year={2023}
}

@article{balseiro2023contextual,
  title={Contextual Bandits with Cross-Learning},
  author={Balseiro, Santiago and Golrezaei, Negin and Mahdian, Mohammad and Mirrokni, Vahab and Schneider, Jon},
  journal={Mathematics of Operations Research},
  volume={48},
  number={3},
  pages={1607--1629},
  year={2023},
  publisher={INFORMS}
}

@article{bichler2023computing,
  title={Computing Bayes--Nash equilibrium strategies in auction games via simultaneous online dual averaging},
  author={Bichler, Martin and Fichtl, Max and Oberlechner, Matthias},
  journal={Operations Research},
  year={2023},
  publisher={INFORMS}
}

@article{branson2023causal,
  title={Causal effect estimation after propensity score trimming with continuous treatments},
  author={Branson, Zach and Kennedy, Edward H and Balakrishnan, Sivaraman and Wasserman, Larry},
  journal={arXiv preprint arXiv:2309.00706},
  year={2023}
}

@inproceedings{cesa2024role,
  title={The role of transparency in repeated first-price auctions with unknown valuations},
  author={Cesa-Bianchi, Nicol{\`o} and Cesari, Tommaso and Colomboni, Roberto and Fusco, Federico and Leonardi, Stefano},
  booktitle={Proceedings of the 56th Annual ACM Symposium on Theory of Computing},
  pages={225--236},
  year={2024}
}

@inproceedings{chen2023complexity,
  title={Complexity of equilibria in first-price auctions under general tie-breaking rules},
  author={Chen, Xi and Peng, Binghui},
  booktitle={Proceedings of the 55th Annual ACM Symposium on Theory of Computing},
  pages={698--709},
  year={2023}
}

@inproceedings{feng2018learning,
  title={Learning to bid without knowing your value},
  author={Feng, Zhe and Podimata, Chara and Syrgkanis, Vasilis},
  booktitle={Proceedings of the 2018 ACM Conference on Economics and Computation},
  pages={505--522},
  year={2018}
}

@inproceedings{filos2021complexity,
  title={On the complexity of equilibrium computation in first-price auctions},
  author={Filos-Ratsikas, Aris and Giannakopoulos, Yiannis and Hollender, Alexandros and Lazos, Philip and Po{\c{c}}as, Diogo},
  booktitle={Proceedings of the 22nd ACM Conference on Economics and Computation},
  pages={454--476},
  year={2021}
}

@inproceedings{filos2024computation,
  title={On the computation of equilibria in discrete first-price auctions},
  author={Filos-Ratsikas, Aris and Giannakopoulos, Yiannis and Hollender, Alexandros and Kokkalis, Charalampos},
  booktitle={Proceedings of the 25th ACM Conference on Economics and Computation},
  pages={379--399},
  year={2024}
}

@article{han2020learning,
  title={Learning to bid optimally and efficiently in adversarial first-price auctions},
  author={Han, Yanjun and Zhou, Zhengyuan and Flores, Aaron and Ordentlich, Erik and Weissman, Tsachy},
  journal={arXiv preprint arXiv:2007.04568},
  year={2020}
}

@article{han2024optimal,
  title={Optimal no-regret learning in repeated first-price auctions},
  author={Han, Yanjun and Weissman, Tsachy and Zhou, Zhengyuan},
  journal={Operations Research},
  year={2024},
  publisher={INFORMS}
}

@book{imbens2015causal,
  title={Causal inference in statistics, social, and biomedical sciences},
  author={Imbens, Guido W and Rubin, Donald B},
  year={2015},
  publisher={Cambridge university press}
}

@article{jin2022policy,
  title={Policy learning" without''overlap: Pessimism and generalized empirical Bernstein's inequality},
  author={Jin, Ying and Ren, Zhimei and Yang, Zhuoran and Wang, Zhaoran},
  journal={arXiv preprint arXiv:2212.09900},
  year={2022}
}

@inproceedings{kleinberg2003value,
  title={The value of knowing a demand curve: Bounds on regret for online posted-price auctions},
  author={Kleinberg, Robert and Leighton, Tom},
  booktitle={44th Annual IEEE Symposium on Foundations of Computer Science, 2003. Proceedings.},
  pages={594--605},
  year={2003},
  organization={IEEE}
}

@article{myerson1981optimal,
  title={Optimal auction design},
  author={Myerson, Roger B},
  journal={Mathematics of operations research},
  volume={6},
  number={1},
  pages={58--73},
  year={1981},
  publisher={INFORMS}
}

@article{vickrey1961counterspeculation,
  title={Counterspeculation, auctions, and competitive sealed tenders},
  author={Vickrey, William},
  journal={The Journal of finance},
  volume={16},
  number={1},
  pages={8--37},
  year={1961},
  publisher={JSTOR}
}

@article{waisman2024online,
  title={Online causal inference for advertising in real-time bidding auctions},
  author={Waisman, Caio and Nair, Harikesh S and Carrion, Carlos},
  journal={Marketing Science},
  year={2024},
  publisher={INFORMS}
}

@inproceedings{wang2020bayesian,
  title={Bayesian nash equilibrium in first-price auction with discrete value distributions},
  author={Wang, Zihe and Shen, Weiran and Zuo, Song},
  booktitle={Proceedings of the 19th International Conference on Autonomous Agents and MultiAgent Systems},
  pages={1458--1466},
  year={2020}
}

@inproceedings{wang2023learning,
  title={Learning to bid in repeated first-price auctions with budgets},
  author={Wang, Qian and Yang, Zongjun and Deng, Xiaotie and Kong, Yuqing},
  booktitle={International Conference on Machine Learning},
  pages={36494--36513},
  year={2023},
  organization={PMLR}
}

@inproceedings{weed2016online,
  title={Online learning in repeated auctions},
  author={Weed, Jonathan and Perchet, Vianney and Rigollet, Philippe},
  booktitle={Conference on Learning Theory},
  pages={1562--1583},
  year={2016},
  organization={PMLR}
}

@article{yang2018asymptotic,
  title={Asymptotic inference of causal effects with observational studies trimmed by the estimated propensity scores},
  author={Yang, Shu and Ding, Peng},
  journal={Biometrika},
  volume={105},
  number={2},
  pages={487--493},
  year={2018},
  publisher={Oxford University Press}
}

@article{zhang2022leveraging,
  title={Leveraging the hints: Adaptive bidding in repeated first-price auctions},
  author={Zhang, Wei and Han, Yanjun and Zhou, Zhengyuan and Flores, Aaron and Weissman, Tsachy},
  journal={Advances in Neural Information Processing Systems},
  volume={35},
  pages={21329--21341},
  year={2022}
}

@inproceedings{zhao2024positivity,
  title={Positivity-free policy learning with observational data},
  author={Zhao, Pan and Chambaz, Antoine and Josse, Julie and Yang, Shu},
  booktitle={International Conference on Artificial Intelligence and Statistics},
  pages={1918--1926},
  year={2024},
  organization={PMLR}
}

@article{zhou2023offline,
  title={Offline multi-action policy learning: Generalization and optimization},
  author={Zhou, Zhengyuan and Athey, Susan and Wager, Stefan},
  journal={Operations Research},
  volume={71},
  number={1},
  pages={148--183},
  year={2023},
  publisher={INFORMS}
}

