@inproceedings{cesa2024role,
  title={The role of transparency in repeated first-price auctions with unknown valuations},
  author={Cesa-Bianchi, Nicol{\`o} and Cesari, Tommaso and Colomboni, Roberto and Fusco, Federico and Leonardi, Stefano},
  booktitle={Proceedings of the 56th Annual ACM Symposium on Theory of Computing},
  pages={225--236},
  year={2024}
}

@article{abbasi2011improved,
  title={Improved algorithms for linear stochastic bandits},
  author={Abbasi-Yadkori, Yasin and P{\'a}l, D{\'a}vid and Szepesv{\'a}ri, Csaba},
  journal={Advances in neural information processing systems},
  volume={24},
  year={2011}
}

@inproceedings{zhou2021nearly,
  title={Nearly minimax optimal reinforcement learning for linear mixture markov decision processes},
  author={Zhou, Dongruo and Gu, Quanquan and Szepesvari, Csaba},
  booktitle={Conference on Learning Theory},
  pages={4532--4576},
  year={2021},
  organization={PMLR}
}

@article{zhou2022computationally,
  title={Computationally efficient horizon-free reinforcement learning for linear mixture mdps},
  author={Zhou, Dongruo and Gu, Quanquan},
  journal={Advances in neural information processing systems},
  volume={35},
  pages={36337--36349},
  year={2022}
}

@article{carpentier2020elliptical,
  title={The elliptical potential lemma revisited},
  author={Carpentier, Alexandra and Vernade, Claire and Abbasi-Yadkori, Yasin},
  journal={arXiv preprint arXiv:2010.10182},
  year={2020}
}

@article{waisman2024online,
  title={Online causal inference for advertising in real-time bidding auctions},
  author={Waisman, Caio and Nair, Harikesh S and Carrion, Carlos},
  journal={Marketing Science},
  year={2024},
  publisher={INFORMS}
}

@inproceedings{badanidiyuru2023learning,
  title={Learning to Bid in Contextual First Price Auctions},
  author={Badanidiyuru, Ashwinkumar and Feng, Zhe and Guruganesh, Guru},
  booktitle={Proceedings of the ACM Web Conference 2023},
  pages={3489--3497},
  year={2023}
}

@article{auer2002using,
  title={Using confidence bounds for exploitation-exploration trade-offs},
  author={Auer, Peter},
  journal={Journal of Machine Learning Research},
  volume={3},
  number={Nov},
  pages={397--422},
  year={2002}
}


@inproceedings{chu2011contextual,
  title={Contextual bandits with linear payoff functions},
  author={Chu, Wei and Li, Lihong and Reyzin, Lev and Schapire, Robert},
  booktitle={Proceedings of the Fourteenth International Conference on Artificial Intelligence and Statistics},
  pages={208--214},
  year={2011},
  organization={JMLR Workshop and Conference Proceedings}
}


@article{freedman1975tail,
  title={On tail probabilities for martingales},
  author={Freedman, David A},
  journal={the Annals of Probability},
  pages={100--118},
  year={1975},
  publisher={JSTOR}
}

@article{azuma1967weighted,
  title={Weighted sums of certain dependent random variables},
  author={Azuma, Kazuoki},
  journal={Tohoku Mathematical Journal, Second Series},
  volume={19},
  number={3},
  pages={357--367},
  year={1967},
  publisher={Mathematical Institute, Tohoku University}
}

@book{alon2016probabilistic,
  title={The probabilistic method},
  author={Alon, Noga and Spencer, Joel H},
  year={2016},
  publisher={John Wiley \& Sons}
}

@article{auer2002nonstochastic,
  title={The nonstochastic multiarmed bandit problem},
  author={Auer, Peter and Cesa-Bianchi, Nicolo and Freund, Yoav and Schapire, Robert E},
  journal={SIAM journal on computing},
  volume={32},
  number={1},
  pages={48--77},
  year={2002},
  publisher={SIAM}
}


@book{lattimore2020bandit,
  title={Bandit algorithms},
  author={Lattimore, Tor and Szepesv{\'a}ri, Csaba},
  year={2020},
  publisher={Cambridge University Press}
}


@article{balseiro2023contextual,
  title={Contextual Bandits with Cross-Learning},
  author={Balseiro, Santiago and Golrezaei, Negin and Mahdian, Mohammad and Mirrokni, Vahab and Schneider, Jon},
  journal={Mathematics of Operations Research},
  volume={48},
  number={3},
  pages={1607--1629},
  year={2023},
  publisher={INFORMS}
}

@article{han2020learning,
  title={Learning to bid optimally and efficiently in adversarial first-price auctions},
  author={Han, Yanjun and Zhou, Zhengyuan and Flores, Aaron and Ordentlich, Erik and Weissman, Tsachy},
  journal={arXiv preprint arXiv:2007.04568},
  year={2020}
}

@inproceedings{zhang2021meow,
  title={Meow: A space-efficient nonparametric bid shading algorithm},
  author={Zhang, Wei and Kitts, Brendan and Han, Yanjun and Zhou, Zhengyuan and Mao, Tingyu and He, Hao and Pan, Shengjun and Flores, Aaron and Gultekin, San and Weissman, Tsachy},
  booktitle={Proceedings of the 27th ACM SIGKDD Conference on Knowledge Discovery \& Data Mining},
  pages={3928--3936},
  year={2021}
}


@article{zhang2022leveraging,
  title={Leveraging the hints: Adaptive bidding in repeated first-price auctions},
  author={Zhang, Wei and Han, Yanjun and Zhou, Zhengyuan and Flores, Aaron and Weissman, Tsachy},
  journal={Advances in Neural Information Processing Systems},
  volume={35},
  pages={21329--21341},
  year={2022}
}


@incollection{boucheron2003concentration,
  title={Concentration inequalities},
  author={Boucheron, St{\'e}phane and Lugosi, G{\'a}bor and Bousquet, Olivier},
  booktitle={Summer school on machine learning},
  pages={208--240},
  year={2003},
  publisher={Springer}
}


@article{han2020sequential,
  title={Sequential batch learning in finite-action linear contextual bandits},
  author={Han, Yanjun and Zhou, Zhengqing and Zhou, Zhengyuan and Blanchet, Jose and Glynn, Peter W and Ye, Yinyu},
  journal={arXiv preprint arXiv:2004.06321},
  year={2020}
}

@article{han2024optimal,
  title={Optimal no-regret learning in repeated first-price auctions},
  author={Han, Yanjun and Weissman, Tsachy and Zhou, Zhengyuan},
  journal={Operations Research},
  year={2024},
  publisher={INFORMS}
}

@misc{wong2021moving,
title={ Moving AdSense to a first-price auction},
author={Wong, Matt},
year={2021},
howpublished={https://blog.google/products/adsense/our-move-to-a-first-price-auction/},
note={Published: Oct 7, 2021}
}

@misc{Exchange,
  author = {Sarah Sluis},
  title = {Big Changes Coming To Auctions, As Exchanges Roll The Dice On First-Price},
  year = {2017},
  howpublished = {https://www.adexchanger.com/platforms/big-changes-coming-auctions-exchanges-roll-dice-first-price/}, 
 note = {Published: September 5, 2017}
}

@misc{Google,
  author = {Jessica Davies},
  title = {What to know about Google's implementation of first-price ad auctions},
  year = {2019},
  howpublished = {https://digiday.com/media/buyers-welcome-auction-standardization-as-google-finally-goes-all-in-on-first-price/}, 
 note = {Published: September 6, 2019}
}

@inproceedings{wang2023learning,
  title={Learning to bid in repeated first-price auctions with budgets},
  author={Wang, Qian and Yang, Zongjun and Deng, Xiaotie and Kong, Yuqing},
  booktitle={International Conference on Machine Learning},
  pages={36494--36513},
  year={2023},
  organization={PMLR}
}

@article{kumar2024strategically,
  title={Strategically-robust learning algorithms for bidding in first-price auctions},
  author={Kumar, Rachitesh and Schneider, Jon and Sivan, Balasubramanian},
  journal={arXiv preprint arXiv:2402.07363},
  year={2024}
}
@article{aggarwal2024no,
  title={No-Regret Algorithms in non-Truthful Auctions with Budget and ROI Constraints},
  author={Aggarwal, Gagan and Fikioris, Giannis and Zhao, Mingfei},
  journal={arXiv preprint arXiv:2404.09832},
  year={2024}
}

@article{aggarwal2024auto,
  title={Auto-bidding and auctions in online advertising: A survey},
  author={Aggarwal, Gagan and Badanidiyuru, Ashwinkumar and Balseiro, Santiago R and Bhawalkar, Kshipra and Deng, Yuan and Feng, Zhe and Goel, Gagan and Liaw, Christopher and Lu, Haihao and Mahdian, Mohammad and others},
  journal={ACM SIGecom Exchanges},
  volume={22},
  number={1},
  pages={159--183},
  year={2024},
  publisher={ACM New York, NY, USA}
}

@article{bastani2021mostly,
  title={Mostly exploration-free algorithms for contextual bandits},
  author={Bastani, Hamsa and Bayati, Mohsen and Khosravi, Khashayar},
  journal={Management Science},
  volume={67},
  number={3},
  pages={1329--1349},
  year={2021},
  publisher={INFORMS}
}

@article{dvoretzky1956asymptotic,
  title={Asymptotic minimax character of the sample distribution function and of the classical multinomial estimator},
  author={Dvoretzky, Aryeh and Kiefer, Jack and Wolfowitz, Jacob},
  journal={The Annals of Mathematical Statistics},
  pages={642--669},
  year={1956},
  publisher={JSTOR}
}

@article{vickrey1961counterspeculation,
  title={Counterspeculation, auctions, and competitive sealed tenders},
  author={Vickrey, William},
  journal={The Journal of finance},
  volume={16},
  number={1},
  pages={8--37},
  year={1961},
  publisher={JSTOR}
}

@article{myerson1981optimal,
  title={Optimal auction design},
  author={Myerson, Roger B},
  journal={Mathematics of operations research},
  volume={6},
  number={1},
  pages={58--73},
  year={1981},
  publisher={INFORMS}
}

@inproceedings{wang2020bayesian,
  title={Bayesian nash equilibrium in first-price auction with discrete value distributions},
  author={Wang, Zihe and Shen, Weiran and Zuo, Song},
  booktitle={Proceedings of the 19th International Conference on Autonomous Agents and MultiAgent Systems},
  pages={1458--1466},
  year={2020}
}

@inproceedings{filos2024computation,
  title={On the computation of equilibria in discrete first-price auctions},
  author={Filos-Ratsikas, Aris and Giannakopoulos, Yiannis and Hollender, Alexandros and Kokkalis, Charalampos},
  booktitle={Proceedings of the 25th ACM Conference on Economics and Computation},
  pages={379--399},
  year={2024}
}

@inproceedings{filos2021complexity,
  title={On the complexity of equilibrium computation in first-price auctions},
  author={Filos-Ratsikas, Aris and Giannakopoulos, Yiannis and Hollender, Alexandros and Lazos, Philip and Po{\c{c}}as, Diogo},
  booktitle={Proceedings of the 22nd ACM Conference on Economics and Computation},
  pages={454--476},
  year={2021}
}

@article{bichler2023computing,
  title={Computing Bayes--Nash equilibrium strategies in auction games via simultaneous online dual averaging},
  author={Bichler, Martin and Fichtl, Max and Oberlechner, Matthias},
  journal={Operations Research},
  year={2023},
  publisher={INFORMS}
}

@inproceedings{chen2023complexity,
  title={Complexity of equilibria in first-price auctions under general tie-breaking rules},
  author={Chen, Xi and Peng, Binghui},
  booktitle={Proceedings of the 55th Annual ACM Symposium on Theory of Computing},
  pages={698--709},
  year={2023}
}

@inproceedings{kleinberg2003value,
  title={The value of knowing a demand curve: Bounds on regret for online posted-price auctions},
  author={Kleinberg, Robert and Leighton, Tom},
  booktitle={44th Annual IEEE Symposium on Foundations of Computer Science, 2003. Proceedings.},
  pages={594--605},
  year={2003},
  organization={IEEE}
}

@inproceedings{weed2016online,
  title={Online learning in repeated auctions},
  author={Weed, Jonathan and Perchet, Vianney and Rigollet, Philippe},
  booktitle={Conference on Learning Theory},
  pages={1562--1583},
  year={2016},
  organization={PMLR}
}

@inproceedings{feng2018learning,
  title={Learning to bid without knowing your value},
  author={Feng, Zhe and Podimata, Chara and Syrgkanis, Vasilis},
  booktitle={Proceedings of the 2018 ACM Conference on Economics and Computation},
  pages={505--522},
  year={2018}
}

@inproceedings{achddou2021fast,
  title={Fast rate learning in stochastic first price bidding},
  author={Achddou, Juliette and Capp{\'e}, Olivier and Garivier, Aur{\'e}lien},
  booktitle={Asian Conference on Machine Learning},
  pages={1754--1769},
  year={2021},
  organization={PMLR}
}

@book{imbens2015causal,
  title={Causal inference in statistics, social, and biomedical sciences},
  author={Imbens, Guido W and Rubin, Donald B},
  year={2015},
  publisher={Cambridge university press}
}

@article{athey2021policy,
  title={Policy learning with observational data},
  author={Athey, Susan and Wager, Stefan},
  journal={Econometrica},
  volume={89},
  number={1},
  pages={133--161},
  year={2021},
  publisher={Wiley Online Library}
}

@article{zhou2023offline,
  title={Offline multi-action policy learning: Generalization and optimization},
  author={Zhou, Zhengyuan and Athey, Susan and Wager, Stefan},
  journal={Operations Research},
  volume={71},
  number={1},
  pages={148--183},
  year={2023},
  publisher={INFORMS}
}

@article{yang2018asymptotic,
  title={Asymptotic inference of causal effects with observational studies trimmed by the estimated propensity scores},
  author={Yang, Shu and Ding, Peng},
  journal={Biometrika},
  volume={105},
  number={2},
  pages={487--493},
  year={2018},
  publisher={Oxford University Press}
}

@article{branson2023causal,
  title={Causal effect estimation after propensity score trimming with continuous treatments},
  author={Branson, Zach and Kennedy, Edward H and Balakrishnan, Sivaraman and Wasserman, Larry},
  journal={arXiv preprint arXiv:2309.00706},
  year={2023}
}

@inproceedings{zhao2024positivity,
  title={Positivity-free policy learning with observational data},
  author={Zhao, Pan and Chambaz, Antoine and Josse, Julie and Yang, Shu},
  booktitle={International Conference on Artificial Intelligence and Statistics},
  pages={1918--1926},
  year={2024},
  organization={PMLR}
}

@article{jin2022policy,
  title={Policy learning" without''overlap: Pessimism and generalized empirical Bernstein's inequality},
  author={Jin, Ying and Ren, Zhimei and Yang, Zhuoran and Wang, Zhaoran},
  journal={arXiv preprint arXiv:2212.09900},
  year={2022}
}


@article{lecue2017sparse,
  title={Sparse recovery under weak moment assumptions},
  author={Lecu{\'e}, Guillaume and Mendelson, Shahar},
  journal={Journal of the European Mathematical Society},
  volume={19},
  number={3},
  pages={881--904},
  year={2017}
}


@article{yaskov2016controlling,
  title={Controlling the least eigenvalue of a random Gram matrix},
  author={Yaskov, Pavel},
  journal={Linear Algebra and its Applications},
  volume={504},
  pages={108--123},
  year={2016},
  publisher={Elsevier}
}


@book{wainwright2019high,
  title={High-dimensional statistics: A non-asymptotic viewpoint},
  author={Wainwright, Martin J},
  volume={48},
  year={2019},
  publisher={Cambridge university press}
}

@article{bretagnolle1978estimation,
  title={Estimation des densit{\'e}s: risque minimax},
  author={Bretagnolle, Jean and Huber, Catherine},
  journal={S{\'e}minaire de probabilit{\'e}s de Strasbourg},
  volume={12},
  pages={342--363},
  year={1978}
}


@article{gordon1941values,
  title={Values of Mills' ratio of area to bounding ordinate and of the normal probability integral for large values of the argument},
  author={Gordon, Robert D},
  journal={The Annals of Mathematical Statistics},
  volume={12},
  number={3},
  pages={364--366},
  year={1941},
  publisher={JSTOR}
}

@article{davidson2003banach,
  title={Banach space theory and local operator theory},
  author={Davidson, KENNETH R and Szarek, STANISLAW J},
  journal={Handbook of the Geometry of Banach Spaces. North-Holland},
  year={2003}
}

@article{marcus2015interlacing,
  title={Interlacing families ii: Mixed characteristic polynomials and the {Kadison—Singer} problem},
  author={Marcus, Adam W and Spielman, Daniel A and Srivastava, Nikhil},
  journal={Annals of Mathematics},
  pages={327--350},
  year={2015},
  publisher={JSTOR}
}

@article{hoeffding1994probability,
  title={Probability inequalities for sums of bounded random variables},
  author={Hoeffding, Wassily},
  journal={The collected works of Wassily Hoeffding},
  pages={409--426},
  year={1994},
  publisher={Springer}
}