@book{newton1934principia,
  title={Philosophiae Naturalis Principia Mathematica},
  author={Newton, Isaac},
  publisher={cf. especially Liber de Motu I Sects. II, III, VII. London},
  year={1687}
}

@article{mmd_paper,
  author  = {Arthur Gretton and Karsten M. Borgwardt and Malte J. Rasch and Bernhard Sch{{\"o}}lkopf and Alexander Smola},
  title   = {A Kernel Two-Sample Test},
  journal = {Journal of Machine Learning Research},
  year    = {2012},
  volume  = {13},
  number  = {25},
  pages   = {723-773},
  url     = {http://jmlr.org/papers/v13/gretton12a.html}
}

@misc{ksig,
      title={A User's Guide to $\texttt{KSig}$: GPU-Accelerated Computation of the Signature Kernel}, 
      author={Csaba Tóth and Danilo Jr Dela Cruz and Harald Oberhauser},
      year={2025},
      eprint={2501.07145},
      archivePrefix={arXiv},
      primaryClass={stat.ML},
      url={https://arxiv.org/abs/2501.07145}, 
}

@article{bezanson2017julia,
  title={Julia: A fresh approach to numerical computing},
  author={Bezanson, Jeff and Edelman, Alan and Karpinski, Stefan and Shah, Viral B},
  journal={SIAM review},
  volume={59},
  number={1},
  pages={65--98},
  year={2017},
  publisher={SIAM},
  url={https://doi.org/10.1137/141000671}
}

@article{rackauckas2017differentialequations,
  title={Differentialequations.jl--a performant and feature-rich ecosystem for solving differential equations in julia},
  author={Rackauckas, Christopher and Nie, Qing},
  journal={Journal of Open Research Software},
  volume={5},
  number={1},
  pages={15},
  year={2017},
  publisher={Ubiquity Press}
}

@article{rackauckas2017adaptive,
  title={Adaptive methods for stochastic differential equations via natural embeddings and rejection sampling with memory},
  author={Rackauckas, Christopher and Nie, Qing},
  journal={Discrete and continuous dynamical systems. Series B},
  volume={22},
  number={7},
  pages={2731},
  year={2017},
  publisher={NIH Public Access}
}

@article{sompolinsky1988chaos,
  title={Chaos in random neural networks},
  author={Sompolinsky, Haim and Crisanti, Andrea and Sommers, Hans-Jurgen},
  journal={Physical review letters},
  volume={61},
  number={3},
  pages={259},
  year={1988},
  publisher={APS}
}

@book{gardiner2009stochastic,
  title={Stochastic methods},
  author={Gardiner, Crispin},
  volume={4},
  year={2009},
  publisher={Springer Berlin}
}

@book{oksendal2010stochastic,
  title={Stochastic Differential Equations: An Introduction with Applications},
  author={{\O}ksendal, B.},
  isbn={9783642143946},
  lccn={2003052637},
  series={Universitext},
  url={https://books.google.de/books?id=EQZEAAAAQBAJ},
  year={2010},
  publisher={Springer Berlin Heidelberg}
}


@article{cugliandolo2023recent,
  title={Recent applications of dynamical mean-field methods},
  author={Cugliandolo, Leticia F},
  journal={Annual Review of Condensed Matter Physics},
  volume={15},
  year={2023},
  publisher={Annual Reviews}
}


@book{jaynes-gaussian,  
  author={Jaynes, Edwin Thompson},
  title={Probability Theory: the Logic of Science},
  publisher={Cambridge University Press},
  year={2003}
}



@book{lotka1925elements,
  title={Elements of physical biology},
  author={Lotka, Alfred James},
  year={1925},
  publisher={Williams \& Wilkins}
}

@book{vantHoff,
  title={Studies in Chemical Dynamics},
  author={Hoff, Jacobus Henricus van 't},
  year={1986},
  publisher={Amsterdam: F. Mueller and Co. London: Williams and Norgate}
}


@article{lotka2002contribution,
  title={Contribution to the theory of periodic reactions},
  author={Lotka, Alfred J},
  journal={The Journal of Physical Chemistry},
  volume={14},
  number={3},
  pages={271--274},
  year={1910},
  publisher={ACS Publications}
}

@book{volterra1927variazioni,
  title={Variazioni e fluttuazioni del numero d'individui in specie animali conviventi},
  author={Volterra, Vito},
  volume={2},
  year={1927},
  publisher={Societ{\'a} anonima tipografica" Leonardo da Vinci"}
}

@article{lorenz1963deterministic,
  title={Deterministic nonperiodic flow},
  author={Lorenz, Edward N},
  journal={Journal of atmospheric sciences},
  volume={20},
  number={2},
  pages={130--141},
  year={1963}
}

@article{noack2003hierarchy,
  title={A hierarchy of low-dimensional models for the transient and post-transient cylinder wake},
  author={Noack, Bernd R and Afanasiev, Konstantin and MORZY{\'N}SKI, MAREK and Tadmor, Gilead and Thiele, Frank},
  journal={Journal of Fluid Mechanics},
  volume={497},
  pages={335--363},
  year={2003},
  publisher={Cambridge University Press}
}

@article{lstm1997,
    author = {Hochreiter, Sepp and Schmidhuber, Jürgen},
    title = {Long Short-Term Memory},
    journal = {Neural Computation},
    volume = {9},
    number = {8},
    pages = {1735-1780},
    year = {1997} 
}

@article{savitzky1964smoothing,
  title={Smoothing and differentiation of data by simplified least squares procedures.},
  author={Savitzky, Abraham and Golay, Marcel JE},
  journal={Analytical chemistry},
  volume={36},
  number={8},
  pages={1627--1639},
  year={1964},
  publisher={ACS Publications}
}

@inproceedings{larochelle2008zero,
  title={Zero-data learning of new tasks.},
  author={Larochelle, Hugo and Erhan, Dumitru and Bengio, Yoshua},
  booktitle={AAAI},
  year={2008},
  volume={1},
  number={2},
  pages={3},

}

@article{schuster1997bidirectional,
  title={Bidirectional recurrent neural networks},
  author={Schuster, Mike and Paliwal, Kuldip K},
  journal={IEEE transactions on Signal Processing},
  volume={45},
  number={11},
  pages={2673--2681},
  year={1997},
  publisher={Ieee}
}


@article{wang2007gaussian,
  title={Gaussian process dynamical models for human motion},
  author={Wang, Jack M and Fleet, David J and Hertzmann, Aaron},
  journal={IEEE transactions on pattern analysis and machine intelligence},
  volume={30},
  number={2},
  pages={283--298},
  year={2007},
  publisher={IEEE}
}



@article{cranmer2023interpretable,
  title={Interpretable machine learning for science with PySR and SymbolicRegression. jl},
  author={Cranmer, Miles},
  journal={arXiv preprint arXiv:2305.01582},
  year={2023}
}

@article{vaswani2017attention,
  title={Attention is all you need},
  author={Vaswani, Ashish and Shazeer, Noam and Parmar, Niki and Uszkoreit, Jakob and Jones, Llion and Gomez, Aidan N and Kaiser, {\L}ukasz and Polosukhin, Illia},
  journal={Advances in neural information processing systems},
  volume={30},
  year={2017}
}


@article{chen2018neural,
  title={Neural ordinary differential equations},
  author={Chen, Ricky TQ and Rubanova, Yulia and Bettencourt, Jesse and Duvenaud, David K},
  journal={Advances in neural information processing systems},
  volume={31},
  year={2018}
}

@article{karniadakis2021physics,
  title={Physics-informed machine learning},
  author={Karniadakis, George Em and Kevrekidis, Ioannis G and Lu, Lu and Perdikaris, Paris and Wang, Sifan and Yang, Liu},
  journal={Nature Reviews Physics},
  volume={3},
  number={6},
  pages={422--440},
  year={2021},
  publisher={Nature Publishing Group UK London}
}


@book{bard1974nonlinear,  
  author={Bard, Yonathan},
  title={Nonlinear parameter estimation},
  publisher={Academic Press, New York},
  year={1974}
}

@article{varah1982spline,
  title={A spline least squares method for numerical parameter estimation in differential equations},
  author={Varah, James M},
  journal={SIAM Journal on Scientific and Statistical Computing},
  volume={3},
  number={1},
  pages={28--46},
  year={1982},
  publisher={SIAM}
}

@article{ramsay2007parameter,
  title={Parameter estimation for differential equations: a generalized smoothing approach},
  author={Ramsay, Jim O and Hooker, Giles and Campbell, David and Cao, Jiguo},
  journal={Journal of the Royal Statistical Society Series B: Statistical Methodology},
  volume={69},
  number={5},
  pages={741--796},
  year={2007},
  publisher={Oxford University Press}
}

@article{solak2002derivative,
  title={Derivative observations in Gaussian process models of dynamic systems},
  author={Solak, Ercan and Murray-Smith, Roderick and Leithead, WE and Leith, D and Rasmussen, Carl},
  journal={Advances in neural information processing systems},
  volume={15},
  year={2002}
}

@inproceedings{dondelinger2013ode,
  title={ODE parameter inference using adaptive gradient matching with Gaussian processes},
  author={Dondelinger, Frank and Husmeier, Dirk and Rogers, Simon and Filippone, Maurizio},
  booktitle={Artificial intelligence and statistics},
  pages={216--228},
  year={2013},
  organization={PMLR}
}

@InProceedings{pmlr-v37-macdonald15,
  title = 	 {Controversy in mechanistic modelling with Gaussian processes},
  author = 	 {Macdonald, Benn and Higham, Catherine and Husmeier, Dirk},
  booktitle = 	 {Proceedings of the 32nd International Conference on Machine Learning},
  pages = 	 {1539--1547},
  year = 	 {2015},
  editor = 	 {Bach, Francis and Blei, David},
  volume = 	 {37},
  series = 	 {Proceedings of Machine Learning Research},  
  publisher =    {PMLR}
}


@article{Biegler1986,
author = {Biegler, L. T. and Damiano, J. J. and Blau, G. E.},
title = {Nonlinear parameter estimation: A case study comparison},
journal = {AIChE Journal},
volume = {32},
number = {1},
pages = {29-45},
doi = {https://doi.org/10.1002/aic.690320105},
year = {1986}
}

@incollection{de2002inferring,
  title={Inferring gene regulatory networks from time-ordered gene expression data of Bacillus subtilis using differential equations},
  author={De Hoon, Michiel JL and Imoto, Seiya and Kobayashi, Kazuo and Ogasawara, Naotake and Miyano, Satoru},
  booktitle={Biocomputing 2003},
  pages={17--28},
  year={2002},
  publisher={World Scientific}
}

@inproceedings{
desai2022oneshot,
title={One-Shot Transfer Learning of Physics-Informed Neural Networks},
author={Shaan Desai and Marios Mattheakis and Hayden Joy and Pavlos Protopapas and Stephen J. Roberts},
booktitle={ICML 2022 2nd AI for Science Workshop},
year={2022}
}

@article{pellegrin2022transfer,
  title={Transfer Learning with Physics-Informed Neural Networks for Efficient Simulation of Branched Flows},
  author={Pellegrin, Rapha{\"e}l and Bullwinkel, Blake and Mattheakis, Marios and Protopapas, Pavlos},
  journal={NeurIPS Workshop on Machine Learning and the Physical Sciences},
  year={2022}
}

@article{yang2023context,
  title={In-context operator learning with data prompts for differential equation problems},
  author={Yang, Liu and Liu, Siting and Meng, Tingwei and Osher, Stanley J},
  journal={Proceedings of the National Academy of Sciences},
  volume={120},
  number={39},
  pages={e2310142120},
  year={2023},
  publisher={National Acad Sciences}
}

@book{pontryagin2018mathematical,
  title={Mathematical theory of optimal processes},
  author={Pontryagin, Lev Semenovich},
  year={1987},
  publisher={Routledge}
}


@InProceedings{pmlr-v202-seifner23a,
  title = 	 {Neural {M}arkov Jump Processes},
  author =       {Seifner, Patrick and Sanchez, Ramses J},
  booktitle = 	 {Proceedings of the 40th International Conference on Machine Learning},
  year = 	 {2023},
  volume = 	 {202},
  publisher =    {PMLR}  
}

@article{seifner2024foundational,
  title={Foundational inference models for dynamical systems},
  author={Seifner, Patrick and Cvejoski, Kostadin and K{\"o}rner, Antonia and S{\'a}nchez, Rams{\'e}s J},
  journal={arXiv preprint arXiv:2402.07594},
  year={2024}
}

@inproceedings{pal2021opening,
  title={Opening the blackbox: Accelerating neural differential equations by regularizing internal solver heuristics},
  author={Pal, Avik and Ma, Yingbo and Shah, Viral and Rackauckas, Christopher V},
  booktitle={International Conference on Machine Learning},
  pages={8325--8335},
  year={2021},
  organization={PMLR}
}

@article{choromanski2020ode,
  title={Ode to an ODE},
  author={Choromanski, Krzysztof M and Davis, Jared Quincy and Likhosherstov, Valerii and Song, Xingyou and Slotine, Jean-Jacques and Varley, Jacob and Lee, Honglak and Weller, Adrian and Sindhwani, Vikas},
  journal={Advances in Neural Information Processing Systems},
  volume={33},
  pages={3338--3350},
  year={2020}
}

@inproceedings{valdenegro2022deeper,
  title={A deeper look into aleatoric and epistemic uncertainty disentanglement},
  author={Valdenegro-Toro, Matias and Mori, Daniel Saromo},
  booktitle={2022 IEEE/CVF Conference on Computer Vision and Pattern Recognition Workshops (CVPRW)},
  pages={1508--1516},
  year={2022},
  organization={IEEE}
}

@article{lakshminarayanan2017simple,
  title={Simple and scalable predictive uncertainty estimation using deep ensembles},
  author={Lakshminarayanan, Balaji and Pritzel, Alexander and Blundell, Charles},
  journal={Advances in neural information processing systems},
  volume={30},
  year={2017}
}

@inproceedings{berghaus2024foundation,
title={Foundation Inference Models for Markov Jump Processes},
author={David Berghaus and Kostadin Cvejoski and Patrick Seifner and Cesar Ojeda and Ramses J Sanchez},
booktitle={The Thirty-eighth Annual Conference on Neural Information Processing Systems},
year={2024},
url={https://openreview.net/forum?id=f4v7cmm5sC}
}


@article{williams1995gaussian,
  title={Gaussian processes for regression},
  author={Williams, Christopher and Rasmussen, Carl},
  journal={Advances in neural information processing systems},
  volume={8},
  year={1995}
}

@article{vert2004primer,
  title={A primer on kernel methods},
  author={Vert, Jean-Philippe and Tsuda, Koji and Sch{"o}lkopf, Bernhard},
  journal={Kernel methods in computational biology},
  volume={47},
  pages={35--70},
  year={2004},
  publisher={MIT press Cambridge, MA, USA}
}

@article{lample2019deep,
  title={Deep learning for symbolic mathematics},
  author={Lample, Guillaume and Charton, Fran{\c{c}}ois},
  journal={arXiv preprint arXiv:1912.01412},
  year={2019}
}

@inproceedings{zhi2022learning,
  title={Learning Efficient and Robust Ordinary Differential Equations via Invertible Neural Networks},
  author={Zhi, Weiming and Lai, Tin and Ott, Lionel and Bonilla, Edwin V and Ramos, Fabio},
  booktitle={International Conference on Machine Learning},
  pages={27060--27074},
  year={2022},
  organization={PMLR}
}

@article{chan2022data,
  title={Data distributional properties drive emergent in-context learning in transformers},
  author={Chan, Stephanie and Santoro, Adam and Lampinen, Andrew and Wang, Jane and Singh, Aaditya and Richemond, Pierre and McClelland, James and Hill, Felix},
  journal={Advances in Neural Information Processing Systems},
  volume={35},
  pages={18878--18891},
  year={2022}
}


@article{goswami2022deep,
  title={Deep transfer operator learning for partial differential equations under conditional shift},
  author={Goswami, Somdatta and Kontolati, Katiana and Shields, Michael D and Karniadakis, George Em},
  journal={Nature Machine Intelligence},
  volume={4},
  number={12},
  pages={1155--1164},
  year={2022},
  publisher={Nature Publishing Group UK London}
}

@article{aijo2009learning,
  title={Learning gene regulatory networks from gene expression measurements using non-parametric molecular kinetics},
  author={{\"A}ij{\"o}, Tarmo and L{\"a}hdesm{\"a}ki, Harri},
  journal={Bioinformatics},
  volume={25},
  number={22},
  pages={2937--2944},
  year={2009},
  publisher={Oxford University Press}
}

@article{course2023state,
  title={State estimation of a physical system with unknown governing equations},
  author={Course, Kevin and Nair, Prasanth B},
  journal={Nature},
  volume={622},
  number={7982},
  pages={261--267},
  year={2023},
  publisher={Nature Publishing Group UK London}
}

@inproceedings{archambeau2007gaussian,
  title={Gaussian process approximations of stochastic differential equations},
  author={Archambeau, Cedric and Cornford, Dan and Opper, Manfred and Shawe-Taylor, John},
  booktitle={Gaussian Processes in Practice},
  pages={1--16},
  year={2007},
  organization={PMLR}
}


@article{stuhlmuller2013learning,
  title={Learning stochastic inverses},
  author={Stuhlm{\"u}ller, Andreas and Taylor, Jacob and Goodman, Noah},
  journal={Advances in neural information processing systems},
  volume={26},
  year={2013}
}


@article{minka2000automatic,
  title={Automatic choice of dimensionality for PCA},
  author={Minka, Thomas},
  journal={Advances in neural information processing systems},
  volume={13},
  year={2000}
}

@inproceedings{
shukla2020multitime,
title={Multi-Time Attention Networks for Irregularly Sampled Time Series},
author={Satya Narayan Shukla and Benjamin Marlin},
booktitle={ICML Workshop on the Art of Learning with Missing Values (Artemiss)},
year={2020}
}

@article{klambauer2017self,
  title={Self-normalizing neural networks},
  author={Klambauer, G{\"u}nter and Unterthiner, Thomas and Mayr, Andreas and Hochreiter, Sepp},
  journal={Advances in neural information processing systems},
  volume={30},
  year={2017}
}

@article{loshchilov2017decoupled,
  title={Decoupled weight decay regularization},
  author={Loshchilov, Ilya and Hutter, Frank},
  journal={arXiv preprint arXiv:1711.05101},
  year={2017}
}


@inproceedings{
Lample2020Deep,
title={Deep Learning For Symbolic Mathematics},
author={Guillaume Lample and François Charton},
booktitle={International Conference on Learning Representations},
year={2020},
url={https://openreview.net/forum?id=S1eZYeHFDS}
}

%%%%%%%%%%%%%%%%%%%%%%%%%%%%%%%%%%%%%%%%%%%%%%
% SYMBOLIC REGRESSION
%%%%%%%%%%%%%%%%%%%%%%%%%%%%%%%%%%%%%%%%%%%%%%

@article{WANG2022244,
title = {Data-Driven Discovery of Stochastic Differential Equations},
journal = {Engineering},
volume = {17},
pages = {244-252},
year = {2022},
issn = {2095-8099},
doi = {https://doi.org/10.1016/j.eng.2022.02.007},
url = {https://www.sciencedirect.com/science/article/pii/S209580992200145X},
author = {Yasen Wang and Huazhen Fang and Junyang Jin and Guijun Ma and Xin He and Xing Dai and Zuogong Yue and Cheng Cheng and Hai-Tao Zhang and Donglin Pu and Dongrui Wu and Ye Yuan and Jorge Gonçalves and Jürgen Kurths and Han Ding}
}

@article{la2021contemporary,
  title={Contemporary symbolic regression methods and their relative performance},
  author={La Cava, William and Orzechowski, Patryk and Burlacu, Bogdan and de Fran{\c{c}}a, Fabr{\'\i}cio Olivetti and Virgolin, Marco and Jin, Ying and Kommenda, Michael and Moore, Jason H},
  journal={arXiv preprint arXiv:2107.14351},
  year={2021}
}

@article{makke2024interpretable,
  title={Interpretable scientific discovery with symbolic regression: a review},
  author={Makke, Nour and Chawla, Sanjay},
  journal={Artificial Intelligence Review},
  volume={57},
  number={1},
  pages={2},
  year={2024},
  publisher={Springer}
}


@article{brunton2016discovering,
  title={Discovering governing equations from data by sparse identification of nonlinear dynamical systems},
  author={Brunton, Steven L and Proctor, Joshua L and Kutz, J Nathan},
  journal={Proceedings of the national academy of sciences},
  volume={113},
  number={15},
  pages={3932--3937},
  year={2016},
  publisher={National Acad Sciences}
}


@article{huang2022sparse,
  title={Sparse inference and active learning of stochastic differential equations from data},
  author={Huang, Yunfei and Mabrouk, Youssef and Gompper, Gerhard and Sabass, Benedikt},
  journal={Scientific Reports},
  volume={12},
  number={1},
  pages={21691},
  year={2022},
  publisher={Nature Publishing Group UK London}
}

@inproceedings{
dascoli2024odeformer,
title={{ODEF}ormer: Symbolic Regression of Dynamical Systems with Transformers},
author={St{\'e}phane d'Ascoli and S{\"o}ren Becker and Philippe Schwaller and Alexander Mathis and Niki Kilbertus},
booktitle={The Twelfth International Conference on Learning Representations},
year={2024},
url={https://openreview.net/forum?id=TzoHLiGVMo}
}

%%%%%%%%%%%%%%%%%%%%%%%%%%%%%%%%%%%%%%%%%%%%%
% Operators
%%%%%%%%%%%%%%%%%%%%%%%%%%%%%%%%%%%%%%%%%%%%%


@article{lu2021learning,
  title={Learning nonlinear operators via DeepONet based on the universal approximation theorem of operators},
  author={Lu, Lu and Jin, Pengzhan and Pang, Guofei and Zhang, Zhongqiang and Karniadakis, George Em},
  journal={Nature machine intelligence},
  volume={3},
  number={3},
  pages={218--229},
  year={2021},
  publisher={Nature Publishing Group UK London}
}

@article{kovachki2023neural,
  title={Neural operator: Learning maps between function spaces with applications to PDEs},
  author={Kovachki, Nikola and Li, Zongyi and Liu, Burigede and Azizzadenesheli, Kamyar and Bhattacharya, Kaushik and Stuart, Andrew and Anandkumar, Anima},
  journal={Journal of Machine Learning Research},
  volume={24},
  number={89},
  pages={1--97},
  year={2023}
}

%%%%%%%%%%%%%%%%%%%%%%%%%%%%%%%%%%%%%%%%%%%%%
% NEURAL ODE
%%%%%%%%%%%%%%%%%%%%%%%%%%%%%%%%%%%%%%%%%%%%%
@inproceedings{zhou2021informer,
  title={Informer: Beyond efficient transformer for long sequence time-series forecasting},
  author={Zhou, Haoyi and Zhang, Shanghang and Peng, Jieqi and Zhang, Shuai and Li, Jianxin and Xiong, Hui and Zhang, Wancai},
  booktitle={Proceedings of the AAAI conference on artificial intelligence},
  year={2021},
  volume={35},
  number={12},
  pages={11106--11115},
}

@inproceedings{
norcliffe2021neural,
title={Neural {\{}ODE{\}} Processes},
author={Alexander Norcliffe and Cristian Bodnar and Ben Day and Jacob Moss and Pietro Li{\`o}},
booktitle={International Conference on Learning Representations},
year={2021},
url={https://openreview.net/forum?id=27acGyyI1BY}
}


@inproceedings{chen18,
 author = {Tian Qi Chen and
Yulia Rubanova and
Jesse Bettencourt and
David Duvenaud},
 booktitle = {Advances in Neural Information Processing Systems 31},
 pages = {6572--6583},
 title = {{N}eural {O}rdinary {D}ifferential {E}quations},
 year = {2018}
}



@article{yildiz2019ode2vae,
  title={ODE2VAE: Deep generative second order ODEs with Bayesian neural networks},
  author={Yildiz, Cagatay and Heinonen, Markus and Lahdesmaki, Harri},
  journal={Advances in Neural Information Processing Systems},
  volume={32},
  year={2019}
}

@inproceedings{bilovs2023modeling,
  title={Modeling temporal data as continuous functions with stochastic process diffusion},
  author={Bilo{\v{s}}, Marin and Rasul, Kashif and Schneider, Anderson and Nevmyvaka, Yuriy and G{\"u}nnemann, Stephan},
  booktitle={International Conference on Machine Learning},
  pages={2452--2470},
  year={2023},
  organization={PMLR}
}

@inproceedings{li2020learning,
  title={Learning from irregularly-sampled time series: A missing data perspective},
  author={Li, Steven Cheng-Xian and Marlin, Benjamin},
  booktitle={International Conference on Machine Learning},
  pages={5937--5946},
  year={2020},
  organization={PMLR}
}

@article{kidger2020neural,
  title={Neural controlled differential equations for irregular time series},
  author={Kidger, Patrick and Morrill, James and Foster, James and Lyons, Terry},
  journal={Advances in Neural Information Processing Systems},
  volume={33},
  pages={6696--6707},
  year={2020}
}


@article{rubanova2019latent,
  title={Latent ordinary differential equations for irregularly-sampled time series},
  author={Rubanova, Yulia and Chen, Ricky TQ and Duvenaud, David K},
  journal={Advances in neural information processing systems},
  volume={32},
  year={2019}
}

@inproceedings{kidger2021neural,
  title={Neural sdes as infinite-dimensional gans},
  author={Kidger, Patrick and Foster, James and Li, Xuechen and Lyons, Terry J},
  booktitle={International conference on machine learning},
  pages={5453--5463},
  year={2021},
  organization={PMLR}
}

@article{course2024amortized,
  title={Amortized reparametrization: efficient and scalable variational inference for latent SDEs},
  author={Course, Kevin and Nair, Prasanth},
  journal={Advances in Neural Information Processing Systems},
  volume={36},
  year={2024}
}

@inproceedings{finlay2020train,
  title={How to train your neural ODE: the world of Jacobian and kinetic regularization},
  author={Finlay, Chris and Jacobsen, J{\"o}rn-Henrik and Nurbekyan, Levon and Oberman, Adam},
  booktitle={International conference on machine learning},
  pages={3154--3164},
  year={2020},
  organization={PMLR}
}

@article{dupont2019augmented,
  title={Augmented neural odes},
  author={Dupont, Emilien and Doucet, Arnaud and Teh, Yee Whye},
  journal={Advances in neural information processing systems},
  volume={32},
  year={2019}
}

%%%%%%%%%%%%%%%%%%%%%%%%%%%%%%%%%%%%%%%%%%%%%
% GAUSSIAN PROCESSES
%%%%%%%%%%%%%%%%%%%%%%%%%%%%%%%%%%%%%%%%%%%%%

@inproceedings{heinonen2018learning,
  title={Learning unknown ODE models with Gaussian processes},
  author={Heinonen, Markus and Yildiz, Cagatay and Mannerstr{\"o}m, Henrik and Intosalmi, Jukka and L{\"a}hdesm{\"a}ki, Harri},
  booktitle={International conference on machine learning},
  pages={1959--1968},
  year={2018},
  organization={PMLR}
}

@inproceedings{duncker2019learning,
  title={Learning interpretable continuous-time models of latent stochastic dynamical systems},
  author={Duncker, Lea and Bohner, Gergo and Boussard, Julien and Sahani, Maneesh},
  booktitle={International conference on machine learning},
  pages={1726--1734},
  year={2019},
  organization={PMLR}
}

@article{ruttor2013approximate,
  title={Approximate Gaussian process inference for the drift function in stochastic differential equations},
  author={Ruttor, Andreas and Batz, Philipp and Opper, Manfred},
  journal={Advances in Neural Information Processing Systems},
  volume={26},
  year={2013}
}

@article{archambeau2007variational,
  title={Variational inference for diffusion processes},
  author={Archambeau, C{\'e}dric and Opper, Manfred and Shen, Yuan and Cornford, Dan and Shawe-Taylor, John},
  journal={Advances in neural information processing systems},
  volume={20},
  year={2007}
}

@article{batz2016variational,
  title={Variational estimation of the drift for stochastic differential equations from the empirical density},
  author={Batz, Philipp and Ruttor, Andreas and Opper, Manfred},
  journal={Journal of Statistical Mechanics: Theory and Experiment},
  volume={2016},
  number={8},
  pages={083404},
  year={2016},
  publisher={IOP Publishing}
}


@inproceedings{jorgensen2020stochastic,
  title={Stochastic differential equations with variational wishart diffusions},
  author={J{\o}rgensen, Martin and Deisenroth, Marc and Salimbeni, Hugh},
  booktitle={International Conference on Machine Learning},
  pages={4974--4983},
  year={2020},
  organization={PMLR}
}

@article{batz2018approximate,
  title={Approximate Bayes learning of stochastic differential equations},
  author={Batz, Philipp and Ruttor, Andreas and Opper, Manfred},
  journal={Physical Review E},
  volume={98},
  number={2},
  pages={022109},
  year={2018},
  publisher={APS}
}

@inproceedings{verma2024variational,
  title={Variational Gaussian Process Diffusion Processes},
  author={Verma, Prakhar and Adam, Vincent and Solin, Arno},
  booktitle={International Conference on Artificial Intelligence and Statistics},
  pages={1909--1917},
  year={2024},
  organization={PMLR}
}

@inproceedings{wildner2021moment,
  title={Moment-based variational inference for stochastic differential equations},
  author={Wildner, Christian and Koeppl, Heinz},
  booktitle={International Conference on Artificial Intelligence and Statistics},
  pages={1918--1926},
  year={2021},
  organization={PMLR}
}

%%%%%%%%%%%%%%%%%%%%%%%%%%%%%%%%%%%%%%%%%
% Foundation models stuff


@article{radford2019language,
  title={Language models are unsupervised multitask learners},
  author={Radford, Alec and Wu, Jeffrey and Child, Rewon and Luan, David and Amodei, Dario and Sutskever, Ilya and others},
  journal={OpenAI blog},
  volume={1},
  number={8},
  pages={9},
  year={2019}
}

@article{brown2020language,
  title={Language models are few-shot learners},
  author={Brown, Tom and Mann, Benjamin and Ryder, Nick and Subbiah, Melanie and Kaplan, Jared D and Dhariwal, Prafulla and Neelakantan, Arvind and Shyam, Pranav and Sastry, Girish and Askell, Amanda and others},
  journal={Advances in neural information processing systems},
  volume={33},
  pages={1877--1901},
  year={2020}
}

@inproceedings{
muller2022transformers,
title={Transformers Can Do Bayesian Inference},
author={Samuel M{\"u}ller and Noah Hollmann and Sebastian Pineda Arango and Josif Grabocka and Frank Hutter},
booktitle={International Conference on Learning Representations},
year={2022},
url={https://openreview.net/forum?id=KSugKcbNf9}
}


@InProceedings{pmlr-v202-becker23a,
  title = 	 {Predicting Ordinary Differential Equations with Transformers},
  author =       {Becker, S\"{o}ren and Klein, Michal and Neitz, Alexander and Parascandolo, Giambattista and Kilbertus, Niki},
  booktitle = 	 {Proceedings of the 40th International Conference on Machine Learning},
  pages = 	 {1978--2002},
  year = 	 {2023},
  editor = 	 {Krause, Andreas and Brunskill, Emma and Cho, Kyunghyun and Engelhardt, Barbara and Sabato, Sivan and Scarlett, Jonathan},
  volume = 	 {202},
  series = 	 {Proceedings of Machine Learning Research},
  month = 	 {23--29 Jul},
  publisher =    {PMLR},
  pdf = 	 {https://proceedings.mlr.press/v202/becker23a/becker23a.pdf},
  url = 	 {https://proceedings.mlr.press/v202/becker23a.html},
  abstract = 	 {We develop a transformer-based sequence-to-sequence model that recovers scalar ordinary differential equations (ODEs) in symbolic form from irregularly sampled and noisy observations of a single solution trajectory. We demonstrate in extensive empirical evaluations that our model performs better or on par with existing methods in terms of accurate recovery across various settings. Moreover, our method is efficiently scalable: after one-time pretraining on a large set of ODEs, we can infer the governing law of a new observed solution in a few forward passes of the model.}
}

@inproceedings{karras2024analyzing,
  title={Analyzing and improving the training dynamics of diffusion models},
  author={Karras, Tero and Aittala, Miika and Lehtinen, Jaakko and Hellsten, Janne and Aila, Timo and Laine, Samuli},
  booktitle={Proceedings of the IEEE/CVF Conference on Computer Vision and Pattern Recognition},
  pages={24174--24184},
  year={2024}
}

@article{kingma2021variational,
  title={Variational diffusion models},
  author={Kingma, Diederik and Salimans, Tim and Poole, Ben and Ho, Jonathan},
  journal={Advances in neural information processing systems},
  volume={34},
  pages={21696--21707},
  year={2021}
}

@inproceedings{bachelier1900theorie,
  title={Th{\'e}orie de la sp{\'e}culation},
  author={Bachelier, Louis},
  booktitle={Annales scientifiques de l'{\'E}cole normale sup{\'e}rieure},
  volume={17},
  pages={21--86},
  year={1900}
}

@article{einstein1905molekularkinetischen,
  title={{\"U}ber die von der molekularkinetischen Theorie der W{\"a}rme geforderte Bewegung von in ruhenden Fl{\"u}ssigkeiten suspendierten Teilchen},
  author={Einstein, Albert},
  journal={Annalen der physik},
  volume={4},
  year={1905}
}

@article{hasselmann1976stochastic,
  title={Stochastic climate models part I. Theory},
  author={Hasselmann, Klaus},
  journal={tellus},
  volume={28},
  number={6},
  pages={473--485},
  year={1976},
  publisher={Taylor \& Francis}
}

@article{TURELLI1977140,
title = {Random environments and stochastic calculus},
journal = {Theoretical Population Biology},
volume = {12},
number = {2},
pages = {140-178},
year = {1977},
issn = {0040-5809},
author = {Michael Turelli}
}


@article{boninsegna2018sparse,
  title={Sparse learning of stochastic dynamical equations},
  author={Boninsegna, Lorenzo and N{\"u}ske, Feliks and Clementi, Cecilia},
  journal={The Journal of chemical physics},
  volume={148},
  number={24},
  year={2018},
  publisher={AIP Publishing}
}

@article{dooley2024forecastpfn,
  title={Forecastpfn: Synthetically-trained zero-shot forecasting},
  author={Dooley, Samuel and Khurana, Gurnoor Singh and Mohapatra, Chirag and Naidu, Siddartha V and White, Colin},
  journal={Advances in Neural Information Processing Systems},
  volume={36},
  year={2024}
}

@article{VRETTAS20111877,
title = {Estimating parameters in stochastic systems: A variational Bayesian approach},
journal = {Physica D: Nonlinear Phenomena},
volume = {240},
number = {23},
pages = {1877-1900},
year = {2011},
issn = {0167-2789},
author = {Michail D. Vrettas and Dan Cornford and Manfred Opper}
}

@inproceedings{li2020scalable,
  title={Scalable gradients for stochastic differential equations},
  author={Li, Xuechen and Wong, Ting-Kam Leonard and Chen, Ricky TQ and Duvenaud, David},
  booktitle={International Conference on Artificial Intelligence and Statistics},
  pages={3870--3882},
  year={2020},
  organization={PMLR}
}

@article{zeng2024latent,
  title={Latent sdes on homogeneous spaces},
  author={Zeng, Sebastian and Graf, Florian and Kwitt, Roland},
  journal={Advances in Neural Information Processing Systems},
  volume={36},
  year={2024}
}

@article{kolmogoroff1931analytischen,
  title={{\"U}ber die analytischen Methoden in der Wahrscheinlichkeitsrechnung},
  author={Kolmogoroff, Andrei},
  journal={Mathematische Annalen},
  volume={104},
  pages={415--458},
  year={1931},
  publisher={Springer}
}

@article{wolfram2003new,
  title={A new kind of science},
  author={Wolfram, Stephen and Gad-el-Hak, M},
  journal={Appl. Mech. Rev.},
  volume={56},
  number={2},
  pages={B18--B19},
  year={2003}
}

@article{goldenfeld1999simple,
  title={Simple lessons from complexity},
  author={Goldenfeld, Nigel and Kadanoff, Leo P},
  journal={science},
  volume={284},
  number={5411},
  pages={87--89},
  year={1999},
  publisher={American Association for the Advancement of Science}
}

@article{kadanoff-2,
    author = {Kadanoff, Leo P.},
    title = {On Complexity},
    journal = {Physics Today},
    volume = {40},
    number = {3},
    pages = {7-9},
    year = {1987},
    month = {03},
    issn = {0031-9228}    
}

@article{kadanoff-1,
    author = {Kadanoff, Leo P.},
    title = {On Two Levels},
    journal = {Physics Today},
    volume = {39},
    number = {9},
    pages = {7-9},
    year = {1986},
    month = {09},
    issn = {0031-9228}
}

@inproceedings{paige2016inference,
  title={Inference networks for sequential Monte Carlo in graphical models},
  author={Paige, Brooks and Wood, Frank},
  booktitle={International Conference on Machine Learning},
  pages={3040--3049},
  year={2016},
  organization={PMLR}
}

@article{heess2013learning,
  title={Learning to pass expectation propagation messages},
  author={Heess, Nicolas and Tarlow, Daniel and Winn, John},
  journal={Advances in Neural Information Processing Systems},
  volume={26},
  year={2013}
}

@article{holderrieth2024generator,
  title={Generator Matching: Generative modeling with arbitrary Markov processes},
  author={Holderrieth, Peter and Havasi, Marton and Yim, Jason and Shaul, Neta and Gat, Itai and Jaakkola, Tommi and Karrer, Brian and Chen, Ricky TQ and Lipman, Yaron},
  journal={arXiv preprint arXiv:2410.20587},
  year={2024}
}

@article{ho2020denoising,
  title={Denoising diffusion probabilistic models},
  author={Ho, Jonathan and Jain, Ajay and Abbeel, Pieter},
  journal={Advances in neural information processing systems},
  volume={33},
  pages={6840--6851},
  year={2020}
}

@article{buttiker1987transport,
  title={Transport as a consequence of state-dependent diffusion},
  author={B{\"u}ttiker, M},
  journal={Zeitschrift f{\"u}r Physik B Condensed Matter},
  volume={68},
  number={2},
  pages={161--167},
  year={1987},
  publisher={Springer}
}

@article{edwards2016towards,
  title={Towards a neural statistician},
  author={Edwards, Harrison and Storkey, Amos},
  journal={arXiv preprint arXiv:1606.02185},
  year={2016}
}

@article{hewitt2018variational,
  title={The variational homoencoder: Learning to learn high capacity generative models from few examples},
  author={Hewitt, Luke B and Nye, Maxwell I and Gane, Andreea and Jaakkola, Tommi and Tenenbaum, Joshua B},
  journal={arXiv preprint arXiv:1807.08919},
  year={2018}
}

@article{garnelo2018neural,
  title={Neural processes},
  author={Garnelo, Marta and Schwarz, Jonathan and Rosenbaum, Dan and Viola, Fabio and Rezende, Danilo J and Eslami, SM and Teh, Yee Whye},
  journal={arXiv preprint arXiv:1807.01622},
  year={2018}
}

@inproceedings{garnelo2018conditional,
  title={Conditional neural processes},
  author={Garnelo, Marta and Rosenbaum, Dan and Maddison, Christopher and Ramalho, Tiago and Saxton, David and Shanahan, Murray and Teh, Yee Whye and Rezende, Danilo and Eslami, SM Ali},
  booktitle={International conference on machine learning},
  pages={1704--1713},
  year={2018},
  organization={PMLR}
}

@article{kim2019attentive,
  title={Attentive neural processes},
  author={Kim, Hyunjik and Mnih, Andriy and Schwarz, Jonathan and Garnelo, Marta and Eslami, Ali and Rosenbaum, Dan and Vinyals, Oriol and Teh, Yee Whye},
  journal={arXiv preprint arXiv:1901.05761},
  year={2019}
}

@book{thomas2006elements,
  title={Elements of information theory},
  author={Thomas, MTCAJ and Joy, A Thomas},
  year={2006},
  publisher={Wiley-Interscience}
}

@inproceedings{katharopoulos2020transformers,
  title={Transformers are rnns: Fast autoregressive transformers with linear attention},
  author={Katharopoulos, Angelos and Vyas, Apoorv and Pappas, Nikolaos and Fleuret, Fran{\c{c}}ois},
  booktitle={International conference on machine learning},
  pages={5156--5165},
  year={2020},
  organization={PMLR}
}

@article{kiraly2019kernels,
  title={Kernels for sequentially ordered data},
  author={Kir{\'a}ly, Franz J and Oberhauser, Harald},
  journal={Journal of Machine Learning Research},
  volume={20},
  number={31},
  pages={1--45},
  year={2019}
}

@article{loukatou2018stochastic,
  title={Stochastic wind speed modelling for estimation of expected wind power output},
  author={Loukatou, Angeliki and Howell, Sydney and Johnson, Paul and Duck, Peter},
  journal={Applied energy},
  volume={228},
  pages={1328--1340},
  year={2018},
  publisher={Elsevier}
}

@article{yang2024predicting,
  title={Predicting the price of crude oil based on the stochastic dynamics learning from prior data},
  author={Yang, Xiang and He, Ziying},
  journal={Stochastic Environmental Research and Risk Assessment},
  pages={1--18},
  year={2024},
  publisher={Springer}
}

@inproceedings{noh2016analysis,
  title={Analysis of oil price fluctuations},
  author={Noh, Norshela Mohd and Chen, Kho Chia and Bahar, Arifah and Zainuddin, Zaitul Marlizawati},
  booktitle={AIP Conference Proceedings},
  volume={1750},
  number={1},
  year={2016},
  organization={AIP Publishing}
}

