@article{VRETTAS20111877,
title = {Estimating parameters in stochastic systems: A variational Bayesian approach},
journal = {Physica D: Nonlinear Phenomena},
volume = {240},
number = {23},
pages = {1877-1900},
year = {2011},
issn = {0167-2789},
author = {Michail D. Vrettas and Dan Cornford and Manfred Opper}
}

@article{WANG2022244,
title = {Data-Driven Discovery of Stochastic Differential Equations},
journal = {Engineering},
volume = {17},
pages = {244-252},
year = {2022},
issn = {2095-8099},
doi = {https://doi.org/10.1016/j.eng.2022.02.007},
url = {https://www.sciencedirect.com/science/article/pii/S209580992200145X},
author = {Yasen Wang and Huazhen Fang and Junyang Jin and Guijun Ma and Xin He and Xing Dai and Zuogong Yue and Cheng Cheng and Hai-Tao Zhang and Donglin Pu and Dongrui Wu and Ye Yuan and Jorge Gonçalves and Jürgen Kurths and Han Ding}
}

@inproceedings{archambeau2007gaussian,
  title={Gaussian process approximations of stochastic differential equations},
  author={Archambeau, Cedric and Cornford, Dan and Opper, Manfred and Shawe-Taylor, John},
  booktitle={Gaussian Processes in Practice},
  pages={1--16},
  year={2007},
  organization={PMLR}
}

@article{archambeau2007variational,
  title={Variational inference for diffusion processes},
  author={Archambeau, C{\'e}dric and Opper, Manfred and Shen, Yuan and Cornford, Dan and Shawe-Taylor, John},
  journal={Advances in neural information processing systems},
  volume={20},
  year={2007}
}

@article{batz2018approximate,
  title={Approximate Bayes learning of stochastic differential equations},
  author={Batz, Philipp and Ruttor, Andreas and Opper, Manfred},
  journal={Physical Review E},
  volume={98},
  number={2},
  pages={022109},
  year={2018},
  publisher={APS}
}

@inproceedings{bilovs2023modeling,
  title={Modeling temporal data as continuous functions with stochastic process diffusion},
  author={Bilo{\v{s}}, Marin and Rasul, Kashif and Schneider, Anderson and Nevmyvaka, Yuriy and G{\"u}nnemann, Stephan},
  booktitle={International Conference on Machine Learning},
  pages={2452--2470},
  year={2023},
  organization={PMLR}
}

@article{boninsegna2018sparse,
  title={Sparse learning of stochastic dynamical equations},
  author={Boninsegna, Lorenzo and N{\"u}ske, Feliks and Clementi, Cecilia},
  journal={The Journal of chemical physics},
  volume={148},
  number={24},
  year={2018},
  publisher={AIP Publishing}
}

@article{brunton2016discovering,
  title={Discovering governing equations from data by sparse identification of nonlinear dynamical systems},
  author={Brunton, Steven L and Proctor, Joshua L and Kutz, J Nathan},
  journal={Proceedings of the national academy of sciences},
  volume={113},
  number={15},
  pages={3932--3937},
  year={2016},
  publisher={National Acad Sciences}
}

@inproceedings{chen18,
 author = {Tian Qi Chen and
Yulia Rubanova and
Jesse Bettencourt and
David Duvenaud},
 booktitle = {Advances in Neural Information Processing Systems 31},
 pages = {6572--6583},
 title = {{N}eural {O}rdinary {D}ifferential {E}quations},
 year = {2018}
}

@article{course2023state,
  title={State estimation of a physical system with unknown governing equations},
  author={Course, Kevin and Nair, Prasanth B},
  journal={Nature},
  volume={622},
  number={7982},
  pages={261--267},
  year={2023},
  publisher={Nature Publishing Group UK London}
}

@inproceedings{duncker2019learning,
  title={Learning interpretable continuous-time models of latent stochastic dynamical systems},
  author={Duncker, Lea and Bohner, Gergo and Boussard, Julien and Sahani, Maneesh},
  booktitle={International conference on machine learning},
  pages={1726--1734},
  year={2019},
  organization={PMLR}
}

@article{huang2022sparse,
  title={Sparse inference and active learning of stochastic differential equations from data},
  author={Huang, Yunfei and Mabrouk, Youssef and Gompper, Gerhard and Sabass, Benedikt},
  journal={Scientific Reports},
  volume={12},
  number={1},
  pages={21691},
  year={2022},
  publisher={Nature Publishing Group UK London}
}

@inproceedings{jorgensen2020stochastic,
  title={Stochastic differential equations with variational wishart diffusions},
  author={J{\o}rgensen, Martin and Deisenroth, Marc and Salimbeni, Hugh},
  booktitle={International Conference on Machine Learning},
  pages={4974--4983},
  year={2020},
  organization={PMLR}
}

@article{kidger2020neural,
  title={Neural controlled differential equations for irregular time series},
  author={Kidger, Patrick and Morrill, James and Foster, James and Lyons, Terry},
  journal={Advances in Neural Information Processing Systems},
  volume={33},
  pages={6696--6707},
  year={2020}
}

@inproceedings{kidger2021neural,
  title={Neural sdes as infinite-dimensional gans},
  author={Kidger, Patrick and Foster, James and Li, Xuechen and Lyons, Terry J},
  booktitle={International conference on machine learning},
  pages={5453--5463},
  year={2021},
  organization={PMLR}
}

@article{la2021contemporary,
  title={Contemporary symbolic regression methods and their relative performance},
  author={La Cava, William and Orzechowski, Patryk and Burlacu, Bogdan and de Fran{\c{c}}a, Fabr{\'\i}cio Olivetti and Virgolin, Marco and Jin, Ying and Kommenda, Michael and Moore, Jason H},
  journal={arXiv preprint arXiv:2107.14351},
  year={2021}
}

@inproceedings{li2020learning,
  title={Learning from irregularly-sampled time series: A missing data perspective},
  author={Li, Steven Cheng-Xian and Marlin, Benjamin},
  booktitle={International Conference on Machine Learning},
  pages={5937--5946},
  year={2020},
  organization={PMLR}
}

@inproceedings{li2020scalable,
  title={Scalable gradients for stochastic differential equations},
  author={Li, Xuechen and Wong, Ting-Kam Leonard and Chen, Ricky TQ and Duvenaud, David},
  booktitle={International Conference on Artificial Intelligence and Statistics},
  pages={3870--3882},
  year={2020},
  organization={PMLR}
}

@article{makke2024interpretable,
  title={Interpretable scientific discovery with symbolic regression: a review},
  author={Makke, Nour and Chawla, Sanjay},
  journal={Artificial Intelligence Review},
  volume={57},
  number={1},
  pages={2},
  year={2024},
  publisher={Springer}
}

@article{rubanova2019latent,
  title={Latent ordinary differential equations for irregularly-sampled time series},
  author={Rubanova, Yulia and Chen, Ricky TQ and Duvenaud, David K},
  journal={Advances in neural information processing systems},
  volume={32},
  year={2019}
}

@inproceedings{verma2024variational,
  title={Variational Gaussian Process Diffusion Processes},
  author={Verma, Prakhar and Adam, Vincent and Solin, Arno},
  booktitle={International Conference on Artificial Intelligence and Statistics},
  pages={1909--1917},
  year={2024},
  organization={PMLR}
}

@inproceedings{wildner2021moment,
  title={Moment-based variational inference for stochastic differential equations},
  author={Wildner, Christian and Koeppl, Heinz},
  booktitle={International Conference on Artificial Intelligence and Statistics},
  pages={1918--1926},
  year={2021},
  organization={PMLR}
}

@article{yildiz2019ode2vae,
  title={ODE2VAE: Deep generative second order ODEs with Bayesian neural networks},
  author={Yildiz, Cagatay and Heinonen, Markus and Lahdesmaki, Harri},
  journal={Advances in Neural Information Processing Systems},
  volume={32},
  year={2019}
}

@article{zeng2024latent,
  title={Latent sdes on homogeneous spaces},
  author={Zeng, Sebastian and Graf, Florian and Kwitt, Roland},
  journal={Advances in Neural Information Processing Systems},
  volume={36},
  year={2024}
}

