
% Journals

% First the Full Name is given, then the abbreviation used in the AMS Math
% Reviews, with an indication if it could not be found there.
% Note the 2nd overwrites the 1st, so swap them if you want the full name.

 %{AMS}
 @String{AMSTrans = "American Mathematical Society Translations" }
 @String{AMSTrans = "Amer. Math. Soc. Transl." }
 @String{BullAMS = "Bulletin of the American Mathematical Society" }
 @String{BullAMS = "Bull. Amer. Math. Soc." }
 @String{ProcAMS = "Proceedings of the American Mathematical Society" }
 @String{ProcAMS = "Proc. Amer. Math. Soc." }
 @String{TransAMS = "Transactions of the American Mathematical Society" }
 @String{TransAMS = "Trans. Amer. Math. Soc." }

 %ACM
 @String{CACM = "Communications of the {ACM}" }
 @String{CACM = "Commun. {ACM}" }
 @String{CompServ = "Comput. Surveys" }
 @String{JACM = "J. ACM" }
 @String{ACMMathSoft = "{ACM} Transactions on Mathematical Software" }
 @String{ACMMathSoft = "{ACM} Trans. Math. Software" }
 @String{SIGNUM = "{ACM} {SIGNUM} Newsletter" }
 @String{SIGNUM = "{ACM} {SIGNUM} Newslett." }

 @String{AmerSocio = "American Journal of Sociology" }
 @String{AmerStatAssoc = "Journal of the American Statistical Association" }
 @String{AmerStatAssoc = "J. Amer. Statist. Assoc." }
 @String{ApplMathComp = "Applied Mathematics and Computation" }
 @String{ApplMathComp = "Appl. Math. Comput." }
 @String{AmerMathMonthly = "American Mathematical Monthly" }
 @String{AmerMathMonthly = "Amer. Math. Monthly" }
 @String{BIT = "{BIT}" }
 @String{BritStatPsych = "British Journal of Mathematical and Statistical
          Psychology" }
 @String{BritStatPsych = "Brit. J. Math. Statist. Psych." }
 @String{CanMathBull = "Canadian Mathematical Bulletin" }
 @String{CanMathBull = "Canad. Math. Bull." }
 @String{CompApplMath = "Journal of Computational and Applied Mathematics" }
 @String{CompApplMath = "J. Comput. Appl. Math." }
 @String{CompPhys = "Journal of Computational Physics" }
 @String{CompPhys = "J. Comput. Phys." }
 @String{CompStruct = "Computers and Structures" }
 @String{CompStruct = "Comput. \& Structures" }
 @String{CompJour = "The Computer Journal" }
 @String{CompJour = "Comput. J." }
 @String{CompSysSci = "Journal of Computer and System Sciences" }
 @String{CompSysSci = "J. Comput. System Sci." }
 @String{Computing = "Computing" }
 @String{ContempMath = "Contemporary Mathematics" }
 @String{ContempMath = "Contemp. Math." }
 @String{Crelle = "Crelle's Journal" }
 @String{GiornaleMath = "Giornale di Mathematiche" }
 @String{GiornaleMath = "Giorn. Mat." } % didn't find in AMS MR., ibid.

 %IEEE
 @String{Computer = "{IEEE} Computer" }
 @String{IEEETransComp = "{IEEE} Transactions on Computers" }
 @String{IEEETransComp = "{IEEE} Trans. Comput." }
 @String{IEEETransAC = "{IEEE} Transactions on Automatic Control" }
 @String{IEEETransAC = "{IEEE} Trans. Automat. Control" }
 @String{IEEESpec = "{IEEE} Spectrum" } % didn't find in AMS MR
 @String{ProcIEEE = "Proceedings of the {IEEE}" }
 @String{ProcIEEE = "Proc. {IEEE}" } % didn't find in AMS MR
 @String{IEEETransAeroElec = "{IEEE} Transactions on Aerospace and Electronic
     Systems" }
 @String{IEEETransAeroElec = "{IEEE} Trans. Aerospace Electron. Systems" }

 @String{IMANumerAna = "{IMA} Journal of Numerical Analysis" }
 @String{IMANumerAna = "{IMA} J. Numer. Anal." }
 @String{InfProcLet = "Information Processing Letters" }
 @String{InfProcLet = "Inform. Process. Lett." }
 @String{InstMathApp = "Journal of the Institute of Mathematics and
     its Applications" }
 @String{InstMathApp = "J. Inst. Math. Appl." }
 @String{IntControl = "International Journal of Control" }
 @String{IntControl = "Internat. J. Control" }
 @String{IntNumerEng = "International Journal for Numerical Methods in
     Engineering" }
 @String{IntNumerEng = "Internat. J. Numer. Methods Engrg." }
 @String{IntSuper = "International Journal of Supercomputing Applications" }
 @String{IntSuper = "Internat. J. Supercomputing Applic." } % didn't find
%% in AMS MR
 @String{Kibernetika = "Kibernetika" }
 @String{JResNatBurStand = "Journal of Research of the National Bureau
     of Standards" }
 @String{JResNatBurStand = "J. Res. Nat. Bur. Standards" }
 @String{LinAlgApp = "Linear Algebra and its Applications" }
 @String{LinAlgApp = "Linear Algebra Appl." }
 @String{MathAnaAppl = "Journal of Mathematical Analysis and Applications" }
 @String{MathAnaAppl = "J. Math. Anal. Appl." }
 @String{MathAnnalen = "Mathematische Annalen" }
 @String{MathAnnalen = "Math. Ann." }
 @String{MathPhys = "Journal of Mathematical Physics" }
 @String{MathPhys = "J. Math. Phys." }
 @String{MathComp = "Mathematics of Computation" }
 @String{MathComp = "Math. Comp." }
 @String{MathScand = "Mathematica Scandinavica" }
 @String{MathScand = "Math. Scand." }
 @String{TablesAidsComp = "Mathematical Tables and Other Aids to Computation" }
 @String{TablesAidsComp = "Math. Tables Aids Comput." }
 @String{NumerMath = "Numerische Mathematik" }
 @String{NumerMath = "Numer. Math." }
 @String{PacificMath = "Pacific Journal of Mathematics" }
 @String{PacificMath = "Pacific J. Math." }
 @String{ParDistComp = "Journal of Parallel and Distributed Computing" }
 @String{ParDistComp = "J. Parallel and Distrib. Comput." } % didn't find
%% in AMS MR
 @String{ParComputing = "Parallel Computing" }
 @String{ParComputing = "Parallel Comput." }
 @String{PhilMag = "Philosophical Magazine" }
 @String{PhilMag = "Philos. Mag." }
 @String{ProcNAS = "Proceedings of the National Academy of Sciences
                    of the USA" }
 @String{ProcNAS = "Proc. Nat. Acad. Sci. U. S. A." }
 @String{Psychometrika = "Psychometrika" }
 @String{QuartMath = "Quarterly Journal of Mathematics, Oxford, Series (2)" }
 @String{QuartMath = "Quart. J. Math. Oxford Ser. (2)" }
 @String{QuartApplMath = "Quarterly of Applied Mathematics" }
 @String{QuartApplMath = "Quart. Appl. Math." }
 @String{RevueInstStat = "Review of the International Statisical Institute" }
 @String{RevueInstStat = "Rev. Inst. Internat. Statist." }

 %SIAM
 @String{JSIAM = "Journal of the Society for Industrial and Applied
     Mathematics" }
 @String{JSIAM = "J. Soc. Indust. Appl. Math." }
 @String{JSIAMB = "Journal of the Society for Industrial and Applied
     Mathematics, Series B, Numerical Analysis" }
 @String{JSIAMB = "J. Soc. Indust. Appl. Math. Ser. B Numer. Anal." }
 @String{SIAMAlgMeth = "{SIAM} Journal on Algebraic and Discrete Methods" }
 @String{SIAMAlgMeth = "{SIAM} J. Algebraic Discrete Methods" }
 @String{SIAMAppMath = "{SIAM} Journal on Applied Mathematics" }
 @String{SIAMAppMath = "{SIAM} J. Appl. Math." }
 @String{SIAMComp = "{SIAM} Journal on Computing" }
 @String{SIAMComp = "{SIAM} J. Comput." }
 @String{SIAMMatrix = "{SIAM} Journal on Matrix Analysis and Applications" }
 @String{SIAMMatrix = "{SIAM} J. Matrix Anal. Appl." }
 @String{SIAMNumAnal = "{SIAM} Journal on Numerical Analysis" }
 @String{SIAMNumAnal = "{SIAM} J. Numer. Anal." }
 @String{SIAMReview = "{SIAM} Review" }
 @String{SIAMReview = "{SIAM} Rev." }
 @String{SIAMSciStat = "{SIAM} Journal on Scientific and Statistical
     Computing" }
 @String{SIAMSciStat = "{SIAM} J. Sci. Statist. Comput." }

 @String{SoftPracExp = "Software Practice and Experience" }
 @String{SoftPracExp = "Software Prac. Experience" } % didn't find in AMS MR
 @String{StatScience = "Statistical Science" }
 @String{StatScience = "Statist. Sci." }
 @String{Techno = "Technometrics" }
 @String{USSRCompMathPhys = "{USSR} Computational Mathematics and Mathematical
     Physics" }
 @String{USSRCompMathPhys = "{U. S. S. R.} Comput. Math. and Math. Phys." }
 @String{VLSICompSys = "Journal of {VLSI} and Computer Systems" }
 @String{VLSICompSys = "J. {VLSI} Comput. Syst." }
 @String{ZAngewMathMech = "Zeitschrift fur Angewandte Mathematik und
     Mechanik" }
 @String{ZAngewMathMech = "Z. Angew. Math. Mech." }
 @String{ZAngewMathPhys = "Zeitschrift fur Angewandte Mathematik und Physik" }
 @String{ZAngewMathPhys = "Z. Angew. Math. Phys." }

% Publishers % ================================================= |

 @String{Academic = "Academic Press" }
 @String{ACMPress = "{ACM} Press" }
 @String{AdamHilger = "Adam Hilger" }
 @String{AddisonWesley = "Addison-Wesley" }
 @String{AllynBacon = "Allyn and Bacon" }
 @String{AMS = "American Mathematical Society" }
 @String{Birkhauser = "Birkha{\"u}ser" }
 @String{CambridgePress = "Cambridge University Press" }
 @String{Chelsea = "Chelsea" }
 @String{ClaredonPress = "Claredon Press" }
 @String{DoverPub = "Dover Publications" }
 @String{Eyolles = "Eyolles" }
 @String{HoltRinehartWinston = "Holt, Rinehart and Winston" }
 @String{Interscience = "Interscience" }
 @String{JohnsHopkinsPress = "The Johns Hopkins University Press" }
 @String{JohnWileySons = "John Wiley and Sons" }
 @String{Macmillan = "Macmillan" }
 @String{MathWorks = "The Math Works Inc." }
 @String{McGrawHill = "McGraw-Hill" }
 @String{NatBurStd = "National Bureau of Standards" }
 @String{NorthHolland = "North-Holland" }
 @String{OxfordPress = "Oxford University Press" }  %address Oxford or London?
 @String{PergamonPress = "Pergamon Press" }
 @String{PlenumPress = "Plenum Press" }
 @String{PrenticeHall = "Prentice-Hall" }
 @String{SIAMPub = "{SIAM} Publications" }
 @String{Springer = "Springer-Verlag" }
 @String{TexasPress = "University of Texas Press" }
 @String{VanNostrand = "Van Nostrand" }
 @String{WHFreeman = "W. H. Freeman and Co." }

%Entries
@article{2008Visualizing,
  title={Visualizing Data using t-SNE},
  author={ Laurens Van Der Maaten  and  Hinton Geoffrey },
  journal={Journal of Machine Learning Research},
  volume={9},
  number={2605},
  pages={2579-2605},
  year={2008},
}

@article{DBLP:journals/corr/abs-2302-13971,
  author       = {Hugo Touvron and
                  Thibaut Lavril and
                  Gautier Izacard and
                  Xavier Martinet and
                  Marie{-}Anne Lachaux and
                  Timoth{\'{e}}e Lacroix and
                  Baptiste Rozi{\`{e}}re and
                  Naman Goyal and
                  Eric Hambro and
                  Faisal Azhar and
                  Aur{\'{e}}lien Rodriguez and
                  Armand Joulin and
                  Edouard Grave and
                  Guillaume Lample},
  title        = {LLaMA: Open and Efficient Foundation Language Models},
  journal      = {CoRR},
  volume       = {abs/2302.13971},
  year         = {2023},
}

@inproceedings{DBLP:conf/nips/LiuLWL23a,
  author       = {Haotian Liu and
                  Chunyuan Li and
                  Qingyang Wu and
                  Yong Jae Lee},
  title        = {Visual Instruction Tuning},
  booktitle    = {Advances in Neural Information Processing Systems 36: Annual Conference
                  on Neural Information Processing Systems 2023, NeurIPS 2023, New Orleans,
                  LA, USA, December 10 - 16, 2023},
  year         = {2023},
}

@inproceedings{DBLP:conf/aaai/WanZDHYP21,
  author       = {Hai Wan and
                  Manrong Zhang and
                  Jianfeng Du and
                  Ziling Huang and
                  Yufei Yang and
                  Jeff Z. Pan},
  title        = {{FL-MSRE:} {A} Few-Shot Learning based Approach to Multimodal Social
                  Relation Extraction},
  booktitle    = {Thirty-Fifth {AAAI} Conference on Artificial Intelligence, {AAAI}
                  2021, Thirty-Third Conference on Innovative Applications of Artificial
                  Intelligence, {IAAI} 2021, The Eleventh Symposium on Educational Advances
                  in Artificial Intelligence, {EAAI} 2021, Virtual Event, February 2-9,
                  2021},
  pages        = {13916--13923},
  publisher    = {{AAAI} Press},
  year         = {2021},
}

@inproceedings{wang-etal-2022-wikidiverse,
    title = "{W}iki{D}iverse: A Multimodal Entity Linking Dataset with Diversified Contextual Topics and Entity Types",
    author = "Wang, Xuwu  and
      Tian, Junfeng  and
      Gui, Min  and
      Li, Zhixu  and
      Wang, Rui  and
      Yan, Ming  and
      Chen, Lihan  and
      Xiao, Yanghua",
    booktitle = "Proceedings of the 60th Annual Meeting of the Association for Computational Linguistics (Volume 1: Long Papers)",
    month = may,
    year = "2022",
    address = "Dublin, Ireland",
    publisher = "Association for Computational Linguistics",
    pages = "4785--4797",
}


@inproceedings{DBLP:conf/acl/ZhouSTQLHX16,
  author       = {Peng Zhou and
                  Wei Shi and
                  Jun Tian and
                  Zhenyu Qi and
                  Bingchen Li and
                  Hongwei Hao and
                  Bo Xu},
  title        = {Attention-Based Bidirectional Long Short-Term Memory Networks for
                  Relation Classification},
  booktitle    = {Proceedings of the 54th Annual Meeting of the Association for Computational
                  Linguistics, {ACL} 2016, August 7-12, 2016, Berlin, Germany, Volume
                  2: Short Papers},
  publisher    = {The Association for Computer Linguistics},
  year         = {2016},
}

@article{DBLP:journals/pami/MiyatoMKI19,
  author       = {Takeru Miyato and
                  Shin{-}ichi Maeda and
                  Masanori Koyama and
                  Shin Ishii},
  title        = {Virtual Adversarial Training: {A} Regularization Method for Supervised
                  and Semi-Supervised Learning},
  journal      = {{IEEE} Trans. Pattern Anal. Mach. Intell.},
  volume       = {41},
  number       = {8},
  pages        = {1979--1993},
  year         = {2019},
}

@inproceedings{DBLP:journals/corr/GoodfellowSS14,
  author       = {Ian J. Goodfellow and
                  Jonathon Shlens and
                  Christian Szegedy},
  title        = {Explaining and Harnessing Adversarial Examples},
  booktitle    = {3rd International Conference on Learning Representations, {ICLR} 2015,
                  San Diego, CA, USA, May 7-9, 2015, Conference Track Proceedings},
  year         = {2015},
}

@inproceedings{DBLP:journals/corr/KingmaW13,
  author       = {Diederik P. Kingma and
                  Max Welling},
  title        = {Auto-Encoding Variational Bayes},
  booktitle    = {2nd International Conference on Learning Representations, {ICLR} 2014,
                  Banff, AB, Canada, April 14-16, 2014, Conference Track Proceedings},
  year         = {2014},
}

@inproceedings{DBLP:conf/itw/TishbyZ15,
  author       = {Naftali Tishby and
                  Noga Zaslavsky},
  title        = {Deep learning and the information bottleneck principle},
  booktitle    = {2015 {IEEE} Information Theory Workshop, {ITW} 2015, Jerusalem, Israel,
                  April 26 - May 1, 2015},
  pages        = {1--5},
  publisher    = {{IEEE}},
  year         = {2015},
}

@inproceedings{DBLP:conf/nips/BaoW0LMASPW22,
  author       = {Hangbo Bao and
                  Wenhui Wang and
                  Li Dong and
                  Qiang Liu and
                  Owais Khan Mohammed and
                  Kriti Aggarwal and
                  Subhojit Som and
                  Songhao Piao and
                  Furu Wei},
  title        = {VLMo: Unified Vision-Language Pre-Training with Mixture-of-Modality-Experts},
  booktitle    = {Advances in Neural Information Processing Systems 35: Annual Conference
                  on Neural Information Processing Systems 2022, NeurIPS 2022, New Orleans,
                  LA, USA, November 28 - December 9, 2022},
  year         = {2022},
}

@inproceedings{DBLP:conf/nips/MustafaRPJH22,
  author       = {Basil Mustafa and
                  Carlos Riquelme and
                  Joan Puigcerver and
                  Rodolphe Jenatton and
                  Neil Houlsby},
  title        = {Multimodal Contrastive Learning with LIMoE: the Language-Image Mixture
                  of Experts},
  booktitle    = {Advances in Neural Information Processing Systems 35: Annual Conference
                  on Neural Information Processing Systems 2022, NeurIPS 2022, New Orleans,
                  LA, USA, November 28 - December 9, 2022},
  year         = {2022},
}

@inproceedings{DBLP:conf/wsdm/XuHSW22,
  author       = {Bo Xu and
                  Shizhou Huang and
                  Chaofeng Sha and
                  Hongya Wang},
  title        = {{MAF:} {A} General Matching and Alignment Framework for Multimodal
                  Named Entity Recognition},
  booktitle    = {{WSDM} '22: The Fifteenth {ACM} International Conference on Web Search
                  and Data Mining, Virtual Event / Tempe, AZ, USA, February 21 - 25,
                  2022},
  pages        = {1215--1223},
  publisher    = {{ACM}},
  year         = {2022},
}

@inproceedings{DBLP:conf/naacl/DevlinCLT19,
  author       = {Jacob Devlin and
                  Ming{-}Wei Chang and
                  Kenton Lee and
                  Kristina Toutanova},
  title        = {{BERT:} Pre-training of Deep Bidirectional Transformers for Language
                  Understanding},
  booktitle    = {Proceedings of the 2019 Conference of the North American Chapter of
                  the Association for Computational Linguistics: Human Language Technologies,
                  {NAACL-HLT} 2019, Minneapolis, MN, USA, June 2-7, 2019, Volume 1 (Long
                  and Short Papers)},
  pages        = {4171--4186},
  publisher    = {Association for Computational Linguistics},
  year         = {2019},
}

@inproceedings{DBLP:conf/iclr/DosovitskiyB0WZ21,
  author       = {Alexey Dosovitskiy and
                  Lucas Beyer and
                  Alexander Kolesnikov and
                  Dirk Weissenborn and
                  Xiaohua Zhai and
                  Thomas Unterthiner and
                  Mostafa Dehghani and
                  Matthias Minderer and
                  Georg Heigold and
                  Sylvain Gelly and
                  Jakob Uszkoreit and
                  Neil Houlsby},
  title        = {An Image is Worth 16x16 Words: Transformers for Image Recognition
                  at Scale},
  booktitle    = {9th International Conference on Learning Representations, {ICLR} 2021,
                  Virtual Event, Austria, May 3-7, 2021},
  year         = {2021},
}

@article{DBLP:journals/taslp/CuiCCSLLS24,
  author       = {Shiyao Cui and
                  Jiangxia Cao and
                  Xin Cong and
                  Jiawei Sheng and
                  Quangang Li and
                  Tingwen Liu and
                  Jinqiao Shi},
  title        = {Enhancing Multimodal Entity and Relation Extraction With Variational
                  Information Bottleneck},
  journal      = {{IEEE} {ACM} Trans. Audio Speech Lang. Process.},
  volume       = {32},
  pages        = {1274--1285},
  year         = {2024},
}

@inproceedings{DBLP:conf/naacl/MoonNC18,
  author       = {Seungwhan Moon and
                  Leonardo Neves and
                  Vitor Carvalho},
  title        = {Multimodal Named Entity Recognition for Short Social Media Posts},
  booktitle    = {Proceedings of the 2018 Conference of the North American Chapter of
                  the Association for Computational Linguistics: Human Language Technologies,
                  {NAACL-HLT} 2018, New Orleans, Louisiana, USA, June 1-6, 2018, Volume
                  1 (Long Papers)},
  pages        = {852--860},
  publisher    = {Association for Computational Linguistics},
  year         = {2018},
}

@inproceedings{DBLP:conf/coling/ZhangXLY20,
  author       = {Tao Zhang and
                  Congying Xia and
                  Chun{-}Ta Lu and
                  Philip S. Yu},
  title        = {{MZET:} Memory Augmented Zero-Shot Fine-grained Named Entity Typing},
  booktitle    = {Proceedings of the 28th International Conference on Computational
                  Linguistics, {COLING} 2020, Barcelona, Spain (Online), December 8-13,
                  2020},
  pages        = {77--87},
  publisher    = {International Committee on Computational Linguistics},
  year         = {2020},
}

@inproceedings{DBLP:conf/www/RenLZ20,
  author       = {Yankun Ren and
                  Jianbin Lin and
                  Jun Zhou},
  title        = {Neural Zero-Shot Fine-Grained Entity Typing},
  booktitle    = {Companion of The 2020 Web Conference 2020, Taipei, Taiwan, April 20-24,
                  2020},
  pages        = {846--847},
  publisher    = {{ACM} / {IW3C2}},
  year         = {2020},
}

@article{DBLP:journals/corr/abs-2302-05019,
  author       = {Lingfeng Zhong and
                  Jia Wu and
                  Qian Li and
                  Hao Peng and
                  Xindong Wu},
  title        = {A Comprehensive Survey on Automatic Knowledge Graph Construction},
  journal      = {CoRR},
  volume       = {abs/2302.05019},
  year         = {2023},
  eprinttype    = {arXiv},
}

@inproceedings{DBLP:conf/coling/GongE24a,
  author       = {Jiaying Gong and
                  Hoda Eldardiry},
  title        = {Prompt-based Zero-shot Relation Extraction with Semantic Knowledge
                  Augmentation},
  booktitle    = {Proceedings of the 2024 Joint International Conference on Computational
                  Linguistics, Language Resources and Evaluation, {LREC/COLING} 2024,
                  20-25 May, 2024, Torino, Italy},
  pages        = {13143--13156},
  publisher    = {{ELRA} and {ICCL}},
  year         = {2024},
}

@inproceedings{DBLP:conf/emnlp/0019JL0FYX21,
  author       = {Yi Chen and
                  Haiyun Jiang and
                  Lemao Liu and
                  Shuming Shi and
                  Chuang Fan and
                  Min Yang and
                  Ruifeng Xu},
  title        = {An Empirical Study on Multiple Information Sources for Zero-Shot Fine-Grained
                  Entity Typing},
  booktitle    = {Proceedings of the 2021 Conference on Empirical Methods in Natural
                  Language Processing, {EMNLP} 2021, Virtual Event / Punta Cana, Dominican
                  Republic, 7-11 November, 2021},
  pages        = {2668--2678},
  publisher    = {Association for Computational Linguistics},
  year         = {2021},
}

@inproceedings{DBLP:conf/acl/ZhaoZZZGWWPS23,
  author       = {Jun Zhao and
                  WenYu Zhan and
                  Xin Zhao and
                  Qi Zhang and
                  Tao Gui and
                  Zhongyu Wei and
                  Junzhe Wang and
                  Minlong Peng and
                  Mingming Sun},
  title        = {RE-Matching: {A} Fine-Grained Semantic Matching Method for Zero-Shot
                  Relation Extraction},
  booktitle    = {Proceedings of the 61st Annual Meeting of the Association for Computational
                  Linguistics (Volume 1: Long Papers), {ACL} 2023, Toronto, Canada,
                  July 9-14, 2023},
  pages        = {6680--6691},
  publisher    = {Association for Computational Linguistics},
  year         = {2023},
}

@inproceedings{DBLP:conf/naacl/ObeidatFST19,
  author       = {Rasha Obeidat and
                  Xiaoli Z. Fern and
                  Hamed Shahbazi and
                  Prasad Tadepalli},
  title        = {Description-Based Zero-shot Fine-Grained Entity Typing},
  booktitle    = {Proceedings of the 2019 Conference of the North American Chapter of
                  the Association for Computational Linguistics: Human Language Technologies,
                  {NAACL-HLT} 2019, Minneapolis, MN, USA, June 2-7, 2019, Volume 1 (Long
                  and Short Papers)},
  pages        = {807--814},
  publisher    = {Association for Computational Linguistics},
  year         = {2019},
}

@inproceedings{chen-li-2021-zs,
    title = "{ZS}-{BERT}: Towards Zero-Shot Relation Extraction with Attribute Representation Learning",
    author = "Chen, Chih-Yao  and
      Li, Cheng-Te",
    booktitle = "Proceedings of the 2021 Conference of the North American Chapter of the Association for Computational Linguistics: Human Language Technologies",
    month = jun,
    year = "2021",
    address = "Online",
    publisher = "Association for Computational Linguistics",
}


@ARTICLE{9961954,
  author={Zhu, Xiangru and Li, Zhixu and Wang, Xiaodan and Jiang, Xueyao and Sun, Penglei and Wang, Xuwu and Xiao, Yanghua and Yuan, Nicholas Jing},
  journal={IEEE Transactions on Knowledge and Data Engineering}, 
  title={Multi-Modal Knowledge Graph Construction and Application: A Survey}, 
  year={2024},
  volume={36},
  number={2},
  pages={715-735},
  keywords={Symbols;Poles and towers;Task analysis;Visualization;Grounding;Feature extraction;Dogs;Multimodal knowledge graph;survey;symbol grounding},
}

@inproceedings{DBLP:conf/coling/MaCG16,
  author       = {Yukun Ma and
                  Erik Cambria and
                  Sa Gao},
  title        = {Label Embedding for Zero-shot Fine-grained Named Entity Typing},
  booktitle    = {{COLING} 2016, 26th International Conference on Computational Linguistics,
                  Proceedings of the Conference: Technical Papers, December 11-16, 2016,
                  Osaka, Japan},
  pages        = {171--180},
  publisher    = {{ACL}},
  year         = {2016},
}

@inproceedings{DBLP:conf/mm/ZhengFFCL021,
  author       = {Changmeng Zheng and
                  Junhao Feng and
                  Ze Fu and
                  Yi Cai and
                  Qing Li and
                  Tao Wang},
  title        = {Multimodal Relation Extraction with Efficient Graph Alignment},
  booktitle    = {{MM} '21: {ACM} Multimedia Conference, Virtual Event, China, October
                  20 - 24, 2021},
  pages        = {5298--5306},
  publisher    = {{ACM}},
  year         = {2021}
}

@inproceedings{zhou-etal-2024-mcil,
    title = "{MCIL}: Multimodal Counterfactual Instance Learning for Low-resource Entity-based Multimodal Information Extraction",
    author = "Zhou, Baohang  and
      Zhang, Ying  and
      Song, Kehui  and
      Wang, Hongru  and
      Zhao, Yu  and
      Sui, Xuhui  and
      Yuan, Xiaojie",
    booktitle = "Proceedings of the 2024 Joint International Conference on Computational Linguistics, Language Resources and Evaluation (LREC-COLING 2024)",
    month = may,
    year = "2024",
    address = "Torino, Italia",
    publisher = "ELRA and ICCL",
    pages = "11101--11110",
}

@inproceedings{zhang-etal-2023-incorporating-object,
    title = "Incorporating Object-Level Visual Context for Multimodal Fine-Grained Entity Typing",
    author = "Zhang, Ying  and
      Fan, Wenbo  and
      Song, Kehui  and
      Zhao, Yu  and
      Sui, Xuhui  and
      Yuan, Xiaojie",
    booktitle = "Findings of the Association for Computational Linguistics: EMNLP 2023",
    month = dec,
    year = "2023",
    address = "Singapore",
    publisher = "Association for Computational Linguistics",
    pages = "15380--15390",
}

@inproceedings{DBLP:conf/sigir/ZhaoZZQSC24,
  author       = {Yu Zhao and
                  Ying Zhang and
                  Baohang Zhou and
                  Xinying Qian and
                  Kehui Song and
                  Xiangrui Cai},
  title        = {Contrast then Memorize: Semantic Neighbor Retrieval-Enhanced Inductive
                  Multimodal Knowledge Graph Completion},
  booktitle    = {Proceedings of the 47th International {ACM} {SIGIR} Conference on
                  Research and Development in Information Retrieval, {SIGIR} 2024, Washington
                  DC, USA, July 14-18, 2024},
  pages        = {102--111},
  publisher    = {{ACM}},
  year         = {2024},
}