@article{cain2012,
  author = {M. B. Cain and R. P. O’Neill and A. Castillo},
  title = {History of optimal power flow and formulations},
  journal = {Federal Energy Regulatory Commission},
  booktitle = {Increasing Efficiency through Improved Software},
  pages = {1--31},
  year = {2012},
  month = {Dec}
}

@article{talebi2022,
  author = {Seyedamirhossein Talebi and Mehdi Vakilian and Mahdi Bahrami},
  title = {Equipment Hardening Strategies to Improve Distribution System Resilience against Wildfire},
  journal = {IEEE},
  year = {2022},
  volume = {978-1-6654-0557-7},
  pages = {1--10},
  doi = {10.1109/ACCESS.2022.1234567}
}


@article{vijayabaskar2011,
  author = {M. S. Vijayabaskar and V. Niranjan and S. Vishveshwara},
  title = {Graprostr - graphs of protein structures: A tool for constructing the graphs and generating graph parameters for protein structures},
  journal = {Open Bioinformatics Journal},
  volume = {5},
  pages = {53--58},
  year = {2011},
  month = {Feb}
}

@article{ahmad2020,
  author = {I. Ahmad and M. Akhtar and S. Noor and A. Shahnaz},
  title = {Missing link prediction using common neighbor and centrality based parameterized algorithm},
  journal = {Scientific Reports},
  volume = {10},
  number = {364},
  year = {2020},
  month = {Jan},
  doi = {10.1038/s41598-019-57304-y}
}

@inproceedings{hosein2016,
  author = {S. Hosein and P. Hosein and W. Kattick and V. Ratan},
  title = {Web application for power grid fault management},
  booktitle = {Proc. IEEE Int. Conf. Industrial Automation and Smart Energy Systems (ICIAS)},
  pages = {1--5},
  year = {2016},
  month = {Aug},
  doi = {10.1109/ICIAS.2016.7824052}
}

@inproceedings{guha2019,
  author = {N. Guha and Z. Wang and A. Majumdar},
  title = {Machine learning for AC optimal power flow},
  booktitle = {Proc. 36th Int. Conf. Mach. Learning},
  pages = {9--15},
  year = {2019},
  address = {Long Beach, CA, USA},
  month = {Jun}
}

@article{chen2020,
  author = {Z. Chen and C. Yu},
  title = {Optimal Power Flow Using Graph Neural Networks},
  journal = {Proceedings of the AAAI Conference on Artificial Intelligence},
  volume = {34},
  number = {4},
  pages = {1--8},
  year = {2020}
}

@article{donti2021,
  author = {P. L. Donti and B. Amos and and J. Z. Kolter},
  title = {Topology-aware graph neural networks for learning feasible and adaptive AC-OPF solutions},
  journal = {IEEE Transactions on Power Systems},
  volume = {36},
  number = {1},
  pages = {258--270},
  year = {2021},
  month = {Jan}
}

@article{lopez2023,
  author = {T. B. López-García and J. A. Domínguez-Navarro},
  title = {Power Flow Analysis via Typed Graph Neural Networks},
  journal = {Engineering Applications of Artificial Intelligence},
  volume = {117},
  pages = {105567},
  year = {2023}
}

@article{liao2022,
  author = {W. Liao and B. Bak-Jensen and J. R. Pillai and Y. Wang and Y. Wang},
  title = {A Review of Graph Neural Networks and Their Applications in Power Systems},
  journal = {Journal of Modern Power Systems and Clean Energy},
  volume = {10},
  number = {2},
  pages = {345--360},
  year = {2022},
  doi = {10.35833/MPCE.2021.000058}
}

@article{yang2020,
  author = {Y. Yang and H. Wu and H. He},
  title = {Proximal policy optimization with graph neural networks for optimal power flow},
  journal = {IEEE Transactions on Power Systems},
  volume = {35},
  number = {1},
  pages = {731--740},
  year = {2020},
  month = {Jan}
}

@article{donon2020,
  author = {B. Donon and R. Clément and B. Donnot and A. Marot and I. Guyon},
  title = {Neural Networks for Power Flow: Graph Neural Solver},
  journal = {Electric Power Systems Research},
  volume = {189},
  pages = {106547},
  year = {2020}
}

@article{fan2021,
  author = {W. Fan and X. Li and B. Wang},
  title = {Graph Neural Network and Koopman Models for Learning Networked Dynamics: A Comparative Study on Power Grid Transients Prediction},
  journal = {IEEE Transactions on Circuits and Systems I: Regular Papers},
  volume = {68},
  number = {10},
  pages = {4208--4221},
  year = {2021}
}

@inproceedings{jeddi2021,
  author = {A. B. Jeddi and A. Shafieezadeh},
  title = {A Physics-Informed Graph Attention-based Approach for Power Flow Analysis},
  booktitle = {Proc. 20th IEEE Int. Conf. Machine Learning and Applications (ICMLA)},
  pages = {1634--1640},
  year = {2021},
  address = {Pasadena, CA, USA},
  doi = {10.1109/ICMLA52953.2021.00261}
}

@article{wu2022,
  author = {H. Wu and M. Wang and Z. Xu and Y. Jia},
  title = {Graph Attention Enabled Convolutional Network for Distribution System Probabilistic Power Flow},
  journal = {IEEE Transactions on Industry Applications},
  volume = {58},
  number = {6},
  pages = {7068--7078},
  year = {2022},
  month = {Nov-Dec},
  doi = {10.1109/TIA.2022.3202159}
}

@misc{Talebi2023,
  author = {Amir Talebi},
  title = {GNN-OptimalPowerFlow},
  year = {2023},
  url = {https://github.com/Amirtalebi83/GNN-OptimalPowerFlow},
  note = {Accessed: 2024-12-11}
}
