@inproceedings{afpn,
  title={AFPN: Asymptotic feature pyramid network for object detection},
  author={Yang, Guoyu and Lei, Jie and Zhu, Zhikuan and Cheng, Siyu and Feng, Zunlei and Liang, Ronghua},
  booktitle={2023 IEEE International Conference on Systems, Man, and Cybernetics (SMC)},
  pages={2184--2189},
  year={2023},
  organization={IEEE}
}

@inproceedings{cspnet,
  title={CSPNet: A new backbone that can enhance learning capability of CNN},
  author={Wang, Chien-Yao and Liao, Hong-Yuan Mark and Wu, Yueh-Hua and Chen, Ping-Yang and Hsieh, Jun-Wei and Yeh, I-Hau},
  booktitle={Proceedings of the IEEE/CVF conference on computer vision and pattern recognition workshops},
  pages={390--391},
  year={2020}
}

@article{damo,
  title={Damo-yolo: A report on real-time object detection design},
  author={Xu, Xianzhe and Jiang, Yiqi and Chen, Weihua and et al},
  journal={arXiv preprint arXiv:2211.15444},
  year={2022}
}

@article{goldyolo,
	title={Gold-YOLO: Efficient Object Detector via Gather-and-Distribute Mechanism},
	author={Wang, Chengcheng and He, Wei and Nie, Ying and et al},
	journal={arXiv preprint arXiv:2309.11331},
	year={2023}
}

@article{maedet,
  title={Mae-det: Revisiting maximum entropy principle in zero-shot nas for efficient object detection},
  author={Sun, Zhenhong and Lin, Ming and Sun, Xiuyu and Tan, Zhiyu and Li, Hao and Jin, Rong},
  journal={arXiv preprint arXiv:2111.13336},
  year={2021}
}

@article{mafyolo,
  title={Multi-Branch Auxiliary Fusion YOLO with Re-parameterization Heterogeneous Convolutional for accurate object detection},
  author={Yang, Zhiqiang and Guan, Qiu and Zhao, Keer and Yang, Jianmin and Xu, Xinli and Long, Haixia and Tang, Ying},
  journal={arXiv preprint arXiv:2407.04381},
  year={2024}
}

@article{ppyoloe,
  title={PP-YOLOE: An evolved version of YOLO},
  author={Xu, Shangliang and Wang, Xinxin and Lv, Wenyu and Chang, Qinyao and Cui, Cheng and Deng, Kaipeng and Wang, Guanzhong and Dang, Qingqing and Wei, Shengyu and Du, Yuning and others},
  journal={arXiv preprint arXiv:2203.16250},
  year={2022}
}

@article{rtmdet,
  title={Rtmdet: An empirical study of designing real-time object detectors},
  author={Lyu, Chengqi and Zhang, Wenwei and Huang, Haian and et al},
  journal={arXiv preprint arXiv:2212.07784},
  year={2022}
}

@inproceedings{tal,
  title={Tood: Task-aligned one-stage object detection},
  author={Feng, Chengjian and Zhong, Yujie and Gao, Yu and Scott, Matthew R and Huang, Weilin},
  booktitle={2021 IEEE/CVF International Conference on Computer Vision (ICCV)},
  pages={3490--3499},
  year={2021},
  organization={IEEE Computer Society}
}

@inproceedings{yolo1,
  title={You only look once: Unified, real-time object detection},
  author={Redmon, J},
  booktitle={Proceedings of the IEEE conference on computer vision and pattern recognition},
  year={2016}
}

@article{yolo11,
  title={YOLO by Ultralytics},
  author={Jocher, Glenn and Chaurasia, Ayush and Qiu, Jing},
  journal={URL: https://github.com/ultralytics/ultralytics},
  year={2024}
}

@inproceedings{yolo9000,
  title={YOLO9000: better, faster, stronger},
  author={Redmon, Joseph and Farhadi, Ali},
  booktitle={Proceedings of the IEEE conference on computer vision and pattern recognition},
  pages={7263--7271},
  year={2017}
}

@article{yoloms,
  title={YOLO-MS: Rethinking Multi-Scale Representation Learning for Real-time Object Detection},
  author={Chen, Yuming and Yuan, Xinbin and Wu, Ruiqi and et al},
  journal={arXiv preprint arXiv:2308.05480},
  year={2023}
}

@article{yolov10,
  title={YOLOv10: Real-Time End-to-End Object Detection},
  author={Wang, Ao and Chen, Hui and Liu, Lihao and Chen, Kai and Lin, Zijia and Han, Jungong and Ding, Guiguang},
  journal={arXiv preprint arXiv:2405.14458},
  year={2024}
}

@article{yolov3,
  title={Yolov3: An incremental improvement},
  author={Redmon, Joseph},
  journal={arXiv preprint arXiv:1804.02767},
  year={2018}
}

@article{yolov4,
  title={Yolov4: Optimal speed and accuracy of object detection},
  author={Bochkovskiy, Alexey and Wang, Chien-Yao and Liao, Hong-Yuan Mark},
  journal={arXiv preprint arXiv:2004.10934},
  year={2020}
}

@article{yolov5,
  title={ultralytics/yolov5: v7. 0-yolov5 sota realtime instance segmentation},
  author={Jocher, Glenn and Chaurasia, Ayush and Stoken, Alex and et al},
  journal={Zenodo},
  year={2022}
}

@article{yolov6,
  title={Yolov6 v3. 0: A full-scale reloading},
  author={Li, Chuyi and Li, Lulu and Geng, Yifei and et al},
  journal={arXiv preprint arXiv:2301.05586},
  year={2023}
}

@inproceedings{yolov7,
  title={YOLOv7: Trainable bag-of-freebies sets new state-of-the-art for real-time object detectors},
  author={Wang, Chien-Yao and Bochkovskiy, Alexey and Liao, Hong-Yuan Mark},
  booktitle={Proceedings of the IEEE/CVF Conference on Computer Vision and Pattern Recognition},
  pages={7464--7475},
  year={2023}
}

@article{yolov8,
  title={YOLO by Ultralytics},
  author={Jocher, Glenn and Chaurasia, Ayush and Qiu, Jing},
  journal={URL: https://github.com/ultralytics/ultralytics/tree/v8.2.0},
  year={2023}
}

@article{yolov9,
  title={YOLOv9: Learning What You Want to Learn Using Programmable Gradient Information},
  author={Wang, Chien-Yao and Yeh, I-Hau and Liao, Hong-Yuan Mark},
  journal={arXiv preprint arXiv:2402.13616},
  year={2024}
}

@article{yolox,
  title={Yolox: Exceeding yolo series in 2021},
  author={Ge, Zheng and Liu, Songtao and Wang, Feng and Li, Zeming and Sun, Jian},
  journal={arXiv preprint arXiv:2107.08430},
  year={2021}
}

