




@inproceedings{yolo1,
  title={You only look once: Unified, real-time object detection},
  author={Redmon, J},
  booktitle={Proceedings of the IEEE conference on computer vision and pattern recognition},
  year={2016}
}
@inproceedings{yolo9000,
  title={YOLO9000: better, faster, stronger},
  author={Redmon, Joseph and Farhadi, Ali},
  booktitle={Proceedings of the IEEE conference on computer vision and pattern recognition},
  pages={7263--7271},
  year={2017}
}
@article{yolov3,
  title={Yolov3: An incremental improvement},
  author={Redmon, Joseph},
  journal={arXiv preprint arXiv:1804.02767},
  year={2018}
}
@article{yolov4,
  title={Yolov4: Optimal speed and accuracy of object detection},
  author={Bochkovskiy, Alexey and Wang, Chien-Yao and Liao, Hong-Yuan Mark},
  journal={arXiv preprint arXiv:2004.10934},
  year={2020}
}
@article{yolov5,
  title={ultralytics/yolov5: v7. 0-yolov5 sota realtime instance segmentation},
  author={Jocher, Glenn and Chaurasia, Ayush and Stoken, Alex and et al},
  journal={Zenodo},
  year={2022}
}
@article{yolox,
  title={Yolox: Exceeding yolo series in 2021},
  author={Ge, Zheng and Liu, Songtao and Wang, Feng and Li, Zeming and Sun, Jian},
  journal={arXiv preprint arXiv:2107.08430},
  year={2021}
}
@article{yolov6,
  title={Yolov6 v3. 0: A full-scale reloading},
  author={Li, Chuyi and Li, Lulu and Geng, Yifei and et al},
  journal={arXiv preprint arXiv:2301.05586},
  year={2023}
}
@inproceedings{yolov7,
  title={YOLOv7: Trainable bag-of-freebies sets new state-of-the-art for real-time object detectors},
  author={Wang, Chien-Yao and Bochkovskiy, Alexey and Liao, Hong-Yuan Mark},
  booktitle={Proceedings of the IEEE/CVF Conference on Computer Vision and Pattern Recognition},
  pages={7464--7475},
  year={2023}
}
@article{yolov8,
  title={YOLO by Ultralytics},
  author={Jocher, Glenn and Chaurasia, Ayush and Qiu, Jing},
  journal={URL: https://github.com/ultralytics/ultralytics/tree/v8.2.0},
  year={2023}
}
@article{yolov9,
  title={YOLOv9: Learning What You Want to Learn Using Programmable Gradient Information},
  author={Wang, Chien-Yao and Yeh, I-Hau and Liao, Hong-Yuan Mark},
  journal={arXiv preprint arXiv:2402.13616},
  year={2024}
}
@article{yolov10,
  title={YOLOv10: Real-Time End-to-End Object Detection},
  author={Wang, Ao and Chen, Hui and Liu, Lihao and Chen, Kai and Lin, Zijia and Han, Jungong and Ding, Guiguang},
  journal={arXiv preprint arXiv:2405.14458},
  year={2024}
}
@article{yolo11,
  title={YOLO by Ultralytics},
  author={Jocher, Glenn and Chaurasia, Ayush and Qiu, Jing},
  journal={URL: https://github.com/ultralytics/ultralytics},
  year={2024}
}
@article{yolov12,
  title={YOLOv12: Attention-Centric Real-Time Object Detectors},
  author={Tian, Yunjie and Ye, Qixiang and Doermann, David},
  journal={arXiv preprint arXiv:2502.12524},
  year={2025}
}
@article{damo,
  title={Damo-yolo: A report on real-time object detection design},
  author={Xu, Xianzhe and Jiang, Yiqi and Chen, Weihua and et al},
  journal={arXiv preprint arXiv:2211.15444},
  year={2022}
}
@inproceedings{mae,
  title={Masked autoencoders are scalable vision learners},
  author={He, Kaiming and Chen, Xinlei and Xie, Saining and Li, Yanghao and Doll{\'a}r, Piotr and Girshick, Ross},
  booktitle={Proceedings of the IEEE/CVF conference on computer vision and pattern recognition},
  pages={16000--16009},
  year={2022}
}
@article{maedet,
  title={Mae-det: Revisiting maximum entropy principle in zero-shot nas for efficient object detection},
  author={Sun, Zhenhong and Lin, Ming and Sun, Xiuyu and Tan, Zhiyu and Li, Hao and Jin, Rong},
  journal={arXiv preprint arXiv:2111.13336},
  year={2021}
}
@inproceedings{afpn,
  title={AFPN: Asymptotic feature pyramid network for object detection},
  author={Yang, Guoyu and Lei, Jie and Zhu, Zhikuan and Cheng, Siyu and Feng, Zunlei and Liang, Ronghua},
  booktitle={2023 IEEE International Conference on Systems, Man, and Cybernetics (SMC)},
  pages={2184--2189},
  year={2023},
  organization={IEEE}
}
@article{rtmdet,
  title={Rtmdet: An empirical study of designing real-time object detectors},
  author={Lyu, Chengqi and Zhang, Wenwei and Huang, Haian and et al},
  journal={arXiv preprint arXiv:2212.07784},
  year={2022}
}
@inproceedings{pafpn,
  title={Panet: Few-shot image semantic segmentation with prototype alignment},
  author={Wang, Kaixin and Liew, Jun Hao and Zou, Yingtian and Zhou, Daquan and Feng, Jiashi},
  booktitle={proceedings of the IEEE/CVF international conference on computer vision},
  pages={9197--9206},
  year={2019}
}
@inproceedings{trident,
  title={Scale-aware trident networks for object detection},
  author={Li, Yanghao and Chen, Yuntao and Wang, Naiyan and Zhang, Zhaoxiang},
  booktitle={Proceedings of the IEEE/CVF international conference on computer vision},
  pages={6054--6063},
  year={2019}
}
@article{yoloms,
  title={YOLO-MS: Rethinking Multi-Scale Representation Learning for Real-time Object Detection},
  author={Chen, Yuming and Yuan, Xinbin and Wu, Ruiqi and et al},
  journal={arXiv preprint arXiv:2308.05480},
  year={2023}
}
@inproceedings{cspnet,
  title={CSPNet: A new backbone that can enhance learning capability of CNN},
  author={Wang, Chien-Yao and Liao, Hong-Yuan Mark and Wu, Yueh-Hua and Chen, Ping-Yang and Hsieh, Jun-Wei and Yeh, I-Hau},
  booktitle={Proceedings of the IEEE/CVF conference on computer vision and pattern recognition workshops},
  pages={390--391},
  year={2020}
}
@inproceedings{repvgg,
  title={Repvgg: Making vgg-style convnets great again},
  author={Ding, Xiaohan and Zhang, Xiangyu and Ma, Ningning and et al},
  booktitle={Proceedings of the IEEE/CVF conference on computer vision and pattern recognition},
  pages={13733--13742},
  year={2021}
}
@inproceedings{replknet,
  title={Scaling up your kernels to 31x31: Revisiting large kernel design in cnns},
  author={Ding, Xiaohan and Zhang, Xiangyu and Han, Jungong and Ding, Guiguang},
  booktitle={Proceedings of the IEEE/CVF conference on computer vision and pattern recognition},
  pages={11963--11975},
  year={2022}
}
@inproceedings{replknetv2,
  title={UniRepLKNet: A Universal Perception Large-Kernel ConvNet for Audio Video Point Cloud Time-Series and Image Recognition},
  author={Ding, Xiaohan and Zhang, Yiyuan and Ge, Yixiao and Zhao, Sijie and Song, Lin and Yue, Xiangyu and Shan, Ying},
  booktitle={Proceedings of the IEEE/CVF Conference on Computer Vision and Pattern Recognition},
  pages={5513--5524},
  year={2024}
}
@inproceedings{coco,
  title={Microsoft coco: Common objects in context},
  author={Lin, Tsung-Yi and Maire, Michael and Belongie, Serge and et al},
  booktitle={Computer Vision--ECCV 2014: 13th European Conference, Zurich, Switzerland, September 6-12, 2014, Proceedings, Part V 13},
  pages={740--755},
  year={2014},
  organization={Springer}
}
@inproceedings{visdrone,
  title={VisDrone-DET2019: The vision meets drone object detection in image challenge results},
  author={Du, Dawei and Zhu, Pengfei and Wen, Longyin and Bian, Xiao and Lin, Haibin and Hu, Qinghua and Peng, Tao and Zheng, Jiayu and Wang, Xinyao and Zhang, Yue and others},
  booktitle={Proceedings of the IEEE/CVF international conference on computer vision workshops},
  pages={0--0},
  year={2019}
}
@article{voc,
  title={The pascal visual object classes challenge: A retrospective},
  author={Everingham, Mark and Eslami, SM Ali and Van Gool, Luc and Williams, Christopher KI and Winn, John and Zisserman, Andrew},
  journal={International journal of computer vision},
  volume={111},
  pages={98--136},
  year={2015},
  publisher={Springer}
}
@inproceedings{depthwise,
  title={Xception: Deep learning with depthwise separable convolutions},
  author={Chollet, Fran{\c{c}}ois},
  booktitle={Proceedings of the IEEE conference on computer vision and pattern recognition},
  pages={1251--1258},
  year={2017}
}
@inproceedings{bifpn,
  title={Efficientdet: Scalable and efficient object detection},
  author={Tan, Mingxing and Pang, Ruoming and Le, Quoc V},
  booktitle={Proceedings of the IEEE/CVF conference on computer vision and pattern recognition},
  pages={10781--10790},
  year={2020}
}
@inproceedings{fpn,
	title={Feature pyramid networks for object detection},
	author={Lin, Tsung-Yi and Doll{\'a}r, Piotr and Girshick, Ross and et al},
	booktitle={Proceedings of the IEEE conference on computer vision and pattern recognition},
	pages={2117--2125},
	year={2017}
}

@article{goldyolo,
	title={Gold-YOLO: Efficient Object Detector via Gather-and-Distribute Mechanism},
	author={Wang, Chengcheng and He, Wei and Nie, Ying and et al},
	journal={arXiv preprint arXiv:2309.11331},
	year={2023}
}
@article{mixup,
  title={mixup: Beyond empirical risk minimization},
  author={Zhang, Hongyi and Cisse, Moustapha and Dauphin, Yann N and Lopez-Paz, David},
  journal={arXiv preprint arXiv:1710.09412},
  year={2017}
}

@inproceedings{zhang2021varifocalnet,
  title={Varifocalnet: An iou-aware dense object detector},
  author={Zhang, Haoyang and Wang, Ying and Dayoub, Feras and Sunderhauf, Niko},
  booktitle={Proceedings of the IEEE/CVF conference on computer vision and pattern recognition},
  pages={8514--8523},
  year={2021}
}
@inproceedings{giou,
  title={Generalized intersection over union: A metric and a loss for bounding box regression},
  author={Rezatofighi, Hamid and Tsoi, Nathan and Gwak, JunYoung and et al},
  booktitle={Proceedings of the IEEE/CVF conference on computer vision and pattern recognition},
  pages={658--666},
  year={2019}
}
@article{dfl,
  title={Generalized focal loss: Learning qualified and distributed bounding boxes for dense object detection},
  author={Li, Xiang and Wang, Wenhai and Wu, Lijun and et al},
  journal={Advances in Neural Information Processing Systems},
  volume={33},
  pages={21002--21012},
  year={2020}
}
@article{cascade,
	title={Cascade R-CNN: High quality object detection and instance segmentation},
	author={Cai, Zhaowei and Vasconcelos, Nuno},
	journal={IEEE transactions on pattern analysis and machine intelligence},
	volume={43},
	number={5},
	pages={1483--1498},
	year={2019},
	publisher={IEEE}
}
@inproceedings{detr,
  title={End-to-end object detection with transformers},
  author={Carion, Nicolas and Massa, Francisco and Synnaeve, Gabriel and Usunier, Nicolas and Kirillov, Alexander and Zagoruyko, Sergey},
  booktitle={European conference on computer vision},
  pages={213--229},
  year={2020},
  organization={Springer}
}
@article{dino,
	title={Dino: Detr with improved denoising anchor boxes for end-to-end object detection},
	author={Zhang, Hao and Li, Feng and Liu, Shilong and et al},
	journal={arXiv preprint arXiv:2203.03605},
	year={2022}
}
@article{deformable,
	title={Deformable detr: Deformable transformers for end-to-end object detection},
	author={Zhu, Xizhou and Su, Weijie and Lu, Lewei and Li, Bin and Wang, Xiaogang and Dai, Jifeng},
	journal={arXiv preprint arXiv:2010.04159},
	year={2020}
}

@article{rtdetr,
  title={Detrs beat yolos on real-time object detection},
  author={Zhao, Yian and Lv, Wenyu and Xu, Shangliang and Wei, Jinman and Wang, Guanzhong and Dang, Qingqing and Liu, Yi and Chen, Jie},
  journal={arXiv preprint arXiv:2304.08069},
  year={2023}
}
@article{ppyoloe,
  title={PP-YOLOE: An evolved version of YOLO},
  author={Xu, Shangliang and Wang, Xinxin and Lv, Wenyu and Chang, Qinyao and Cui, Cheng and Deng, Kaipeng and Wang, Guanzhong and Dang, Qingqing and Wei, Shengyu and Du, Yuning and others},
  journal={arXiv preprint arXiv:2203.16250},
  year={2022}
}
@inproceedings{tal,
  title={Tood: Task-aligned one-stage object detection},
  author={Feng, Chengjian and Zhong, Yujie and Gao, Yu and Scott, Matthew R and Huang, Weilin},
  booktitle={2021 IEEE/CVF International Conference on Computer Vision (ICCV)},
  pages={3490--3499},
  year={2021},
  organization={IEEE Computer Society}
}
@inproceedings{efficientdet,
  title={Efficientdet: Scalable and efficient object detection},
  author={Tan, Mingxing and Pang, Ruoming and Le, Quoc V},
  booktitle={Proceedings of the IEEE/CVF conference on computer vision and pattern recognition},
  pages={10781--10790},
  year={2020}
}
@inproceedings{imagenet,
  title={Imagenet: A large-scale hierarchical image database},
  author={Deng, Jia and Dong, Wei and Socher, Richard and Li, Li-Jia and Li, Kai and Fei-Fei, Li},
  booktitle={2009 IEEE conference on computer vision and pattern recognition},
  pages={248--255},
  year={2009},
  organization={Ieee}
}
@article{mafyolo,
  title={Multi-Branch Auxiliary Fusion YOLO with Re-parameterization Heterogeneous Convolutional for accurate object detection},
  author={Yang, Zhiqiang and Guan, Qiu and Zhao, Keer and Yang, Jianmin and Xu, Xinli and Long, Haixia and Tang, Ying},
  journal={arXiv preprint arXiv:2407.04381},
  year={2024}
}
@article{fasterrcnn,
  title={Faster R-CNN: Towards real-time object detection with region proposal networks},
  author={Ren, Shaoqing and He, Kaiming and Girshick, Ross and Sun, Jian},
  journal={IEEE transactions on pattern analysis and machine intelligence},
  volume={39},
  number={6},
  pages={1137--1149},
  year={2016},
  publisher={IEEE}
}
@article{rtdetrv2,
  title={RT-DETRv2: Improved Baseline with Bag-of-Freebies for Real-Time Detection Transformer},
  author={Lv, Wenyu and Zhao, Yian and Chang, Qinyao and Huang, Kui and Wang, Guanzhong and Liu, Yi},
  journal={arXiv preprint arXiv:2407.17140},
  year={2024}
}
@inproceedings{swin,
  title={Swin transformer: Hierarchical vision transformer using shifted windows},
  author={Liu, Ze and Lin, Yutong and Cao, Yue and Hu, Han and Wei, Yixuan and Zhang, Zheng and Lin, Stephen and Guo, Baining},
  booktitle={Proceedings of the IEEE/CVF international conference on computer vision},
  pages={10012--10022},
  year={2021}
}
@inproceedings{convnext,
  title={A convnet for the 2020s},
  author={Liu, Zhuang and Mao, Hanzi and Wu, Chao-Yuan and Feichtenhofer, Christoph and Darrell, Trevor and Xie, Saining},
  booktitle={Proceedings of the IEEE/CVF conference on computer vision and pattern recognition},
  pages={11976--11986},
  year={2022}
}

@inproceedings{htc,
  title={Hybrid task cascade for instance segmentation},
  author={Chen, Kai and Pang, Jiangmiao and Wang, Jiaqi and Xiong, Yu and Li, Xiaoxiao and Sun, Shuyang and Feng, Wansen and Liu, Ziwei and Shi, Jianping and Ouyang, Wanli and others},
  booktitle={Proceedings of the IEEE/CVF conference on computer vision and pattern recognition},
  pages={4974--4983},
  year={2019}
}
@inproceedings{vit,
  title={Exploring plain vision transformer backbones for object detection},
  author={Li, Yanghao and Mao, Hanzi and Girshick, Ross and He, Kaiming},
  booktitle={European conference on computer vision},
  pages={280--296},
  year={2022},
  organization={Springer}
}
@article{solov2,
  title={Solov2: Dynamic and fast instance segmentation},
  author={Wang, Xinlong and Zhang, Rufeng and Kong, Tao and Li, Lei and Shen, Chunhua},
  journal={Advances in Neural information processing systems},
  volume={33},
  pages={17721--17732},
  year={2020}
}
@inproceedings{copy,
  title={Simple copy-paste is a strong data augmentation method for instance segmentation},
  author={Ghiasi, Golnaz and Cui, Yin and Srinivas, Aravind and Qian, Rui and Lin, Tsung-Yi and Cubuk, Ekin D and Le, Quoc V and Zoph, Barret},
  booktitle={Proceedings of the IEEE/CVF conference on computer vision and pattern recognition},
  pages={2918--2928},
  year={2021}
}
@inproceedings{dota,
  title={DOTA: A large-scale dataset for object detection in aerial images},
  author={Xia, Gui-Song and Bai, Xiang and Ding, Jian and Zhu, Zhen and Belongie, Serge and Luo, Jiebo and Datcu, Mihai and Pelillo, Marcello and Zhang, Liangpei},
  booktitle={Proceedings of the IEEE conference on computer vision and pattern recognition},
  pages={3974--3983},
  year={2018}
}
@inproceedings{oriented,
  title={Oriented R-CNN for object detection},
  author={Xie, Xingxing and Cheng, Gong and Wang, Jiabao and Yao, Xiwen and Han, Junwei},
  booktitle={Proceedings of the IEEE/CVF international conference on computer vision},
  pages={3520--3529},
  year={2021}
}
@article{kfiou,
  title={The KFIoU loss for rotated object detection},
  author={Yang, Xue and Zhou, Yue and Zhang, Gefan and Yang, Jirui and Wang, Wentao and Yan, Junchi and Zhang, Xiaopeng and Tian, Qi},
  journal={arXiv preprint arXiv:2201.12558},
  year={2022}
}
@inproceedings{pkinet,
  title={Poly kernel inception network for remote sensing detection},
  author={Cai, Xinhao and Lai, Qiuxia and Wang, Yuwei and Wang, Wenguan and Sun, Zeren and Yao, Yazhou},
  booktitle={Proceedings of the IEEE/CVF Conference on Computer Vision and Pattern Recognition},
  pages={27706--27716},
  year={2024}
}
@article{lsknet,
  title={Lsknet: A foundation lightweight backbone for remote sensing},
  author={Li, Yuxuan and Li, Xiang and Dai, Yimain and Hou, Qibin and Liu, Li and Liu, Yongxiang and Cheng, Ming-Ming and Yang, Jian},
  journal={International Journal of Computer Vision},
  pages={1--22},
  year={2024},
  publisher={Springer}
}
@article{rvsa,
  title={Advancing plain vision transformer toward remote sensing foundation model},
  author={Wang, Di and Zhang, Qiming and Xu, Yufei and Zhang, Jing and Du, Bo and Tao, Dacheng and Zhang, Liangpei},
  journal={IEEE Transactions on Geoscience and Remote Sensing},
  volume={61},
  pages={1--15},
  year={2022},
  publisher={IEEE}
}
@article{vitae,
  title={Vitaev2: Vision transformer advanced by exploring inductive bias for image recognition and beyond},
  author={Zhang, Qiming and Xu, Yufei and Zhang, Jing and Tao, Dacheng},
  journal={International Journal of Computer Vision},
  volume={131},
  number={5},
  pages={1141--1162},
  year={2023},
  publisher={Springer}
}

