@article{bangor2008empirical,
  title={An empirical evaluation of the system usability scale},
  author={Bangor, Aaron and Kortum, Philip T and Miller, James T},
  journal={Intl. Journal of Human--Computer Interaction},
  volume={24},
  number={6},
  pages={574--594},
  year={2008},
  publisher={Taylor \& Francis}
}

@article{verplanken2003reflections,
  title={Reflections on past behavior: a self-report index of habit strength 1},
  author={Verplanken, Bas and Orbell, Sheina},
  journal={Journal of applied social psychology},
  volume={33},
  number={6},
  pages={1313--1330},
  year={2003},
  publisher={Wiley Online Library}
}