@article{boob2023stochastic,
  title={Stochastic first-order methods for convex and nonconvex functional constrained optimization},
  author={Boob, Digvijay and Deng, Qi and Lan, Guanghui},
  journal={Mathematical Programming},
  volume={197},
  number={1},
  pages={215--279},
  year={2023},
  publisher={Springer}
}

@article{curtis2015adaptive,
  title={An adaptive augmented {L}agrangian method for large-scale constrained optimization},
  author={Curtis, Frank E. and Jiang, Hao and Robinson, Daniel P.},
  journal={Mathematical Programming},
  volume={152},
  number={1--2},
  pages={201--245},
  year={2015},
  publisher={Springer}
}

@article{curtis2016adaptive,
  title={Adaptive augmented {L}agrangian methods: Algorithms and practical numerical experience},
  author={Curtis, Frank E. and Gould, Nicholas I.M. and Jiang, Hao and Robinson, Daniel P.},
  journal={Optimization Methods and Software},
  volume={31},
  number={1},
  pages={157--186},
  year={2016},
  publisher={Taylor \& Francis}
}

@article{dahal2023damped,
  title={Damped Proximal Augmented {L}agrangian Method for weakly-Convex Problems with Convex Constraints},
  author={Dahal, Hari and Liu, Wei and Xu, Yangyang},
  journal={arXiv preprint arXiv:2311.09065},
  year={2023}
}

@article{hajinezhad2019perturbed,
  title={Perturbed proximal primal-dual algorithm for nonconvex nonsmooth optimization},
  author={Hajinezhad, Davood and Hong, Mingyi},
  journal={Mathematical Programming},
  volume={176},
  number={1--2},
  pages={207--245},
  year={2019},
  publisher={Springer}
}

@article{he2010acceleration,
  title={On the acceleration of augmented {L}agrangian method for linearly constrained optimization},
  author={He, Bingsheng and Yuan, Xiaoming},
  journal={Optimization Online},
  url={https://optimization-online.org/?p=11288},
  year={2010}
}

@article{hestenes1969multiplier,
  title={Multiplier and gradient methods},
  author={Hestenes, Magnus R.},
  journal={Journal of Optimization Theory and Applications},
  volume={4},
  number={5},
  pages={303--320},
  year={1969},
  publisher={Plenum Publishing Corporation}
}

@article{hong2016decomposing,
  title={Decomposing linearly constrained nonconvex problems by a proximal primal dual approach: Algorithms, convergence, and applications},
  author={Hong, Mingyi},
  journal={arXiv preprint arXiv:1604.00543},
  year={2016}
}

@article{huang2023oracle,
  title={Oracle Complexity of Single-Loop Switching Subgradient Methods for Non-Smooth Weakly Convex Functional Constrained Optimization},
  author={Huang, Yankun and Lin, Qihang},
  journal={Advances in Neural Information Processing Systems},
  volume={36},
  pages={61327--61340},
  year={2023}
}

@article{jia2022first,
  title={First-Order Methods for Nonsmooth Nonconvex Functional Constrained Optimization with or without {S}later Points},
  author={Jia, Zhichao and Grimmer, Benjamin},
  journal={arXiv preprint arXiv:2212.00927},
  year={2022}
}

@article{kong2019complexity,
  title={Complexity of a quadratic penalty accelerated inexact proximal point method for solving linearly constrained nonconvex composite programs},
  author={Kong, Weiwei and Melo, Jefferson G. and Monteiro, Renato D.C.},
  journal={SIAM Journal on Optimization},
  volume={29},
  number={4},
  pages={2566--2593},
  year={2019},
  publisher={SIAM}
}

@article{kong2020efficient,
  title={An efficient adaptive accelerated inexact proximal point method for solving linearly constrained nonconvex composite problems},
  author={Kong, Weiwei and Melo, Jefferson G. and Monteiro, Renato D.C.},
  journal={Computational Optimization and Applications},
  volume={76},
  number={2},
  pages={305--346},
  year={2020},
  publisher={Springer}
}

@article{kong2023iteration-MathOR,
  title={Iteration complexity of a proximal augmented {L}agrangian method for solving nonconvex composite optimization problems with nonlinear convex constraints},
  author={Kong, Weiwei and Melo, Jefferson G. and Monteiro, Renato D.C.},
  journal={Mathematics of Operations Research},
  volume={48},
  number={2},
  pages={1066--1094},
  year={2023},
  publisher={INFORMS}
}

@article{kong2023iteration-SIOPT,
  title={Iteration complexity of an inner accelerated inexact proximal augmented {L}agrangian method based on the classical {L}agrangian function},
  author={Kong, Weiwei and Melo, Jefferson G. and Monteiro, Renato D.C.},
  journal={SIAM Journal on Optimization},
  volume={33},
  number={1},
  pages={181--210},
  year={2023},
  publisher={SIAM}
}

@article{lan2016iteration,
  title={Iteration-complexity of first-order augmented {L}agrangian methods for convex programming},
  author={Lan, Guanghui and Monteiro, Renato D.C.},
  journal={Mathematical Programming},
  volume={155},
  number={1},
  pages={511--547},
  year={2016},
  publisher={Springer}
}

@article{li2021augmented,
  title={Augmented {L}agrangian-based first-order methods for convex-constrained programs with weakly convex objective},
  author={Li, Zichong and Xu, Yangyang},
  journal={INFORMS Journal on Optimization},
  volume={3},
  number={4},
  pages={373--397},
  year={2021},
  publisher={INFORMS}
}

@inproceedings{li2021rate,
  title={Rate-improved inexact augmented {L}agrangian method for constrained nonconvex optimization},
  author={Li, Zichong and Chen, Pin-Yu and Liu, Sijia and Lu, Songtao and Xu, Yangyang},
  booktitle={International Conference on Artificial Intelligence and Statistics},
  pages={2170--2178},
  volume={130},
  year={2021},
  organization={PMLR}
}

@article{lin2022complexity,
  title={Complexity of an inexact proximal-point penalty method for constrained smooth non-convex optimization},
  author={Lin, Qihang and Ma, Runchao and Xu, Yangyang},
  journal={Computational Optimization and Applications},
  volume={82},
  number={1},
  pages={175--224},
  year={2022},
  publisher={Springer}
}

@article{liu2019nonergodic,
  title={On the nonergodic convergence rate of an inexact augmented {L}agrangian framework for composite convex programming},
  author={Liu, Ya-Feng and Liu, Xin and Ma, Shiqian},
  journal={Mathematics of Operations Research},
  volume={44},
  number={2},
  pages={632--650},
  year={2019},
  publisher={INFORMS}
}

@article{liu2025single,
  title={A single-loop {SPIDER}-type stochastic subgradient method for expectation-constrained nonconvex nonsmooth optimization},
  author={Liu, Wei and Xu, Yangyang},
  journal={arXiv preprint arXiv:2501.19214},
  year={2025}
}

@inproceedings{ma2020quadratically,
  title={Quadratically regularized subgradient methods for weakly convex optimization with weakly convex constraints},
  author={Ma, Runchao and Lin, Qihang and Yang, Tianbao},
  booktitle={International Conference on Machine Learning},
  pages={6554--6564},
  volume={119},
  year={2020},
  organization={PMLR}
}

@article{melo2020iteration,
  title={Iteration-complexity of an inexact proximal accelerated augmented {L}agrangian method for solving linearly constrained smooth nonconvex composite optimization problems},
  author={Melo, Jefferson G. and Monteiro, Renato D.C. and Wang, Hairong},
  journal={arXiv preprint arXiv:2006.08048},
  year={2020}
}

@incollection{powell1969method,
  title={A method for nonlinear constraints in minimization problems},
  author={Powell, Michael J.D.},
  booktitle={Optimization},
  pages={283--298},
  year={1969},
  publisher={Academic Press}
}

@article{pu2024smoothed,
  title={Smoothed proximal {L}agrangian method for nonlinear constrained programs},
  author={Pu, Wenqiang and Sun, Kaizhao and Zhang, Jiawei},
  journal={arXiv preprint arXiv:2408.15047},
  year={2024}
}

@article{rockafellar1973dual,
  title={A dual approach to solving nonlinear programming problems by unconstrained optimization},
  author={Rockafellar, R. Tyrrell},
  journal={Mathematical Programming},
  volume={5},
  number={1},
  pages={354--373},
  year={1973},
  publisher={North Holland Publishing Company}
}

@article{rockafellar1973multiplier,
  title={The multiplier method of {H}estenes and {P}owell applied to convex programming},
  author={Rockafellar, R. Tyrrell},
  journal={Journal of Optimization Theory and Applications},
  volume={12},
  number={6},
  pages={555--562},
  year={1973},
  publisher={Plenum Publishing Corporation}
}

@article{rockafellar1974augmented,
  title={Augmented {L}agrange multiplier functions and duality in nonconvex programming},
  author={Rockafellar, R. Tyrrell},
  journal={SIAM Journal on Control},
  volume={12},
  number={2},
  pages={268--285},
  year={1974},
  publisher={SIAM}
}

@article{rockafellar1976augmented,
  title={Augmented {L}agrangians and applications of the proximal point algorithm in convex programming},
  author={Rockafellar, R. Tyrrell},
  journal={Mathematics of Operations Research},
  volume={1},
  number={2},
  pages={97--116},
  year={1976},
  publisher={TIMS}
}

@article{sahin2019inexact,
  title={An inexact augmented {L}agrangian framework for nonconvex optimization with nonlinear constraints},
  author={Sahin, Mehmet Fatih and Eftekhari, Armin and Alacaoglu, Ahmet and Latorre, Fabian and Cevher, Volkan},
  journal={Advances in Neural Information Processing Systems},
  volume={32},
  pages={13966--13978},
  year={2019}
}

@article{sun2024dual,
  title={Dual Descent Augmented {L}agrangian Method and Alternating Direction Method of Multipliers},
  author={Sun, Kaizhao and Sun, Xu Andy},
  journal={SIAM Journal on Optimization},
  volume={34},
  number={2},
  pages={1679--1707},
  year={2024},
  publisher={SIAM}
}

@article{xu2021first,
  title={First-order methods for constrained convex programming based on linearized augmented {L}agrangian function},
  author={Xu, Yangyang},
  journal={INFORMS Journal on Optimization},
  volume={3},
  number={1},
  pages={89--117},
  year={2021},
  publisher={INFORMS}
}

@article{xu2021iteration,
  title={Iteration complexity of inexact augmented {L}agrangian methods for constrained convex programming},
  author={Xu, Yangyang},
  journal={Mathematical Programming},
  volume={185},
  number={1--2},
  pages={199--244},
  year={2021},
  publisher={Springer}
}

@article{zeng2022moreau,
  title={Moreau envelope augmented {L}agrangian method for nonconvex optimization with linear constraints},
  author={Zeng, Jinshan and Yin, Wotao and Zhou, Ding-Xuan},
  journal={Journal of Scientific Computing},
  volume={91},
  number={2},
  pages={1--36,{ no. }61},
  year={2022},
  publisher={Springer}
}

@article{zhang2020proximal,
  title={A proximal alternating direction method of multiplier for linearly constrained nonconvex minimization},
  author={Zhang, Jiawei and Luo, Zhi-Quan},
  journal={SIAM Journal on Optimization},
  volume={30},
  number={3},
  pages={2272--2302},
  year={2020},
  publisher={SIAM}
}

@article{zhang2022global,
  title={A global dual error bound and its application to the analysis of linearly constrained nonconvex optimization},
  author={Zhang, Jiawei and Luo, Zhi-Quan},
  journal={SIAM Journal on Optimization},
  volume={32},
  number={3},
  pages={2319--2346},
  year={2022},
  publisher={SIAM}
}

@article{zhang2022iteration,
  title={On the iteration complexity of smoothed proximal {ALM} for nonconvex optimization problem with convex constraints},
  author={Zhang, Jiawei and Pu, Wenqiang and Luo, Zhi-Quan},
  journal={arXiv preprint arXiv:2207.06304},
  year={2022}
}

