@book{arrow1958studies,
  title={Studies in Linear and Non-Linear Programming},
  author={Arrow, Kenneth J. and Hurwicz, Leonid and Uzawa, Hirofumi},
  series={Stanford Mathematical Studies in the Social Sciences},
  volume={2},
  year={1958},
  publisher={Stanford University Press}
}

@book{fiacco1968nonlinear,
  title={Nonlinear Programming: Sequential Unconstrained Minimization Techniques},
  author={Fiacco, Anthony V. and McCormick, Garth P.},
  series={RAC Research Series},
  year={1968},
  publisher={Wiley}
}

@book{mangasarian1969nonlinear,
  title={Nonlinear Programming},
  author={Mangasarian, Olvi L.},
  series={McGraw-Hill Series in Systems Science},
  year={1969},
  publisher={McGraw-Hill}
}

@book{rockafellar1970convex,
  title={Convex Analysis},
  author={Rockafellar, R. Tyrrell},
  series={Princeton Mathematical Series},
  volume={28},
  year={1970},
  publisher={Princeton University Press}
}

@book{rockafellar1974conjugate,
  title={Conjugate Duality and Optimization},
  author={Rockafellar, R. Tyrrell},
  series={Regional Conference Series in Applied Mathematics},
  volume={16},
  year={1974},
  publisher={SIAM}
}

@book{bertsekas1982constrained,
  title={Constrained Optimization and Lagrange Multiplier Methods},
  author={Bertsekas, Dimitri P.},
  series={Computer Science and Applied Mathematics},
  year={1982},
  publisher={Academic Press}
}

@book{rockafellar1998variational,
  title={Variational Analysis},
  author={Rockafellar, R. Tyrrell and Wets, Roger J-B},
  volume={317},
  series={Grundlehren der mathematischen Wissenschaften},
  year={1998},
  publisher={Springer}
}

@book{bertsekas1999nonlinear,
  title={Nonlinear Programming},
  author={Bertsekas, Dimitri P.},
  year={1999},
  edition="2nd",
  publisher={Athena Scientific}
}

@book{hiriart2001fundamentals,
  title={Fundamentals of Convex Analysis},
  author={Hiriart-Urruty, Jean-Baptiste and Lemar{\'e}chal, Claude},
  series={Grundlehren Text Editions},
  year={2001},
  publisher={Springer}
}

@book{bertsekas2003convex,
  title={Convex Analysis and Optimization},
  author={Bertsekas, Dimitri P. and Nedic, Angelia and Ozdaglar, Asuman E.},
  year={2003},
  publisher={Athena Scientific}
}

@book{ruszczynski2006nonlinear,
  title={Nonlinear Optimization},
  author={Ruszczynski, Andrzej},
  year={2006},
  publisher={Princeton University Press}
}

@book{beck2017first,
  title={First-Order Methods in Optimization},
  author={Beck, Amir},
  series={MOS-SIAM Series on Optimization},
  volume={25},
  year={2017},
  publisher={SIAM}
}

@book{nesterov2018lectures,
  title={Lectures on Convex Optimization},
  author={Nesterov, Yurii},
  series={Springer Optimization and Its Applications},
  volume={137},
  year={2018},
  edition="2nd",
  publisher={Springer}
}

@phdthesis{huang2024constrained,
  title={Constrained Optimization Techniques for Machine Learning Under Error Bound Conditions},
  author={Huang, Yankun},
  year={2024},
  school={The University of Iowa}
}

@incollection{kuhn1951nonlinear,
  title={Nonlinear pogramming},
  author={Kuhn, Harold W. and Tucker, Albert W.},
  booktitle={Proceedings of the 2nd Berkeley Symposium on Mathematical Statistics and Probability},
  pages={481--492},
  year={1951},
  publisher={University of California Press}
}

@incollection{powell1969method,
  title={A method for nonlinear constraints in minimization problems},
  author={Powell, Michael J.D.},
  booktitle={Optimization},
  pages={283--298},
  year={1969},
  publisher={Academic Press}
}

@incollection{fletcher1985l,
  title={An $\ell_1$ penalty method for nonlinear constraints},
  author={Fletcher, Roger},
  booktitle={Numerical Optimization 1984},
  pages={26--40},
  year={1985},
  publisher={SIAM Publications Philadelphia}
}

@incollection{lewis1998error,
  title={Error bounds for convex inequality systems},
  author={Lewis, Adrian S. and Pang, Jong-Shi},
  booktitle={Generalized Convexity, Generalized Monotonicity: Recent Results},
  pages={75--110},
  year={1998},
  publisher={Kluwer Academic Publishers}
}

@techreport{weston1998multi,
  title={Multi-class support vector machines},
  author={Weston, Jason and Watkins, Chris},
  year={1998},
  institution={Department of Computer Science, University of London}
}

@article{robbins1951stochastic,
  title={A stochastic approximation method},
  author={Robbins, Herbert and Monro, Sutton},
  journal={The Annals of Mathematical Statistics},
  pages={400--407},
  year={1951},
  publisher={JSTOR}
}

@article{hoffman1952approximate,
  title={On Approximate Solutions of Systems of Linear Inequalities},
  author={Hoffman, Alan J.},
  journal={Journal of Research of the National Bureau of Standards},
  volume={49},
  number={4},
  pages={263--265},
  year={1952}
}

@article{lojasiewicz1963propriete,
  title={Une propri{\'e}t{\'e} topologique des sous-ensembles analytiques r{\'e}els},
  author={≈Åojasiewicz, Stanislaw},
  journal={Les {\'e}quations aux d{\'e}riv{\'e}es partielles},
  volume={117},
  pages={87--89},
  year={1963}
}

@article{eremin1965relaxation,
  title={The relaxation method of solving systems of inequalities with convex functions on the left-hand side},
  author={Eremin, Ivan I.},
  journal={Doklady Akademii Nauk},
  volume={160},
  number={5},
  pages={994--996},
  year={1965},
  organization={Russian Academy of Sciences}
}

@article{danskin1966,
  title={The Theory of Max-Min, with Applications},
  author={Danskin, John M.},
  journal={SIAM Journal on Applied Mathematics},
  year={1966},
  volume={14},
  number={4},
  pages={641-664}
}

@article{polyak1967switching,
  author={Polyak, Boris T.},
  title={A general method of solving extremum problems},
  journal={Soviet Mathematics Doklady},
  year={1967},
  volume={8},
  number={3},
  pages={593-597},
}

@article{polyak1969minimization,
  title={Minimization of unsmooth functionals},
  author={Polyak, Boris T.},
  journal={USSR Computational Mathematics and Mathematical Physics},
  volume={9},
  number={3},
  pages={14--29},
  year={1969},
  publisher={Elsevier}
}

@article{hestenes1969multiplier,
  title={Multiplier and gradient methods},
  author={Hestenes, Magnus R.},
  journal={Journal of Optimization Theory and Applications},
  volume={4},
  number={5},
  pages={303--320},
  year={1969},
  publisher={Plenum Publishing Corporation}
}
@article{rockafellar1973dual,
  title={A dual approach to solving nonlinear programming problems by unconstrained optimization},
  author={Rockafellar, R. Tyrrell},
  journal={Mathematical Programming},
  volume={5},
  number={1},
  pages={354--373},
  year={1973},
  publisher={North Holland Publishing Company}
}

@article{rockafellar1973multiplier,
  title={The multiplier method of {H}estenes and {P}owell applied to convex programming},
  author={Rockafellar, R. Tyrrell},
  journal={Journal of Optimization Theory and Applications},
  volume={12},
  number={6},
  pages={555--562},
  year={1973},
  publisher={Plenum Publishing Corporation}
}

@article{rockafellar1974augmented,
  title={Augmented {L}agrange multiplier functions and duality in nonconvex programming},
  author={Rockafellar, R. Tyrrell},
  journal={SIAM Journal on Control},
  volume={12},
  number={2},
  pages={268--285},
  year={1974},
  publisher={SIAM}
}

@article{rockafellar1976augmented,
  title={Augmented {L}agrangians and applications of the proximal point algorithm in convex programming},
  author={Rockafellar, R. Tyrrell},
  journal={Mathematics of Operations Research},
  volume={1},
  number={2},
  pages={97--116},
  year={1976},
  publisher={TIMS}
}

@article{korpelevich1976extragrad,
  title={The extragradient method for finding saddle points and other problems},
  author={Korpelevich, Galina M.},
  journal={Ekonomika i Matematicheskie Metody},
  volume={12},
  number={4},
  pages={747--756},
  year={1976}
}

@article{di1979new,
  title={A new class of augmented {L}agrangians in nonlinear programming},
  author={Di Pillo, Gianni and Grippo, Luigi},
  journal={SIAM Journal on Control and Optimization},
  volume={17},
  number={5},
  pages={618--628},
  year={1979},
  publisher={SIAM}
}

@article{di1982new,
  title={A new augmented {L}agrangian function for inequality constraints in nonlinear programming problems},
  author={Di Pillo, Gianni and Grippo, Luigi},
  journal={Journal of Optimization Theory and Applications},
  volume={36},
  number={4},
  pages={495--519},
  year={1982},
  publisher={Plenum Publishing Corporation}
}

@article{nesterov1983method,
  title={A method for solving the convex programming problem with convergence rate $\mathcal{O}(1/k^2)$)},
  author={Nesterov, Yurii},
  journal={Doklady Akademii Nauk SSSR},
  volume={269},
  number={3},
  pages={543--547},
  year={1983}
}

@article{vial1983strong,
  title={Strong and weak convexity of sets and functions},
  author={Vial, Jean-Philippe},
  journal={Mathematics of Operations Research},
  volume={8},
  number={2},
  pages={231--259},
  year={1983},
  publisher={TIMS}
}

@article{pang1987posteriori,
  title={A posteriori error bounds for the linearly-constrained variational inequality problem},
  author={Pang, Jong-Shi},
  journal={Mathematics of Operations Research},
  volume={12},
  number={3},
  pages={474--484},
  year={1987},
  publisher={TIMS/ORSA}
}

@article{di1988exactness,
  title={On the exactness of a class of nondifferentiable penalty functions},
  author={Di Pillo, Gianni and Grippo, Luigi},
  journal={Journal of Optimization Theory and Applications},
  volume={57},
  number={3},
  pages={399--410},
  year={1988},
  publisher={Plenum Publishing Corporation}
}

@article{di1989exact,
  title={Exact penalty functions in constrained optimization},
  author={Di Pillo, Gianni and Grippo, Luigi},
  journal={SIAM Journal on Control and Optimization},
  volume={27},
  number={6},
  pages={1333--1360},
  year={1989},
  publisher={SIAM}
}

@article{luo1994error,
  title={Error bounds for analytic systems and their applications},
  author={Luo, Zhi-Quan and Pang, Jong-Shi},
  journal={Mathematical Programming},
  volume={67},
  number={1--3},
  pages={1--28},
  year={1994},
  publisher={Elsevier}
}

@article{guler1995approximations,
  title={Approximations to solutions to systems of linear inequalities},
  author={G{\"u}ler, Osman and Hoffman, Alan J. and Rothblum, Uriel G.},
  journal={SIAM Journal on Matrix Analysis and Applications},
  volume={16},
  number={2},
  pages={688--696},
  year={1995},
  publisher={SIAM}
}

@article{pang1997error,
  title={Error bounds in mathematical programming},
  author={Pang, Jong-Shi},
  journal={Mathematical Programming},
  volume={79},
  number={1--3},
  pages={299--332},
  year={1997},
  publisher={Elsevier}
}

@article{li1997abadie,
  title={Abadie's constraint qualification, metric regularity, and error bounds for differentiable convex inequalities},
  author={Li, Wu},
  journal={SIAM Journal on Optimization},
  volume={7},
  number={4},
  pages={966--978},
  year={1997},
  publisher={SIAM}
}

@article{wachter2006implementation,
  title={On the implementation of an interior-point filter line-search algorithm for large-scale nonlinear programming},
  author={W{\"a}chter, Andreas and Biegler, Lorenz T.},
  journal={Mathematical Programming},
  volume={106},
  number={1},
  pages={25--57},
  year={2006},
  publisher={Springer}
}

@article{andreani2008augmented,
  title={On augmented {L}agrangian methods with general lower-level constraints},
  author={Andreani, Roberto and Birgin, Ernesto G. and Mart{\'\i}nez, Jos{\'e} Mario and Schuverdt, Mar{\'\i}a Laura},
  journal={SIAM Journal on Optimization},
  volume={18},
  number={4},
  pages={1286--1309},
  year={2008},
  publisher={SIAM}
}

@article{beck2009fast,
  title={A fast iterative shrinkage-thresholding algorithm for linear inverse problems},
  author={Beck, Amir and Teboulle, Marc},
  journal={SIAM Journal on Imaging Sciences},
  volume={2},
  number={1},
  pages={183--202},
  year={2009},
  publisher={SIAM}
}

@article{he2010acceleration,
  title={On the acceleration of augmented {L}agrangian method for linearly constrained optimization},
  author={He, Bingsheng and Yuan, Xiaoming},
  journal={Optimization Online},
  url={https://optimization-online.org/?p=11288},
  year={2010}
}

@article{rigollet2011neyman,
  title = {Neyman-{P}earson classification, convexity and stochastic constraints},
  author = {Rigollet, Philippe and Tong, Xin},
  journal = {Journal of Machine Learning Research},
  year = {2011},
  volume = {12},
  pages = {2831--2855}
}

@article{cartis2011evaluation,
  title={On the evaluation complexity of composite function minimization with applications to nonconvex nonlinear programming},
  author={Cartis, Coralia and Gould, Nicholas I.M. and Toint, Philippe L.},
  journal={SIAM Journal on Optimization},
  year={2011},
  volume={21},
  pages={1721--1739},
  number={4},
  publisher={SIAM}
}

@article{chambolle2011first,
  title={A first-order primal-dual algorithm for convex problems with applications to imaging},
  author={Chambolle, Antonin and Pock, Thomas},
  journal={Journal of Mathematical Imaging and Vision},
  volume={40},
  number={1},
  pages={120--145},
  year={2011},
  publisher={Springer}
}

@article{di2011exact,
  title={An exact penalty-{L}agrangian approach for large-scale nonlinear programming},
  author={Di Pillo, Gianni and Liuzzi, Giampaolo and Lucidi, Stefano},
  journal={Optimization},
  volume={60},
  number={1--2},
  pages={223--252},
  year={2011},
  publisher={Taylor \& Francis}
}

@article{han2012note,
  title={A note on the alternating direction method of multipliers},
  author={Han, Deren and Yuan, Xiaoming},
  journal={Journal of Optimization Theory and Applications},
  volume={155},
  number={1},
  pages={227--238},
  year={2012},
  publisher={Springer}
}

@article{he2012convergence,
  title={Convergence analysis of primal-dual algorithms for a saddle-point problem: From contraction perspective},
  author={He, Bingsheng and Yuan, Xiaoming},
  journal={SIAM Journal on Imaging Sciences},
  volume={5},
  number={1},
  pages={119--149},
  year={2012},
  publisher={SIAM}
}

@article{nesterov2013gradient,
  title={Gradient methods for minimizing composite functions},
  author={Nesterov, Yurii},
  journal={Mathematical Programming},
  volume={140},
  number={1},
  pages={125--161},
  year={2013},
  publisher={Springer}
}

@article{monteiro2013iteration,
  title={Iteration-complexity of block-decomposition algorithms and the alternating direction method of multipliers},
  author={Monteiro, Renato D.C. and Svaiter, Benar F.},
  journal={SIAM Journal on Optimization},
  volume={23},
  number={1},
  pages={475--507},
  year={2013},
  publisher={SIAM}
}

@article{auslender2013extended,
  title={An extended sequential quadratically constrained quadratic programming algorithm for nonlinear, semidefinite, and second-order cone programming},
  author={Auslender, Alfred},
  journal={Journal of Optimization Theory and Applications},
  volume={156},
  number={2},
  pages={183--212},
  year={2013},
  publisher={Springer}
}

@article{xu2013block,
  title={A block coordinate descent method for regularized multiconvex optimization with applications to nonnegative tensor factorization and completion},
  author={Xu, Yangyang and Yin, Wotao},
  journal={SIAM Journal on Imaging Sciences},
  volume={6},
  number={3},
  pages={1758--1789},
  year={2013},
  publisher={SIAM}
}

@article{aybat2013augmented,
  title={An augmented {L}agrangian method for conic convex programming},
  author={Aybat, Necdet Serhat and Iyengar, Garud},
  journal={arXiv preprint arXiv:1302.6322},
  year={2013}
}

@article{bolte2014proximal,
  title={Proximal alternating linearized minimization for nonconvex and nonsmooth problems},
  author={Bolte, J{\'e}r{\^o}me and Sabach, Shoham and Teboulle, Marc},
  journal={Mathematical Programming},
  volume={146},
  number={1--2},
  pages={459--494},
  year={2014},
  publisher={Springer}
}

@article{moro2014data,
  title={A data-driven approach to predict the success of bank telemarketing},
  author={Moro, S{\'e}rgio and Cortez, Paulo and Rita, Paulo},
  journal={Decision Support Systems},
  volume={62},
  pages={22--31},
  year={2014},
  publisher={Elsevier}
}

@article{wang2014convergence,
  title={Convergence of {B}regman alternating direction method with multipliers for nonconvex composite problems},
  author={Wang, Fenghui and Xu, Zongben and Xu, Hong-Kun},
  journal={arXiv preprint arXiv:1410.8625},
  year={2014}
}

@article{curtis2015adaptive,
  title={An adaptive augmented {L}agrangian method for large-scale constrained optimization},
  author={Curtis, Frank E. and Jiang, Hao and Robinson, Daniel P.},
  journal={Mathematical Programming},
  volume={152},
  number={1--2},
  pages={201--245},
  year={2015},
  publisher={Springer}
}

@article{lin2015global,
  title={On the global linear convergence of the {ADMM} with multiblock variables},
  author={Lin, Tianyi and Ma, Shiqian and Zhang, Shuzhong},
  journal={SIAM Journal on Optimization},
  volume={25},
  number={3},
  pages={1478--1497},
  year={2015},
  publisher={SIAM}
}

@article{he2015full,
  title={On full {J}acobian decomposition of the augmented {L}agrangian method for separable convex programming},
  author={He, Bingsheng and Hou, Liusheng and Yuan, Xiaoming},
  journal={SIAM Journal on Optimization},
  volume={25},
  number={4},
  pages={2274--2312},
  year={2015},
  publisher={SIAM}
}

@article{li2015global,
  title={Global convergence of splitting methods for nonconvex composite optimization},
  author={Li, Guoyin and Pong, Ting Kei},
  journal={SIAM Journal on Optimization},
  volume={25},
  number={4},
  pages={2434--2460},
  year={2015},
  publisher={SIAM}
}

@article{lin2015adaptive,
  title={An adaptive accelerated proximal gradient method and its homotopy continuation for sparse optimization},
  author={Lin, Qihang and Xiao, Lin},
  journal={Computational Optimization and Applications},
  volume={60},
  number={3},
  pages={633--674},
  year={2015},
  publisher={Springer}
}

@article{li2015convergent,
  title={A convergent 3-block semi-proximal {ADMM} for convex minimization problems with one strongly convex block},
  author={Li, Min and Sun, Defeng and Toh, Kim-Chuan},
  journal={Asia-Pacific Journal of Operational Research},
  volume={32},
  number={4},
  pages={1-19},
  year={2015},
  publisher={World Scientific}
}

@article{chen2016direct,
  title={The direct extension of {ADMM} for multi-block convex minimization problems is not necessarily convergent},
  author={Chen, Caihua and He, Bingsheng and Ye, Yinyu and Yuan, Xiaoming},
  journal={Mathematical Programming},
  volume={155},
  number={1},
  pages={57--79},
  year={2016},
  publisher={Springer}
}

@article{lan2016iteration,
  title={Iteration-complexity of first-order augmented {L}agrangian methods for convex programming},
  author={Lan, Guanghui and Monteiro, Renato D.C.},
  journal={Mathematical Programming},
  volume={155},
  number={1},
  pages={511--547},
  year={2016},
  publisher={Springer}
}

@article{ghadimi2016accelerated,
  title={Accelerated gradient methods for nonconvex nonlinear and stochastic programming},
  author={Ghadimi, Saeed and Lan, Guanghui},
  journal={Mathematical Programming},
  volume={156},
  number={1--2},
  pages={59--99},
  year={2016},
  publisher={Springer}
}

@article{chambolle2016ergodic,
  title={On the ergodic convergence rates of a first-order primal-dual algorithm},
  author={Chambolle, Antonin and Pock, Thomas},
  journal={Mathematical Programming},
  volume={159},
  number={1--2},
  pages={253--287},
  year={2016},
  publisher={Springer}
}

@article{hong2016convergence,
  title={Convergence analysis of alternating direction method of multipliers for a family of nonconvex problems},
  author={Hong, Mingyi and Luo, Zhi-Quan and Razaviyayn, Meisam},
  journal={SIAM Journal on Optimization},
  volume={26},
  number={1},
  pages={337--364},
  year={2016},
  publisher={SIAM}
}

@article{bolte2016majorization,
  title={Majorization-minimization procedures and convergence of {SQP} methods for semi-algebraic and tame programs},
  author={Bolte, J{\'e}r{\^o}me and Pauwels, Edouard},
  journal={Mathematics of Operations Research},
  volume={41},
  number={2},
  pages={442--465},
  year={2016},
  publisher={INFORMS}
}

@article{deng2016global,
  title={On the global and linear convergence of the generalized alternating direction method of multipliers},
  author={Deng, Wei and Yin, Wotao},
  journal={Journal of Scientific Computing},
  volume={66},
  number={3},
  pages={889--916},
  year={2016},
  publisher={Springer}
}

@article{he2016proximal,
  title={On the proximal {J}acobian decomposition of {ALM} for multiple-block separable convex minimization problems and its relationship to {ADMM}},
  author={He, Bingsheng and Xu, Hong-Kun and Yuan, Xiaoming},
  journal={Journal of Scientific Computing},
  volume={66},
  number={3},
  pages={1204--1217},
  year={2016},
  publisher={Springer}
}

@article{curtis2016adaptive,
  title={Adaptive augmented {L}agrangian methods: Algorithms and practical numerical experience},
  author={Curtis, Frank E. and Gould, Nicholas I.M. and Jiang, Hao and Robinson, Daniel P.},
  journal={Optimization Methods and Software},
  volume={31},
  number={1},
  pages={157--186},
  year={2016},
  publisher={Taylor \& Francis}
}

@article{angwin2016compas,
  title={Machine bias},
  author={Angwin, Julia and Larson, Jeff and Mattu, Surya and Kirchner, Lauren},
  journal={ProPublica, May 23},
  year={2016}
}

@article{hong2016decomposing,
  title={Decomposing linearly constrained nonconvex problems by a proximal primal dual approach: Algorithms, convergence, and applications},
  author={Hong, Mingyi},
  journal={arXiv preprint arXiv:1604.00543},
  year={2016}
}

@article{hong2017linear,
  title={On the linear convergence of the alternating direction method of multipliers},
  author={Hong, Mingyi and Luo, Zhi-Quan},
  journal={Mathematical Programming},
  volume={162},
  number={1--2},
  pages={165--199},
  year={2017},
  publisher={Springer}
}

@article{xu2017globally,
  title={A globally convergent algorithm for nonconvex optimization based on block coordinate update},
  author={Xu, Yangyang and Yin, Wotao},
  journal={Journal of Scientific Computing},
  volume={72},
  number={2},
  pages={700--734},
  year={2017},
  publisher={Springer}
}

@article{zafar2017parity,
  title={From parity to preference-based notions of fairness in classification},
  author={Zafar, Muhammad Bilal and Valera, Isabel and Rodriguez, Manuel and Gummadi, Krishna and Weller, Adrian},
  journal={Advances in Neural Information Processing Systems},
  volume={30},
  pages={228--238},
  year={2017}
}

@article{lee2017distributed,
  title={Distributed stochastic variance reduced gradient methods by sampling extra data with replacement},
  author={Lee, Jason D. and Lin, Qihang and Ma, Tengyu and Yang, Tianbao},
  journal={Journal of Machine Learning Research},
  volume={18},
  number={1},
  pages={4404--4446},
  year={2017},
}

@article{lin2018global,
  title={Global convergence of unmodified 3-block {ADMM} for a class of convex minimization problems},
  author={Lin, Tianyi and Ma, Shiqian and Zhang, Shuzhong},
  journal={Journal of Scientific Computing},
  volume={76},
  number={1},
  pages={69--88},
  year={2018},
  publisher={Springer}
}

@article{yang2018rsg,
  title={{RSG}: Beating subgradient method without smoothness and strong convexity},
  author={Yang, Tianbao and Lin, Qihang},
  journal={Journal of Machine Learning Research},
  volume={19},
  number={1},
  pages={236--268},
  year={2018}
}

@article{zhang2018convergence,
  author={Zhang, Siqi and He, Niao},
  title={On the convergence rate of stochastic mirror descent for nonsmooth nonconvex optimization},
  journal={arXiv preprint arXiv:1806.04781},
  year={2018},
}

@article{davis2018stochastic,
  title={Stochastic subgradient method converges at the rate ${O}(k^{-1/4})$ on weakly convex functions},
  author={Davis, Damek and Drusvyatskiy, Dmitriy},
  journal={arXiv preprint arXiv:1802.02988},
  year={2018}
}

@article{davis2018subgradient,
  title={Subgradient methods for sharp weakly convex functions},
  author={Davis, Damek and Drusvyatskiy, Dmitriy and MacPhee, Kellie J. and Paquette, Courtney},
  journal={Journal of Optimization Theory and Applications},
  volume={179},
  number={3},
  pages={962--982},
  year={2018},
  publisher={Springer}
}

@article{davis2019stochastic,
  title={Stochastic model-based minimization of weakly convex functions},
  author={Davis, Damek and Drusvyatskiy, Dmitriy},
  journal={SIAM Journal on Optimization},
  volume={29},
  number={1},
  pages={207--239},
  year={2019},
  publisher={SIAM}
}

@article{davis2019proximally,
  title={Proximally guided stochastic subgradient method for nonsmooth, nonconvex problems},
  author={Davis, Damek and Grimmer, Benjamin},
  journal={SIAM Journal on Optimization},
  volume={29},
  number={3},
  pages={1908--1930},
  year={2019},
  publisher={SIAM}
}

@article{hajinezhad2019perturbed,
  title={Perturbed proximal primal-dual algorithm for nonconvex nonsmooth optimization},
  author={Hajinezhad, Davood and Hong, Mingyi},
  journal={Mathematical Programming},
  volume={176},
  number={1--2},
  pages={207--245},
  year={2019},
  publisher={Springer}
}

@article{drusvyatskiy2019efficiency,
  title={Efficiency of minimizing compositions of convex functions and smooth maps},
  author={Drusvyatskiy, Dmitriy and Paquette, Courtney},
  journal={Mathematical Programming},
  volume={178},
  number={1--2},
  pages={503--558},
  year={2019},
  publisher={Springer}
}

@article{kong2020efficient,
  title={An efficient adaptive accelerated inexact proximal point method for solving linearly constrained nonconvex composite problems},
  author={Kong, Weiwei and Melo, Jefferson G. and Monteiro, Renato D.C.},
  journal={Computational Optimization and Applications},
  volume={76},
  number={2},
  pages={305--346},
  year={2020},
  publisher={Springer}
}

@article{kong2019complexity,
  title={Complexity of a quadratic penalty accelerated inexact proximal point method for solving linearly constrained nonconvex composite programs},
  author={Kong, Weiwei and Melo, Jefferson G. and Monteiro, Renato D.C.},
  journal={SIAM Journal on Optimization},
  volume={29},
  number={4},
  pages={2566--2593},
  year={2019},
  publisher={SIAM}
}

@article{liu2019nonergodic,
  title={On the nonergodic convergence rate of an inexact augmented {L}agrangian framework for composite convex programming},
  author={Liu, Ya-Feng and Liu, Xin and Ma, Shiqian},
  journal={Mathematics of Operations Research},
  volume={44},
  number={2},
  pages={632--650},
  year={2019},
  publisher={INFORMS}
}

@article{zafar2019fairness,
  title={Fairness constraints: A flexible approach for fair classification},
  author={Zafar, Muhammad Bilal and Valera, Isabel and Gomez-Rodriguez, Manuel and Gummadi, Krishna P.},
  journal={Journal of Machine Learning Research},
  volume={20},
  pages={2737--2778},
  year={2019}
}

@article{sahin2019inexact,
  title={An inexact augmented {L}agrangian framework for nonconvex optimization with nonlinear constraints},
  author={Sahin, Mehmet Fatih and Eftekhari, Armin and Alacaoglu, Ahmet and Latorre, Fabian and Cevher, Volkan},
  journal={Advances in Neural Information Processing Systems},
  volume={32},
  pages={13966--13978},
  year={2019}
}

@article{jiang2019structured,
  title={Structured nonconvex and nonsmooth optimization: Algorithms and iteration complexity analysis},
  author={Jiang, Bo and Lin, Tianyi and Ma, Shiqian and Zhang, Shuzhong},
  journal={Computational Optimization and Applications},
  volume={72},
  number={1},
  pages={115--157},
  year={2019},
  publisher={Springer}
}

@article{wang2019global,
  title={Global convergence of {ADMM} in nonconvex nonsmooth optimization},
  author={Wang, Yu and Yin, Wotao and Zeng, Jinshan},
  journal={Journal of Scientific Computing},
  volume={78},
  number={1},
  pages={29--63},
  year={2019},
  publisher={Springer}
}

@article{lin2019inexact,
  title={Inexact proximal-point penalty methods for constrained non-convex optimization},
  author={Lin, Qihang and Ma, Runchao and Xu, Yangyang},
  journal={arXiv preprint arXiv:1908.11518},
  year={2019}
}

@article{johnstone2020faster,
  title={Faster subgradient methods for functions with {H}{\"o}lderian growth},
  author={Johnstone, Patrick R. and Moulin, Pierre},
  journal={Mathematical Programming},
  volume={180},
  number={1--2},
  pages={417--450},
  year={2020},
  publisher={Springer}
}

@article{royer2020newton,
  title={A {Newton-CG} algorithm with complexity guarantees for smooth unconstrained optimization},
  author={Royer, Cl{\'e}ment W. and O‚ÄôNeill, Michael and Wright, Stephen J.},
  journal={Mathematical Programming},
  volume={180},
  number={1--2},
  pages={451--488},
  year={2020},
  publisher={Springer}
}

@article{carmon2020lower,
  title={Lower bounds for finding stationary points {I}},
  author={Carmon, Yair and Duchi, John C. and Hinder, Oliver and Sidford, Aaron},
  journal={Mathematical Programming},
  volume={184},
  number={1--2},
  pages={71--120},
  year={2020},
  publisher={Springer}
}

@article{zhang2020proximal,
  title={A proximal alternating direction method of multiplier for linearly constrained nonconvex minimization},
  author={Zhang, Jiawei and Luo, Zhi-Quan},
  journal={SIAM Journal on Optimization},
  volume={30},
  number={3},
  pages={2272--2302},
  year={2020},
  publisher={SIAM}
}

@article{jian2020monotone,
  title={Monotone splitting sequential quadratic optimization algorithm with applications in electric power systems},
  author={Jian, Jinbao and Zhang, Chen and Yin, Jianghua and Yang, Linfeng and Ma, Guodong},
  journal={Journal of Optimization Theory and Applications},
  volume={186},
  number={1},
  pages={226--247},
  year={2020},
  publisher={Springer}
}

@article{gao2020admm,
  title={{ADMM} for multiaffine constrained optimization},
  author={Gao, Wenbo and Goldfarb, Donald and Curtis, Frank E.},
  journal={Optimization Methods and Software},
  volume={35},
  number={2},
  pages={257--303},
  year={2020},
  publisher={Taylor \& Francis}
}

@article{zhang2020single,
  title={A single-loop smoothed gradient descent-ascent algorithm for nonconvex-concave min-max problems},
  author={Zhang, Jiawei and Xiao, Peijun and Sun, Ruoyu and Luo, Zhiquan},
  journal={Advances in Neural Information Processing Systems},
  volume={33},
  pages={7377--7389},
  year={2020}
}

@article{boob2020feasible,
  title={A feasible level proximal point method for nonconvex sparse constrained optimization},
  author={Boob, Digvijay and Deng, Qi and Lan, Guanghui and Wang, Yilin},
  journal={Advances in Neural Information Processing Systems},
  volume={33},
  pages={16773--16784},
  year={2020}
}

@article{melo2020iteration,
  title={Iteration-complexity of an inexact proximal accelerated augmented {L}agrangian method for solving linearly constrained smooth nonconvex composite optimization problems},
  author={Melo, Jefferson G. and Monteiro, Renato D.C. and Wang, Hairong},
  journal={arXiv preprint arXiv:2006.08048},
  year={2020}
}

@article{lin2020parameter,
  title={A Parameter-free and Projection-free Restarting Level Set Method for Adaptive Constrained Convex Optimization Under the Error Bound Condition},
  author={Lin, Qihang and Ma, Runchao and Nadarajah, Selvaprabu and Soheili, Negar},
  journal={arXiv preprint arXiv:2010.15267},
  year={2020}
}

@article{xu2021iteration,
  title={Iteration complexity of inexact augmented {L}agrangian methods for constrained convex programming},
  author={Xu, Yangyang},
  journal={Mathematical Programming},
  volume={185},
  number={1--2},
  pages={199--244},
  year={2021},
  publisher={Springer}
}

@article{carmon2021lower,
  title={Lower bounds for finding stationary points {II}: First-order methods},
  author={Carmon, Yair and Duchi, John C. and Hinder, Oliver and Sidford, Aaron},
  journal={Mathematical Programming},
  volume={185},
  number={1--2},
  pages={315--355},
  year={2021},
  publisher={Springer}
}

@article{hamedani2021primal,
  title={A primal-dual algorithm with line search for general convex-concave saddle point problems},
  author={Hamedani, Erfan Yazdandoost and Aybat, Necdet Serhat},
  journal={SIAM Journal on Optimization},
  volume={31},
  number={2},
  pages={1299--1329},
  year={2021},
  publisher={SIAM},
}

@article{berahas2021sequential,
  title={Sequential quadratic optimization for nonlinear equality constrained stochastic optimization},
  author={Berahas, Albert S. and Curtis, Frank E. and Robinson, Daniel and Zhou, Baoyu},
  journal={SIAM Journal on Optimization},
  volume={31},
  number={2},
  pages={1352--1379},
  year={2021},
  publisher={SIAM}
}

@article{facchinei2021ghost,
  title={Ghost penalties in nonconvex constrained optimization: Diminishing stepsizes and iteration complexity},
  author={Facchinei, Francisco and Kungurtsev, Vyacheslav and Lampariello, Lorenzo and Scutari, Gesualdo},
  journal={Mathematics of Operations Research},
  volume={46},
  number={2},
  pages={595--627},
  year={2021},
  publisher={INFORMS}
}

@article{xie2021complexity,
  title={Complexity of proximal augmented {L}agrangian for nonconvex optimization with nonlinear equality constraints},
  author={Xie, Yue and Wright, Stephen J.},
  journal={Journal of Scientific Computing},
  volume={86},
  number={3},
  pages={1--30},
  year={2021},
  publisher={Springer}
}

@article{li2021inexact,
  title={An inexact proximal augmented {L}agrangian framework with arbitrary linearly convergent inner solver for composite convex optimization},
  author={Li, Fei and Qu, Zheng},
  journal={Mathematical Programming Computation},
  volume={13},
  number={3},
  pages={583--644},
  year={2021},
  publisher={Springer}
}

@article{xu2021first,
  title={First-order methods for constrained convex programming based on linearized augmented {L}agrangian function},
  author={Xu, Yangyang},
  journal={INFORMS Journal on Optimization},
  volume={3},
  number={1},
  pages={89--117},
  year={2021},
  publisher={INFORMS}
}

@article{li2021augmented,
  title={Augmented {L}agrangian-based first-order methods for convex-constrained programs with weakly convex objective},
  author={Li, Zichong and Xu, Yangyang},
  journal={INFORMS Journal on Optimization},
  volume={3},
  number={4},
  pages={373--397},
  year={2021},
  publisher={INFORMS}
}

@article{alacaoglu2021convergence,
  title={Convergence of adaptive algorithms for constrained weakly convex optimization},
  author={Alacaoglu, Ahmet and Malitsky, Yura and Cevher, Volkan},
  journal={Advances in Neural Information Processing Systems},
  volume={34},
  pages={14214--14225},
  year={2021}
}

@article{deng2021minibatch,
  title={Minibatch and Momentum Model-based Methods for Stochastic Weakly Convex Optimization},
  author={Deng, Qi and Gao, Wenzhi},
  journal={Advances in Neural Information Processing Systems},
  volume={34},
  pages={23115--23127},
  year={2021}
}

@article{curtis2021inexact,
  title={Inexact sequential quadratic optimization for minimizing a stochastic objective function subject to deterministic nonlinear equality constraints},
  author={Curtis, Frank E. and Robinson, Daniel P. and Zhou, Baoyu},
  journal={arXiv preprint arXiv:2107.03512},
  year={2021}
}

@article{xu2022first,
  title={First-order methods for problems with {$\mathcal{O}(1)$} functional constraints can have almost the same convergence rate as for unconstrained problems},
  author={Xu, Yangyang},
  journal={SIAM Journal on Optimization},
  volume={32},
  number={3},
  pages={1759--1790},
  year={2022},
  publisher={SIAM}
}

@article{zhang2022global,
  title={A global dual error bound and its application to the analysis of linearly constrained nonconvex optimization},
  author={Zhang, Jiawei and Luo, Zhi-Quan},
  journal={SIAM Journal on Optimization},
  volume={32},
  number={3},
  pages={2319--2346},
  year={2022},
  publisher={SIAM}
}

@article{lin2022complexity,
  title={Complexity of an inexact proximal-point penalty method for constrained smooth non-convex optimization},
  author={Lin, Qihang and Ma, Runchao and Xu, Yangyang},
  journal={Computational Optimization and Applications},
  volume={82},
  number={1},
  pages={175--224},
  year={2022},
  publisher={Springer}
}

@article{jin2022stochastic,
  title={A stochastic primal-dual method for a class of nonconvex constrained optimization},
  author={Jin, Lingzi and Wang, Xiao},
  journal={Computational Optimization and Applications},
  volume={83},
  number={1},
  pages={143--180},
  year={2022},
  publisher={Springer}
}

@article{zeng2022moreau,
  title={Moreau envelope augmented {L}agrangian method for nonconvex optimization with linear constraints},
  author={Zeng, Jinshan and Yin, Wotao and Zhou, Ding-Xuan},
  journal={Journal of Scientific Computing},
  volume={91},
  number={2},
  pages={1--36,{ no. }61},
  year={2022},
  publisher={Springer}
}

@article{rafique2022weakly,
  title={Weakly-convex-concave min-max optimization: Provable algorithms and applications in machine learning},
  author={Rafique, Hassan and Liu, Mingrui and Lin, Qihang and Yang, Tianbao},
  journal={Optimization Methods and Software},
  volume={37},
  number={3},
  pages={1087--1121},
  year={2022},
  publisher={Taylor \& Francis}
}

@article{boob2022level,
  title={Level Constrained First Order Methods for Function Constrained Optimization},
  author={Boob, Digvijay and Deng, Qi and Lan, Guanghui},
  journal={arXiv preprint arXiv:2205.08011},
  year={2022}
}

@article{berahas2022adaptive,
  title={An adaptive sampling sequential quadratic programming method for equality constrained stochastic optimization},
  author={Berahas, Albert S. and Bollapragada, Raghu and Zhou, Baoyu},
  journal={arXiv preprint arXiv:2206.00712},
  year={2022}
}

@article{zhang2022iteration,
  title={On the iteration complexity of smoothed proximal {ALM} for nonconvex optimization problem with convex constraints},
  author={Zhang, Jiawei and Pu, Wenqiang and Luo, Zhi-Quan},
  journal={arXiv preprint arXiv:2207.06304},
  year={2022}
}

@article{kornowski2022complexity,
  title={On the complexity of finding small subgradients in nonsmooth optimization},
  author={Kornowski, Guy and Shamir, Ohad},
  journal={arXiv preprint arXiv:2209.10346},
  year={2022}
}

@article{cheng2022functional,
  title={Functional Constrained Optimization for Risk Aversion and Sparsity Control},
  author={Cheng, Yi and Lan, Guanghui and Romeijn, H. Edwin},
  journal={arXiv preprint arXiv:2210.05108},
  year={2022}
}

@article{jia2022first,
  title={First-Order Methods for Nonsmooth Nonconvex Functional Constrained Optimization with or without {S}later Points},
  author={Jia, Zhichao and Grimmer, Benjamin},
  journal={arXiv preprint arXiv:2212.00927},
  year={2022}
}

@article{boob2023stochastic,
  title={Stochastic first-order methods for convex and nonconvex functional constrained optimization},
  author={Boob, Digvijay and Deng, Qi and Lan, Guanghui},
  journal={Mathematical Programming},
  volume={197},
  number={1},
  pages={215--279},
  year={2023},
  publisher={Springer}
}

@article{arjevani2023lower,
  title={Lower bounds for non-convex stochastic optimization},
  author={Arjevani, Yossi and Carmon, Yair and Duchi, John C. and Foster, Dylan J. and Srebro, Nathan and Woodworth, Blake},
  journal={Mathematical Programming},
  volume={199},
  number={1--2},
  pages={165--214},
  year={2023},
  publisher={Springer}
}

@article{kong2023iteration-SIOPT,
  title={Iteration complexity of an inner accelerated inexact proximal augmented {L}agrangian method based on the classical {L}agrangian function},
  author={Kong, Weiwei and Melo, Jefferson G. and Monteiro, Renato D.C.},
  journal={SIAM Journal on Optimization},
  volume={33},
  number={1},
  pages={181--210},
  year={2023},
  publisher={SIAM}
}

@article{lu2023iteration,
  title={Iteration-complexity of first-order augmented {L}agrangian methods for convex conic programming},
  author={Lu, Zhaosong and Zhou, Zirui},
  journal={SIAM journal on optimization},
  volume={33},
  number={2},
  pages={1159--1190},
  year={2023},
  publisher={SIAM}
}

@article{kong2023iteration-MathOR,
  title={Iteration complexity of a proximal augmented {L}agrangian method for solving nonconvex composite optimization problems with nonlinear convex constraints},
  author={Kong, Weiwei and Melo, Jefferson G. and Monteiro, Renato D.C.},
  journal={Mathematics of Operations Research},
  volume={48},
  number={2},
  pages={1066--1094},
  year={2023},
  publisher={INFORMS}
}

@article{sun2023two,
  title={A two-level distributed algorithm for nonconvex constrained optimization},
  author={Sun, Kaizhao and Sun, Xu Andy},
  journal={Computational Optimization and Applications},
  volume={84},
  number={2},
  pages={609--649},
  year={2023},
  publisher={Springer}
}

@article{kong2023accelerated,
  title={An accelerated inexact dampened augmented {L}agrangian method for linearly-constrained nonconvex composite optimization problems},
  author={Kong, Weiwei and Monteiro, Renato D.C.},
  journal={Computational Optimization and Applications},
  volume={85},
  number={2},
  pages={509--545},
  year={2023},
  publisher={Springer}
}

@article{berahas2023accelerating,
  title={Accelerating stochastic sequential quadratic programming for equality constrained optimization using predictive variance reduction},
  author={Berahas, Albert S. and Shi, Jiahao and Yi, Zihong and Zhou, Baoyu},
  journal={Computational Optimization and Applications},
  volume={86},
  number={1},
  pages={79--116},
  year={2023},
  publisher={Springer}
}

@article{sun2023algorithms,
  title={Algorithms for difference-of-convex programs based on difference-of-{M}oreau-envelopes smoothing},
  author={Sun, Kaizhao and Sun, Xu Andy},
  journal={INFORMS Journal on Optimization},
  volume={5},
  number={4},
  pages={321--339},
  year={2023},
  publisher={INFORMS}
}

@article{sujanani2023adaptive,
  title={An adaptive superfast inexact proximal augmented {L}agrangian method for smooth nonconvex composite optimization problems},
  author={Sujanani, Arnesh and Monteiro, Renato D.C.},
  journal={Journal of Scientific Computing},
  volume={97},
  number={2},
  pages={34},
  year={2023},
  publisher={Springer}
}

@article{huang2023oracle,
  title={Oracle Complexity of Single-Loop Switching Subgradient Methods for Non-Smooth Weakly Convex Functional Constrained Optimization},
  author={Huang, Yankun and Lin, Qihang},
  journal={Advances in Neural Information Processing Systems},
  volume={36},
  pages={61327--61340},
  year={2023}
}

@article{berahas2023sequential,
  title={A Sequential Quadratic Programming Method with High Probability Complexity Bounds for Nonlinear Equality Constrained Stochastic Optimization},
  author={Berahas, Albert S. and Xie, Miaolan and Zhou, Baoyu},
  journal={arXiv preprint arXiv:2301.00477},
  year={2023}
}

@article{dahal2023damped,
  title={Damped Proximal Augmented {L}agrangian Method for weakly-Convex Problems with Convex Constraints},
  author={Dahal, Hari and Liu, Wei and Xu, Yangyang},
  journal={arXiv preprint arXiv:2311.09065},
  year={2023}
}

@article{curtis2024worst,
  title={Worst-case complexity of an {SQP} method for nonlinear equality constrained stochastic optimization},
  author={Curtis, Frank E. and O‚ÄôNeill, Michael J. and Robinson, Daniel P.},
  journal={Mathematical Programming},
  volume={205},
  number={1},
  pages={431--483},
  year={2024},
  publisher={Springer}
}

@article{sun2024dual,
  title={Dual Descent Augmented {L}agrangian Method and Alternating Direction Method of Multipliers},
  author={Sun, Kaizhao and Sun, Xu Andy},
  journal={SIAM Journal on Optimization},
  volume={34},
  number={2},
  pages={1679--1707},
  year={2024},
  publisher={SIAM}
}

@article{zhu2024first,
  title={A first-order primal-dual method for nonconvex constrained optimization based on the augmented {L}agrangian},
  author={Zhu, Daoli and Zhao, Lei and Zhang, Shuzhong},
  journal={Mathematics of Operations Research},
  volume={49},
  number={1},
  pages={125--150},
  year={2024},
  publisher={INFORMS}
}

@article{berahas2024stochastic,
  title={A stochastic sequential quadratic optimization algorithm for nonlinear-equality-constrained optimization with rank-deficient {J}acobians},
  author={Berahas, Albert S. and Curtis, Frank E. and O‚ÄôNeill, Michael J. and Robinson, Daniel P.},
  journal={Mathematics of Operations Research},
  volume={49},
  number={4},
  pages={2212--2248},
  year={2024},
  publisher={INFORMS}
}

@article{dolgopolik2024exact,
  title={Exact augmented {L}agrangians for constrained optimization problems in {H}ilbert spaces {I}: Theory},
  author={Dolgopolik, Maksim V.},
  journal={Optimization},
  volume={73},
  number={5},
  pages={1355--1395},
  year={2024},
  publisher={Taylor \& Francis}
}

@article{pu2024smoothed,
  title={Smoothed proximal {L}agrangian method for nonlinear constrained programs},
  author={Pu, Wenqiang and Sun, Kaizhao and Zhang, Jiawei},
  journal={arXiv preprint arXiv:2408.15047},
  year={2024}
}

@article{liu2025single,
  title={A single-loop {SPIDER}-type stochastic subgradient method for expectation-constrained nonconvex nonsmooth optimization},
  author={Liu, Wei and Xu, Yangyang},
  journal={arXiv preprint arXiv:2501.19214},
  year={2025}
}

@inproceedings{kohavi1996scaling,
  title={Scaling up the accuracy of naive-{B}ayes classifiers: A decision-tree hybrid},
  author={Kohavi, Ron},
  booktitle={KDD'96: Proceedings of the 2nd International Conference on Knowledge Discovery and Data Mining},
  pages={202--207},
  year={1996}
}

@inproceedings{kurdyka1998gradients,
  title={On gradients of functions definable in o-minimal structures},
  author={Kurdyka, Krzysztof},
  booktitle={Annales de l'institut Fourier},
  volume={48},
  number={3},
  pages={769--783},
  year={1998}
}

@inproceedings{feldman2015certifying,
  title={Certifying and removing disparate impact},
  author={Feldman, Michael and Friedler, Sorelle A. and Moeller, John and Scheidegger, Carlos and Venkatasubramanian, Suresh},
  booktitle={KDD'15: Proceedings of the 21th ACM SIGKDD International Conference on Knowledge Discovery and Data Mining},
  pages={259--268},
  year={2015}
}

@inproceedings{zafar2017fairness,
  title={Fairness constraints: Mechanisms for fair classification},
  author={Zafar, Muhammad Bilal and Valera, Isabel and Rogriguez, Manuel Gomez and Gummadi, Krishna P.},
  booktitle={International Conference on Artificial Intelligence and Statistics},
  pages={962--970},
  year={2017},
  organization={PMLR}
}

@inproceedings{gu2018inexact,
  title={Inexact proximal gradient methods for non-convex and non-smooth optimization},
  author={Gu, Bin and Wang, De and Huo, Zhouyuan and Huang, Heng},
  booktitle={Proceedings of the AAAI Conference on Artificial Intelligence},
  volume={32},
  pages={3093--3100},
  year={2018}
}

@inproceedings{agarwal2018reductions,
  title={A reductions approach to fair classification},
  author={Agarwal, Alekh and Beygelzimer, Alina and Dud{\'\i}k, Miroslav and Langford, John and Wallach, Hanna},
  booktitle={International Conference on Machine Learning},
  pages={60--69},
  volume={80},
  year={2018},
  organization={PMLR}
}

@inproceedings{ma2020quadratically,
  title={Quadratically regularized subgradient methods for weakly convex optimization with weakly convex constraints},
  author={Ma, Runchao and Lin, Qihang and Yang, Tianbao},
  booktitle={International Conference on Machine Learning},
  pages={6554--6564},
  volume={119},
  year={2020},
  organization={PMLR}
}

@inproceedings{vogel2021learning,
  title={Learning fair scoring functions: Bipartite ranking under {ROC}-based fairness constraints},
  author={Vogel, Robin and Bellet, Aur{\'e}lien and Cl{\'e}men{\c{c}}on, St{\'e}phan},
  booktitle={International Conference on Artificial Intelligence and Statistics},
  pages={784--792},
  volume={130},
  year={2021},
  organization={PMLR}
}

@inproceedings{boroun2021inexact,
  title={Inexact-proximal accelerated gradient method for stochastic nonconvex constrained optimization problems},
  author={Boroun, Morteza and Jalilzadeh, Afrooz},
  booktitle={2021 Winter Simulation Conference (WSC)},
  pages={1--12},
  year={2021},
  organization={IEEE}
}

@inproceedings{li2021rate,
  title={Rate-improved inexact augmented {L}agrangian method for constrained nonconvex optimization},
  author={Li, Zichong and Chen, Pin-Yu and Liu, Sijia and Lu, Songtao and Xu, Yangyang},
  booktitle={International Conference on Artificial Intelligence and Statistics},
  pages={2170--2178},
  volume={130},
  year={2021},
  organization={PMLR}
}

@inproceedings{lu2022single,
  title={A single-loop gradient descent and perturbed ascent algorithm for nonconvex functional constrained optimization},
  author={Lu, Songtao},
  booktitle={International Conference on Machine Learning},
  pages={14315--14357},
  volume={162},
  year={2022},
  organization={PMLR}
}

@inproceedings{li2022zeroth,
  title={Zeroth-order optimization for composite problems with functional constraints},
  author={Li, Zichong and Chen, Pin-Yu and Liu, Sijia and Lu, Songtao and Xu, Yangyang},
  booktitle={Proceedings of the AAAI Conference on Artificial Intelligence},
  volume={36},
  pages={7453--7461},
  year={2022}
}

