@inproceedings{Kim2022CrossModalLW,
   title={Cross-modal learning with 3D deformable attention for action recognition},
  author={Kim, Sangwon and Ahn, Dasom and Ko, Byoung Chul},
  booktitle={Proc. IEEE/CVF Int. Conf. Comput. Vis.},
  pages={10265--10275},
  year={2023},
  %doi={10.1109/ICCV51070.2023.00942}}
}

@inproceedings{Liu2024MultiViewAC,
  title={Multi-View Attentive Contextualization for Multi-View 3D Object Detection},
  author={Xianpeng Liu and Ce Zheng and Ming Qian and Nan Xue and Chen Chen and Zhebin Zhang and Chen Li and Tianfu Wu},
  booktitle={Proc. IEEE/CVF Conf. Comput. Vis. Pattern Recognit.},
  year={2024},
  pages={16688-16698},
  %doi={10.1109/CVPR52733.2024.01579}}
}

@article{Pan2023ViewNormalized,
      title={View-Normalized and Subject-Independent Skeleton Generation for Action Recognition},
      author={Qingzhe Pan and Zhifu Zhao and Xuemei Xie and Jianan Li and Yuhan Cao and Guangming Shi},
      journal={IEEE Trans. Circuits Syst. Video Technol.},
      year={2023},
      volume={33},
       number={12},
      pages={7398-7412},
      %doi={10.1109/TCSVT.2022.3219864}
      }

@ARTICLE{Wu2023Neighbor,
  author={Wu, Jianlong and Sun, Wei and Gan, Tian and Ding, Ning and Jiang, Feijun and Shen, Jialie and Nie, Liqiang},
  journal={IEEE Trans. lmage Process.}, 
  title={Neighbor-Guided Consistent and Contrastive Learning for Semi-Supervised Action Recognition}, 
  year={2023},
  volume={32},
  pages={2215-2227},
  %doi={10.1109/TIP.2023.3265261}
 }

@INPROCEEDINGS{Xia2022VisionTW,
  title={Vision Transformer with Deformable Attention},
  author={Zhuofan Xia and Xuran Pan and Shiji Song and Li Erran Li and Gao Huang},
  booktitle={Proc. IEEE/CVF Conf. Comput. Vis. Pattern Recognit.},
  year={2022},
  pages={4784-4793},
  %doi={10.48550/arXiv.2201.00520}
}

@inproceedings{Zhu2022BalancedCL,
  title={Balanced Contrastive Learning for Long-Tailed Visual Recognition},
  author={Jianggang Zhu and Z. Wang and Jingjing Chen and Yi-Ping Phoebe Chen and Yueping Jiang},
  booktitle={Proc. IEEE/CVF Conf. Comput. Vis. Pattern Recognit.},
  year={2022},
  pages={6898-6907},
  %doi={10.1109/CVPR52688.2022.00678}}
}

@inproceedings{chi2022infogcn,
  title={Infogcn: Representation learning for human skeleton-based action recognition},
  author={Chi, Hyung-gun and Ha, Myoung Hoon and Chi, Seunggeun and Lee, Sang Wan and Huang, Qixing and Ramani, Karthik},
  booktitle={Proc. IEEE/CVF Conf. Comput. Vis. Pattern Recognit.},
  pages={20186--20196},
  year={2022},
  %doi={10.1109/CVPR52688.2022.01955}
}

@inproceedings{das2023viewclr,
  title={Viewclr: Learning self-supervised video representation for unseen viewpoints},
  author={Das, Srijan and Ryoo, Michael S},
  booktitle={Proc. IEEE/CVF Winter Conf. Appl. Comput. Vis.},
  pages={5573--5583},
  year={2023},
  %doi={10.1109/WACV56688.2023.00553}
}

@inproceedings{hou2021multiview,
  title={Multiview detection with shadow transformer (and view-coherent data augmentation)},
  author={Hou, Yunzhong and Zheng, Liang},
  booktitle={Proc. ACM Int. Conf. Multimedia},
  pages={1673--1682},
  year={2021},
  %doi={10.1145/3474085.3475310}}
}

@InProceedings{kalantidis2020hard,
  author = {Kalantidis, Yannis and Sariyildiz, Mert Bulent and Pion, Noe and Weinzaepfel, Philippe and Larlus, Diane},
  title = {Hard Negative Mixing for Contrastive Learning},
  booktitle = {Proc. Adv. Neural Inf. Process. Syst.},
  year = {2020},
  pages = {21798--21809}, volume = {33},
  %doi={10.5555/3495724.3497553}
}

@inproceedings{khosla2020supervised,
  title={Supervised contrastive learning},
  author={Khosla, Prannay and Teterwak, Piotr and Wang, Chen and Sarna, Aaron and Tian, Yonglong and Isola, Phillip and Maschinot, Aaron and Liu, Ce and Krishnan, Dilip},
  booktitle={Proc. Adv. Neural Inf. Process. Syst.},
  pages={18661--18673},
  year={2020},
  %doi={10.5555/3495724.3497291}
}%url={https://api.semanticscholar.org/CorpusID:216080787}

@article{liu2023dual,
  title={Dual-recommendation disentanglement network for view fuzz in action recognition},
  author={Liu, Wenxuan and Zhong, Xian and Zhou, Zhuo and Jiang, Kui and Wang, Zheng and Lin, Chia-Wen},
  journal={IEEE Trans. lmage Process.},
  year={2023},
  volume={32},
  pages={2719-2733},
  %doi={10.1109/TIP.2023.3273459}
}

@inproceedings{shah2023multi,
  title={Multi-view action recognition using contrastive learning},
  author={Shah, Ketul and Shah, Anshul and Lau, Chun Pong and de Melo, Celso M and Chellappa, Rama},
  booktitle={Proc. IEEE/CVF Winter Conf. Appl. Comput. Vis.},
  pages={3381--3391},
  year={2023},
  %doi={10.1109/WACV56688.2023.00338}
}

@inproceedings{siddiqui2024dvanet,
  title={DVANet: Disentangling View and Action Features for Multi-View Action Recognition},
  author={Siddiqui, Nyle and Tirupattur, Praveen and Shah, Mubarak},
  booktitle={Proc. AAAI Conf. Artif. Intell.},
  pages={4873--4881},
  year={2023},
  %doi={10.1609/aaai.v38i5.28290},
}%url={https://ojs.aaai.org/index.php/AAAI/article/view/28290}

@inproceedings{tian2020contrastive,
  title={Contrastive Multiview Coding},
  author={Tian, Yuandong and Krishnan, Dilip and Isola, Phillip},
  booktitle={Proc. Eur. Conf. Comput. Vis.},
  pages={776--794},
  year={2020},
  %doi={10.1007/978-3-030-58621-8\_45}
}

@inproceedings{vyas2020multi,
  title={Multi-view action recognition using cross-view video prediction},
  author={Vyas, Shruti and Rawat, Yogesh S and Shah, Mubarak},
  booktitle={Proc. Eur. Conf. Comput. Vis.},
  pages={427--444},
  year={2020},
  %doi={10.1007/978-3-030-58583-9\_26}
}%url={https://api.semanticscholar.org/CorpusID:220827170}

@article{xu2021cross,
  title={Cross-modality online distillation for multi-view action recognition},
  author={Xu, Chao and Wu, Xia and Li, Yachun and Jin, Yining and Wang, Mengmeng and Liu, Yong},
  journal={Neurocomputing},
  volume={456},
  pages={384--393},
  year={2021},
  %doi={10.1016/j.neucom.2021.05.077}
}

@inproceedings{zhu2019deformable,
  title={Deformable convnets v2: More deformable, better results},
  author={Zhu, Xizhou and Hu, Han and Lin, Stephen and Dai, Jifeng},
  booktitle={Proc. IEEE/CVF Conf. Comput. Vis. Pattern Recognit.},
  pages={9308-9316},
  year={2019},
  %doi={10.1109/CVPR.2019.00953}
}

