@article{feng2022recommender,
  title={Recommender forest for efficient retrieval},
  author={Feng, Chao and Li, Wuchao and Lian, Defu and Liu, Zheng and Chen, Enhong},
  journal={Advances in Neural Information Processing Systems},
  volume={35},
  pages={38912--38924},
  year={2022}
}

@inproceedings{he2016fusing,
  title={Fusing similarity models with markov chains for sparse sequential recommendation},
  author={He, Ruining and McAuley, Julian},
  booktitle={2016 IEEE 16th international conference on data mining (ICDM)},
  pages={191--200},
  year={2016},
  organization={IEEE}
}

@inproceedings{jannach2017recurrent,
  title={When recurrent neural networks meet the neighborhood for session-based recommendation},
  author={Jannach, Dietmar and Ludewig, Malte},
  booktitle={Proceedings of the eleventh ACM conference on recommender systems},
  pages={306--310},
  year={2017}
}

@inproceedings{ji2024genrec,
  title={Genrec: Large language model for generative recommendation},
  author={Ji, Jianchao and Li, Zelong and Xu, Shuyuan and Hua, Wenyue and Ge, Yingqiang and Tan, Juntao and Zhang, Yongfeng},
  booktitle={European Conference on Information Retrieval},
  pages={494--502},
  year={2024},
  organization={Springer}
}

@inproceedings{kang2018self,
  title={Self-attentive sequential recommendation},
  author={Kang, Wang-Cheng and McAuley, Julian},
  booktitle={2018 IEEE international conference on data mining (ICDM)},
  pages={197--206},
  year={2018},
  organization={IEEE}
}

@article{kim2024sc,
  title={SC-Rec: Enhancing Generative Retrieval with Self-Consistent Reranking for Sequential Recommendation},
  author={Kim, Tongyoung and Yoon, Soojin and Kang, Seongku and Yeo, Jinyoung and Lee, Dongha},
  journal={arXiv preprint arXiv:2408.08686},
  year={2024}
}

@inproceedings{lin2024bridging,
  title={Bridging items and language: A transition paradigm for large language model-based recommendation},
  author={Lin, Xinyu and Wang, Wenjie and Li, Yongqi and Feng, Fuli and Ng, See-Kiong and Chua, Tat-Seng},
  booktitle={Proceedings of the 30th ACM SIGKDD Conference on Knowledge Discovery and Data Mining},
  pages={1816--1826},
  year={2024}
}

@inproceedings{liu2024collaborative,
  title={Collaborative Cross-modal Fusion with Large Language Model for Recommendation},
  author={Liu, Zhongzhou and Zhang, Hao and Dong, Kuicai and Fang, Yuan},
  booktitle={Proceedings of the 33rd ACM International Conference on Information and Knowledge Management},
  pages={1565--1574},
  year={2024}
}

@article{liu2024mmgrec,
  title={MMGRec: Multimodal Generative Recommendation with Transformer Model},
  author={Liu, Han and Wei, Yinwei and Song, Xuemeng and Guan, Weili and Li, Yuan-Fang and Nie, Liqiang},
  journal={arXiv preprint arXiv:2404.16555},
  year={2024}
}

@article{rajput2023recommender,
  title={Recommender systems with generative retrieval},
  author={Rajput, Shashank and Mehta, Nikhil and Singh, Anima and Hulikal Keshavan, Raghunandan and Vu, Trung and Heldt, Lukasz and Hong, Lichan and Tay, Yi and Tran, Vinh and Samost, Jonah and others},
  journal={Advances in Neural Information Processing Systems},
  volume={36},
  pages={10299--10315},
  year={2023}
}

@inproceedings{rendle2010factorizing,
  title={Factorizing personalized markov chains for next-basket recommendation},
  author={Rendle, Steffen and Freudenthaler, Christoph and Schmidt-Thieme, Lars},
  booktitle={Proceedings of the 19th international conference on World wide web},
  pages={811--820},
  year={2010}
}

@inproceedings{sun2019bert4rec,
  title={BERT4Rec: Sequential recommendation with bidirectional encoder representations from transformer},
  author={Sun, Fei and Liu, Jun and Wu, Jian and Pei, Changhua and Lin, Xiao and Ou, Wenwu and Jiang, Peng},
  booktitle={Proceedings of the 28th ACM international conference on information and knowledge management},
  pages={1441--1450},
  year={2019}
}

@inproceedings{wang2024eager,
  title={EAGER: Two-Stream Generative Recommender with Behavior-Semantic Collaboration},
  author={Wang, Ye and Xun, Jiahao and Hong, Minjie and Zhu, Jieming and Jin, Tao and Lin, Wang and Li, Haoyuan and Li, Linjun and Xia, Yan and Zhao, Zhou and others},
  booktitle={Proceedings of the 30th ACM SIGKDD Conference on Knowledge Discovery and Data Mining},
  pages={3245--3254},
  year={2024}
}

@article{wang2024enhanced,
  title={Enhanced generative recommendation via content and collaboration integration},
  author={Wang, Yidan and Ren, Zhaochun and Sun, Weiwei and Yang, Jiyuan and Liang, Zhixiang and Chen, Xin and Xie, Ruobing and Yan, Su and Zhang, Xu and Ren, Pengjie and others},
  journal={arXiv preprint arXiv:2403.18480},
  year={2024}
}

@inproceedings{zeng2024scalable,
  title={Scalable and effective generative information retrieval},
  author={Zeng, Hansi and Luo, Chen and Jin, Bowen and Sarwar, Sheikh Muhammad and Wei, Tianxin and Zamani, Hamed},
  booktitle={Proceedings of the ACM on Web Conference 2024},
  pages={1441--1452},
  year={2024}
}

@inproceedings{zheng2024adapting,
  title={Adapting large language models by integrating collaborative semantics for recommendation},
  author={Zheng, Bowen and Hou, Yupeng and Lu, Hongyu and Chen, Yu and Zhao, Wayne Xin and Chen, Ming and Wen, Ji-Rong},
  booktitle={2024 IEEE 40th International Conference on Data Engineering (ICDE)},
  pages={1435--1448},
  year={2024},
  organization={IEEE}
}

@inproceedings{zhou2020s3,
  title={S3-rec: Self-supervised learning for sequential recommendation with mutual information maximization},
  author={Zhou, Kun and Wang, Hui and Zhao, Wayne Xin and Zhu, Yutao and Wang, Sirui and Zhang, Fuzheng and Wang, Zhongyuan and Wen, Ji-Rong},
  booktitle={Proceedings of the 29th ACM international conference on information \& knowledge management},
  pages={1893--1902},
  year={2020}
}

@inproceedings{zhu2018learning,
  title={Learning tree-based deep model for recommender systems},
  author={Zhu, Han and Li, Xiang and Zhang, Pengye and Li, Guozheng and He, Jie and Li, Han and Gai, Kun},
  booktitle={Proceedings of the 24th ACM SIGKDD international conference on knowledge discovery \& data mining},
  pages={1079--1088},
  year={2018}
}

@article{zhu2019joint,
  title={Joint optimization of tree-based index and deep model for recommender systems},
  author={Zhu, Han and Chang, Daqing and Xu, Ziru and Zhang, Pengye and Li, Xiang and He, Jie and Li, Han and Xu, Jian and Gai, Kun},
  journal={Advances in Neural Information Processing Systems},
  volume={32},
  year={2019}
}

