@inproceedings{wang2024eager,
  title={EAGER: Two-Stream Generative Recommender with Behavior-Semantic Collaboration},
  author={Wang, Ye and Xun, Jiahao and Hong, Minjie and Zhu, Jieming and Jin, Tao and Lin, Wang and Li, Haoyuan and Li, Linjun and Xia, Yan and Zhao, Zhou and others},
  booktitle={Proceedings of the 30th ACM SIGKDD Conference on Knowledge Discovery and Data Mining},
  pages={3245--3254},
  year={2024}
}

@article{rajput2023recommender,
  title={Recommender systems with generative retrieval},
  author={Rajput, Shashank and Mehta, Nikhil and Singh, Anima and Hulikal Keshavan, Raghunandan and Vu, Trung and Heldt, Lukasz and Hong, Lichan and Tay, Yi and Tran, Vinh and Samost, Jonah and others},
  journal={Advances in Neural Information Processing Systems},
  volume={36},
  pages={10299--10315},
  year={2023}
}

@inproceedings{liu2024multimodal,
  title={Multimodal pretraining, adaptation, and generation for recommendation: A survey},
  author={Liu, Qijiong and Zhu, Jieming and Yang, Yanting and Dai, Quanyu and Du, Zhaocheng and Wu, Xiao-Ming and Zhao, Zhou and Zhang, Rui and Dong, Zhenhua},
  booktitle={Proceedings of the 30th ACM SIGKDD Conference on Knowledge Discovery and Data Mining},
  pages={6566--6576},
  year={2024}
}

@article{wang2024enhanced,
  title={Enhanced generative recommendation via content and collaboration integration},
  author={Wang, Yidan and Ren, Zhaochun and Sun, Weiwei and Yang, Jiyuan and Liang, Zhixiang and Chen, Xin and Xie, Ruobing and Yan, Su and Zhang, Xu and Ren, Pengjie and others},
  journal={arXiv preprint arXiv:2403.18480},
  year={2024}
}

@article{liu2024multimodalsys,
  title={Multimodal recommender systems: A survey},
  author={Liu, Qidong and Hu, Jiaxi and Xiao, Yutian and Zhao, Xiangyu and Gao, Jingtong and Wang, Wanyu and Li, Qing and Tang, Jiliang},
  journal={ACM Computing Surveys},
  volume={57},
  number={2},
  pages={1--17},
  year={2024},
  publisher={ACM New York, NY}
}

@article{hidasi2015session,
  title={Session-based Recommendations with Recurrent Neural Networks},
  author={Hidasi, B},
  journal={arXiv preprint arXiv:1511.06939},
  year={2015}
}

@inproceedings{tang2018personalized,
  title={Personalized top-n sequential recommendation via convolutional sequence embedding},
  author={Tang, Jiaxi and Wang, Ke},
  booktitle={Proceedings of the eleventh ACM international conference on web search and data mining},
  pages={565--573},
  year={2018}
}

@inproceedings{kang2018self,
  title={Self-attentive sequential recommendation},
  author={Kang, Wang-Cheng and McAuley, Julian},
  booktitle={2018 IEEE international conference on data mining (ICDM)},
  pages={197--206},
  year={2018},
  organization={IEEE}
}

@inproceedings{sun2019bert4rec,
  title={BERT4Rec: Sequential recommendation with bidirectional encoder representations from transformer},
  author={Sun, Fei and Liu, Jun and Wu, Jian and Pei, Changhua and Lin, Xiao and Ou, Wenwu and Jiang, Peng},
  booktitle={Proceedings of the 28th ACM international conference on information and knowledge management},
  pages={1441--1450},
  year={2019}
}

@inproceedings{ma2019hierarchical,
  title={Hierarchical gating networks for sequential recommendation},
  author={Ma, Chen and Kang, Peng and Liu, Xue},
  booktitle={Proceedings of the 25th ACM SIGKDD international conference on knowledge discovery \& data mining},
  pages={825--833},
  year={2019}
}

@inproceedings{zhang2019feature,
  title={Feature-level deeper self-attention network for sequential recommendation.},
  author={Zhang, Tingting and Zhao, Pengpeng and Liu, Yanchi and Sheng, Victor S and Xu, Jiajie and Wang, Deqing and Liu, Guanfeng and Zhou, Xiaofang and others},
  booktitle={IJCAI},
  pages={4320--4326},
  year={2019}
}

@inproceedings{zhou2020s3,
  title={S3-rec: Self-supervised learning for sequential recommendation with mutual information maximization},
  author={Zhou, Kun and Wang, Hui and Zhao, Wayne Xin and Zhu, Yutao and Wang, Sirui and Zhang, Fuzheng and Wang, Zhongyuan and Wen, Ji-Rong},
  booktitle={Proceedings of the 29th ACM international conference on information \& knowledge management},
  pages={1893--1902},
  year={2020}
}

@article{feng2022recommender,
  title={Recommender forest for efficient retrieval},
  author={Feng, Chao and Li, Wuchao and Lian, Defu and Liu, Zheng and Chen, Enhong},
  journal={Advances in Neural Information Processing Systems},
  volume={35},
  pages={38912--38924},
  year={2022}
}

@inproceedings{rendle2010factorizing,
  title={Factorizing personalized markov chains for next-basket recommendation},
  author={Rendle, Steffen and Freudenthaler, Christoph and Schmidt-Thieme, Lars},
  booktitle={Proceedings of the 19th international conference on World wide web},
  pages={811--820},
  year={2010}
}

@inproceedings{mcauley2015image,
  title={Image-based recommendations on styles and substitutes},
  author={McAuley, Julian and Targett, Christopher and Shi, Qinfeng and Van Den Hengel, Anton},
  booktitle={Proceedings of the 38th international ACM SIGIR conference on research and development in information retrieval},
  pages={43--52},
  year={2015}
}

@article{ni2021sentence,
  title={Sentence-t5: Scalable sentence encoders from pre-trained text-to-text models},
  author={Ni, Jianmo and Abrego, Gustavo Hernandez and Constant, Noah and Ma, Ji and Hall, Keith B and Cer, Daniel and Yang, Yinfei},
  journal={arXiv preprint arXiv:2108.08877},
  year={2021}
}

@article{lee2018pre,
  title={Pre-training of deep bidirectional transformers for language understanding},
  author={Lee, JDMCK and Toutanova, K},
  journal={arXiv preprint arXiv:1810.04805},
  volume={3},
  number={8},
  year={2018}
}

@inproceedings{zhou2018deep,
  title={Deep interest network for click-through rate prediction},
  author={Zhou, Guorui and Zhu, Xiaoqiang and Song, Chenru and Fan, Ying and Zhu, Han and Ma, Xiao and Yan, Yanghui and Jin, Junqi and Li, Han and Gai, Kun},
  booktitle={Proceedings of the 24th ACM SIGKDD international conference on knowledge discovery \& data mining},
  pages={1059--1068},
  year={2018}
}

@inproceedings{lee2022autoregressive,
  title={Autoregressive image generation using residual quantization},
  author={Lee, Doyup and Kim, Chiheon and Kim, Saehoon and Cho, Minsu and Han, Wook-Shin},
  booktitle={Proceedings of the IEEE/CVF Conference on Computer Vision and Pattern Recognition},
  pages={11523--11532},
  year={2022}
}


  title={Factorizing personalized markov chains for next-basket recommendation},
  author={Rendle, Steffen and Freudenthaler, Christoph and Schmidt-Thieme, Lars},
  booktitle={Proceedings of the 19th international conference on World wide web},
  pages={811--820},
  year={2010}
}

@inproceedings{jannach2017recurrent,
  title={When recurrent neural networks meet the neighborhood for session-based recommendation},
  author={Jannach, Dietmar and Ludewig, Malte},
  booktitle={Proceedings of the eleventh ACM conference on recommender systems},
  pages={306--310},
  year={2017}
}

@inproceedings{zhu2018learning,
  title={Learning tree-based deep model for recommender systems},
  author={Zhu, Han and Li, Xiang and Zhang, Pengye and Li, Guozheng and He, Jie and Li, Han and Gai, Kun},
  booktitle={Proceedings of the 24th ACM SIGKDD international conference on knowledge discovery \& data mining},
  pages={1079--1088},
  year={2018}
}

@article{zhu2019joint,
  title={Joint optimization of tree-based index and deep model for recommender systems},
  author={Zhu, Han and Chang, Daqing and Xu, Ziru and Zhang, Pengye and Li, Xiang and He, Jie and Li, Han and Xu, Jian and Gai, Kun},
  journal={Advances in Neural Information Processing Systems},
  volume={32},
  year={2019}
}

@inproceedings{zhao2019recommending,
  title={Recommending what video to watch next: a multitask ranking system},
  author={Zhao, Zhe and Hong, Lichan and Wei, Li and Chen, Jilin and Nath, Aniruddh and Andrews, Shawn and Kumthekar, Aditee and Sathiamoorthy, Maheswaran and Yi, Xinyang and Chi, Ed},
  booktitle={Proceedings of the 13th ACM conference on recommender systems},
  pages={43--51},
  year={2019}
}

@inproceedings{kim2007music,
  title={A music recommendation system with a dynamic k-means clustering algorithm},
  author={Kim, Dongmoon and Kim, Kun-su and Park, Kyo-Hyun and Lee, Jee-Hyong and Lee, Keon Myung},
  booktitle={Sixth international conference on machine learning and applications (ICMLA 2007)},
  pages={399--403},
  year={2007},
  organization={IEEE}
}

@inproceedings{diao2014jointly,
  title={Jointly modeling aspects, ratings and sentiments for movie recommendation (JMARS)},
  author={Diao, Qiming and Qiu, Minghui and Wu, Chao-Yuan and Smola, Alexander J and Jiang, Jing and Wang, Chong},
  booktitle={Proceedings of the 20th ACM SIGKDD international conference on Knowledge discovery and data mining},
  pages={193--202},
  year={2014}
}

@article{devlin2018bert,
  title={Bert: Pre-training of deep bidirectional transformers for language understanding},
  author={Devlin, Jacob},
  journal={arXiv preprint arXiv:1810.04805},
  year={2018}
}

@inproceedings{he2016visual,
  title={Visual bayesian personalized ranking from implicit feedback},
  author={He, R and JVBPR, McAuley},
  booktitle={Proceedingts of the Thirtieth AAAI Conference on Artificial Intelligence},
  year={2016}
}

@article{rendle2012bpr,
  title={BPR: Bayesian personalized ranking from implicit feedback},
  author={Rendle, Steffen and Freudenthaler, Christoph and Gantner, Zeno and Schmidt-Thieme, Lars},
  journal={arXiv preprint arXiv:1205.2618},
  year={2012}
}

@inproceedings{chen2017attentive,
  title={Attentive collaborative filtering: Multimedia recommendation with item-and component-level attention},
  author={Chen, Jingyuan and Zhang, Hanwang and He, Xiangnan and Nie, Liqiang and Liu, Wei and Chua, Tat-Seng},
  booktitle={Proceedings of the 40th International ACM SIGIR conference on Research and Development in Information Retrieval},
  pages={335--344},
  year={2017}
}

@inproceedings{wei2020graph,
  title={Graph-refined convolutional network for multimedia recommendation with implicit feedback},
  author={Wei, Yinwei and Wang, Xiang and Nie, Liqiang and He, Xiangnan and Chua, Tat-Seng},
  booktitle={Proceedings of the 28th ACM international conference on multimedia},
  pages={3541--3549},
  year={2020}
}

@article{kipf2016semi,
  title={Semi-supervised classification with graph convolutional networks},
  author={Kipf, Thomas N and Welling, Max},
  journal={arXiv preprint arXiv:1609.02907},
  year={2016}
}

@inproceedings{yi2022multi,
  title={Multi-modal graph contrastive learning for micro-video recommendation},
  author={Yi, Zixuan and Wang, Xi and Ounis, Iadh and Macdonald, Craig},
  booktitle={Proceedings of the 45th International ACM SIGIR Conference on Research and Development in Information Retrieval},
  pages={1807--1811},
  year={2022}
}

@article{tao2022self,
  title={Self-supervised learning for multimedia recommendation},
  author={Tao, Zhulin and Liu, Xiaohao and Xia, Yewei and Wang, Xiang and Yang, Lifang and Huang, Xianglin and Chua, Tat-Seng},
  journal={IEEE Transactions on Multimedia},
  volume={25},
  pages={5107--5116},
  year={2022},
  publisher={IEEE}
}

@inproceedings{zhou2023bootstrap,
  title={Bootstrap latent representations for multi-modal recommendation},
  author={Zhou, Xin and Zhou, Hongyu and Liu, Yong and Zeng, Zhiwei and Miao, Chunyan and Wang, Pengwei and You, Yuan and Jiang, Feijun},
  booktitle={Proceedings of the ACM Web Conference 2023},
  pages={845--854},
  year={2023}
}

@article{touvron2023llama,
  title={Llama 2: Open foundation and fine-tuned chat models},
  author={Touvron, Hugo and Martin, Louis and Stone, Kevin and Albert, Peter and Almahairi, Amjad and Babaei, Yasmine and Bashlykov, Nikolay and Batra, Soumya and Bhargava, Prajjwal and Bhosale, Shruti and others},
  journal={arXiv preprint arXiv:2307.09288},
  year={2023}
}

@article{kim2024sc,
  title={SC-Rec: Enhancing Generative Retrieval with Self-Consistent Reranking for Sequential Recommendation},
  author={Kim, Tongyoung and Yoon, Soojin and Kang, Seongku and Yeo, Jinyoung and Lee, Dongha},
  journal={arXiv preprint arXiv:2408.08686},
  year={2024}
}

@inproceedings{zheng2024adapting,
  title={Adapting large language models by integrating collaborative semantics for recommendation},
  author={Zheng, Bowen and Hou, Yupeng and Lu, Hongyu and Chen, Yu and Zhao, Wayne Xin and Chen, Ming and Wen, Ji-Rong},
  booktitle={2024 IEEE 40th International Conference on Data Engineering (ICDE)},
  pages={1435--1448},
  year={2024},
  organization={IEEE}
}

@article{wangcollaborative,
  title={Collaborative Semantic Alignment in Recommendation Systems},
  author={Wang, Chen and Yang, Liangwei and Liu, Zhiwei and Liu, Xiaolong and Yang, Mingdai and Liang, Yueqing and Philip, S Yu}
}


@inproceedings{liu2023knowledge,
  title={Knowledge Graph Recommendation based on Structural Semantics and Collaborative Semantics},
  author={Liu, Bingnan and Wang, Baoliang and Zhao, Mankun and Yu, Jian and Yu, Mei and Li, Xuewei},
  booktitle={2023 IEEE 29th International Conference on Parallel and Distributed Systems (ICPADS)},
  pages={1585--1594},
  year={2023},
  organization={IEEE}
}

@inproceedings{peebles2023scalable,
  title={Scalable diffusion models with transformers},
  author={Peebles, William and Xie, Saining},
  booktitle={Proceedings of the IEEE/CVF International Conference on Computer Vision},
  pages={4195--4205},
  year={2023}
}

@article{wang2023generative,
  title={Generative recommendation: Towards next-generation recommender paradigm},
  author={Wang, Wenjie and Lin, Xinyu and Feng, Fuli and He, Xiangnan and Chua, Tat-Seng},
  journal={arXiv preprint arXiv:2304.03516},
  year={2023}
}

@inproceedings{wang2023diffusion,
  title={Diffusion recommender model},
  author={Wang, Wenjie and Xu, Yiyan and Feng, Fuli and Lin, Xinyu and He, Xiangnan and Chua, Tat-Seng},
  booktitle={Proceedings of the 46th International ACM SIGIR Conference on Research and Development in Information Retrieval},
  pages={832--841},
  year={2023}
}

@inproceedings{liu2024collaborative,
  title={Collaborative Cross-modal Fusion with Large Language Model for Recommendation},
  author={Liu, Zhongzhou and Zhang, Hao and Dong, Kuicai and Fang, Yuan},
  booktitle={Proceedings of the 33rd ACM International Conference on Information and Knowledge Management},
  pages={1565--1574},
  year={2024}
}

@article{zhai2024actions,
  title={Actions speak louder than words: Trillion-parameter sequential transducers for generative recommendations},
  author={Zhai, Jiaqi and Liao, Lucy and Liu, Xing and Wang, Yueming and Li, Rui and Cao, Xuan and Gao, Leon and Gong, Zhaojie and Gu, Fangda and He, Michael and others},
  journal={arXiv preprint arXiv:2402.17152},
  year={2024}
}

@article{guo2024scaling,
  title={Scaling New Frontiers: Insights into Large Recommendation Models},
  author={Guo, Wei and Wang, Hao and Zhang, Luankang and Chin, Jin Yao and Liu, Zhongzhou and Cheng, Kai and Pan, Qiushi and Lee, Yi Quan and Xue, Wanqi and Shen, Tingjia and others},
  journal={arXiv preprint arXiv:2412.00714},
  year={2024}
}

@article{qi2017effective,
  title={An effective and efficient hierarchical K-means clustering algorithm},
  author={Qi, Jianpeng and Yu, Yanwei and Wang, Lihong and Liu, Jinglei and Wang, Yingjie},
  journal={International Journal of Distributed Sensor Networks},
  volume={13},
  number={8},
  pages={1550147717728627},
  year={2017},
  publisher={SAGE Publications Sage UK: London, England}
}

@inproceedings{lin2024bridging,
  title={Bridging items and language: A transition paradigm for large language model-based recommendation},
  author={Lin, Xinyu and Wang, Wenjie and Li, Yongqi and Feng, Fuli and Ng, See-Kiong and Chua, Tat-Seng},
  booktitle={Proceedings of the 30th ACM SIGKDD Conference on Knowledge Discovery and Data Mining},
  pages={1816--1826},
  year={2024}
}

@article{liu2024mmgrec,
  title={MMGRec: Multimodal Generative Recommendation with Transformer Model},
  author={Liu, Han and Wei, Yinwei and Song, Xuemeng and Guan, Weili and Li, Yuan-Fang and Nie, Liqiang},
  journal={arXiv preprint arXiv:2404.16555},
  year={2024}
}

@inproceedings{zeng2024scalable,
  title={Scalable and effective generative information retrieval},
  author={Zeng, Hansi and Luo, Chen and Jin, Bowen and Sarwar, Sheikh Muhammad and Wei, Tianxin and Zamani, Hamed},
  booktitle={Proceedings of the ACM on Web Conference 2024},
  pages={1441--1452},
  year={2024}
}

@inproceedings{ji2024genrec,
  title={Genrec: Large language model for generative recommendation},
  author={Ji, Jianchao and Li, Zelong and Xu, Shuyuan and Hua, Wenyue and Ge, Yingqiang and Tan, Juntao and Zhang, Yongfeng},
  booktitle={European Conference on Information Retrieval},
  pages={494--502},
  year={2024},
  organization={Springer}
}

@inproceedings{zhu2024cost,
  title={CoST: Contrastive Quantization based Semantic Tokenization for Generative Recommendation},
  author={Zhu, Jieming and Jin, Mengqun and Liu, Qijiong and Qiu, Zexuan and Dong, Zhenhua and Li, Xiu},
  booktitle={Proceedings of the 18th ACM Conference on Recommender Systems},
  pages={969--974},
  year={2024}
}

@inproceedings{chen2020simple,
  title={A simple framework for contrastive learning of visual representations},
  author={Chen, Ting and Kornblith, Simon and Norouzi, Mohammad and Hinton, Geoffrey},
  booktitle={International conference on machine learning},
  pages={1597--1607},
  year={2020},
  organization={PMLR}
}

@inproceedings{he2016fusing,
  title={Fusing similarity models with markov chains for sparse sequential recommendation},
  author={He, Ruining and McAuley, Julian},
  booktitle={2016 IEEE 16th international conference on data mining (ICDM)},
  pages={191--200},
  year={2016},
  organization={IEEE}
}

@inproceedings{covington2016deep,
  title={Deep neural networks for youtube recommendations},
  author={Covington, Paul and Adams, Jay and Sargin, Emre},
  booktitle={Proceedings of the 10th ACM conference on recommender systems},
  pages={191--198},
  year={2016}
}

@inproceedings{wang2021cross,
  title={Cross-batch negative sampling for training two-tower recommenders},
  author={Wang, Jinpeng and Zhu, Jieming and He, Xiuqiang},
  booktitle={Proceedings of the 44th international ACM SIGIR conference on research and development in information retrieval},
  pages={1632--1636},
  year={2021}
}

@inproceedings{wang2018billion,
  title={Billion-scale commodity embedding for e-commerce recommendation in alibaba},
  author={Wang, Jizhe and Huang, Pipei and Zhao, Huan and Zhang, Zhibo and Zhao, Binqiang and Lee, Dik Lun},
  booktitle={Proceedings of the 24th ACM SIGKDD international conference on knowledge discovery \& data mining},
  pages={839--848},
  year={2018}
}

@inproceedings{ying2018graph,
  title={Graph convolutional neural networks for web-scale recommender systems},
  author={Ying, Rex and He, Ruining and Chen, Kaifeng and Eksombatchai, Pong and Hamilton, William L and Leskovec, Jure},
  booktitle={Proceedings of the 24th ACM SIGKDD international conference on knowledge discovery \& data mining},
  pages={974--983},
  year={2018}
}

@inproceedings{andoni2018approximate,
  title={Approximate nearest neighbor search in high dimensions},
  author={Andoni, Alexandr and Indyk, Piotr and Razenshteyn, Ilya},
  booktitle={Proceedings of the International Congress of Mathematicians: Rio de Janeiro 2018},
  pages={3287--3318},
  year={2018},
  organization={World Scientific}
}

@article{arya1998optimal,
  title={An optimal algorithm for approximate nearest neighbor searching fixed dimensions},
  author={Arya, Sunil and Mount, David M and Netanyahu, Nathan S and Silverman, Ruth and Wu, Angela Y},
  journal={Journal of the ACM (JACM)},
  volume={45},
  number={6},
  pages={891--923},
  year={1998},
  publisher={ACM New York, NY, USA}
}

@article{johnson2019billion,
  title={Billion-scale similarity search with GPUs},
  author={Johnson, Jeff and Douze, Matthijs and J{\'e}gou, Herv{\'e}},
  journal={IEEE Transactions on Big Data},
  volume={7},
  number={3},
  pages={535--547},
  year={2019},
  publisher={IEEE}
}

@inproceedings{guo2020accelerating,
  title={Accelerating large-scale inference with anisotropic vector quantization},
  author={Guo, Ruiqi and Sun, Philip and Lindgren, Erik and Geng, Quan and Simcha, David and Chern, Felix and Kumar, Sanjiv},
  booktitle={International Conference on Machine Learning},
  pages={3887--3896},
  year={2020},
  organization={PMLR}
}