% Vision
@String(CVPR= {Conference on Computer Vision and Pattern Recognition (CVPR)})
@String(ICCV= {International Conference on Computer Vision (ICCV)})
@String(ECCV= {European Conference on Computer Vision (ECCV)})
@String(IJCV = {International Journal of Computer Vision (IJCV)})
@String(BMVC= {The British Machine Vision Conference (BMVC)})
@String(TIP  = {IEEE Transactions on Image Processing (TIP)})
@String(WACV = {Winter Conference on Applications of Computer Vision (WACV)})
% AI/ML
@String(ICML = {International Conference on Machine Learning (ICML)})
@String(NIPS= {Neural Information Processing Systems (NeurIPS)})
@String(ICLR = {International Conference on Learning Representations (ICLR)})
@String(IJCAI = {International Joint Conference on Artificial Intelligence (IJCAI)})
@String(AAAI = {AAAI Conference on Artificial Intelligence})
@String(KDD = {International Conference on Knowledge Discovery and Data Mining (KDD)})
@String(AISTATS = {International Conference on Artificial Intelligence and Statistics (AISTATS)})
@String(JMLR = {Journal of Machine Learning Research (JMLR)})
@String(PAMI = {IEEE Transactions on Pattern Analysis and Machine Intelligence (TPAMI)})
@String(TMLR = {Transactions on Machine Learning Research (TMLR)})

% Robotics
@String(ICRA = {International Conference on Robotics and Automation (ICRA)})

% NLP
@String(COLM = {Conference on Language Modeling (COLM)})
@String(TACL = {Transactions of the Association for Computational Linguistics (TACL)})
@String(EMNLP = {Conference on Empirical Methods in Natural Language Processing (EMNLP)})
@String(EMNLP\_Findings = {Findings of the Association for Computational Linguistics: EMNLP})
@String(ACL = {Annual Meeting of the Association for Computational Linguistics (ACL)})
@String(ACL\_Findings = {Findings of the Association for Computational Linguistics: ACL})
@string(EACL = {European Chapter of the Association for Computational Linguistics (EACL)})
@String(CL = {Computational Linguistics})
@String(NAACL = {Annual Conference of the North American Chapter of the Association for Computational Linguistics (NAACL)})
@String(NAACL\_Findings = {Findings of the North American Chapter of the Association for Computational Linguistics: NAACL})
@String(IJCNLP = {International Joint Conference on Natural Language Processing (IJCNLP)})
@String(SIGIR = {International ACM SIGIR Conference on Research and Development in Information Retrieval (SIGIR)})

% PL
@String(POPL = {Symposium on Principles of Programming Languages (POPL)})
@String(PLDI = {Programming Language Design and Implementation (PLDI)})
@String(CAV = {International Conference on Computer Aided Verification (CAV)})
@String(TACAS = {International Conference on Tools and Algorithms for the Construction and Analysis of Systems (TACAS)})
@String(LPAR = {International Conference on Logic for Programming Artificial Intelligence and Reasoning (LPAR)})
@String(FMCAD = {International Conference on Formal Methods in Computer-Aided Design (FMCAD)})
@String(CADE = {International Conference on Automated Deduction (CADE)})
@String(AITP = {Conference on Artificial Intelligence and Theorem Proving (AITP)})
@String(FSE = {ACM Joint European Software Engineering Conference and Symposium on the Foundations of Software Engineering (ESEC/FSE)})
@String(ICSE = {International Conference on Software Engineering (ICSE)})
@String(ASE = {International Conference on Automated Software Engineering (ASE)})
@String(ITP = {International Conference on Interactive Theorem Proving (ITP)})
@String(SNAPL = {Summit on Advances in Programming Languages (SNAPL)})
@String(CPP = {Certified Programs and Proofs (CPP)})

% Security
@String(CCS = {Conference on Computer and Communications Security (CCS)})
@String(SP = {Symposium on Security and Privacy})
@String(USENIXSecurity = {USENIX Security Symposium})
@String(Crypto = {Advances in Cryptology (CRYPTO)})

% Cognitive Science
@String(CogSci = {Annual Meeting of the Cognitive Science Society (CogSci)})

% Theory
@String(STOC = {Symposium on Theory of Computing (STOC)})

% HCI
@String(CHI = {Conference on Human Factors in Computing Systems (CHI)})

% Others
@String(FAT = {Conference on Fairness, Accountability, and Transparency (FAccT)})
@String(OSDI = {Symposium on Operating Systems Design and Implementation (OSDI)})
@String(PNAS = {
Proceedings of the National Academy of Sciences (PNAS)})
@String(SOSP = {Symposium on Operating Systems Principles (SOSP)})
@String(CICM = {International Conference on Intelligent Computer Mathematics (CICM)})


@inproceedings{Vaswani+2017,
 author = {Vaswani, Ashish and Shazeer, Noam and Parmar, Niki and Uszkoreit, Jakob and Jones, Llion and Gomez, Aidan N and Kaiser, \L ukasz and Polosukhin, Illia},
 booktitle = {Advances in Neural Information Processing Systems},
 pages = {},
 publisher = {Curran Associates, Inc.},
 title = {Attention is All you Need},
 url = {https://proceedings.neurips.cc/paper_files/paper/2017/file/3f5ee243547dee91fbd053c1c4a845aa-Paper.pdf},
 volume = {30},
 year = {2017}
}

@phdthesis{barras1997coq,
  title={The {Coq} proof assistant reference manual: Version 6.1},
  author={Barras, Bruno and Boutin, Samuel and Cornes, Cristina and Courant, Judica{\"e}l and Filliatre, Jean-Christophe and Gimenez, Eduardo and Herbelin, Hugo and Huet, Gerard and Munoz, Cesar and Murthy, Chetan and others},
  year={1997},
  school={Inria}
}

@book{paulson1994isabelle,
  title={{Isabelle}: A generic theorem prover},
  author={Paulson, Lawrence C},
  year={1994}
}
@inproceedings{moura2021lean,
  title={The {Lean} 4 theorem prover and programming language},
  author={Moura, Leonardo de and Ullrich, Sebastian},
  booktitle=CADE,
  year={2021}
}
@article{guo2025deepseek,
  title={Deepseek-r1: Incentivizing reasoning capability in llms via reinforcement learning},
  author={Guo, Daya and Yang, Dejian and Zhang, Haowei and Song, Junxiao and Zhang, Ruoyu and Xu, Runxin and Zhu, Qihao and Ma, Shirong and Wang, Peiyi and Bi, Xiao and others},
  journal={arXiv preprint arXiv:2501.12948},
  year={2025}
}
@misc{anthropic2024a,
  author = {Anthropic},
  year = {2024},
  title = {Claude 3.5 Sonnet},
  url = {https://www.anthropic.com/news/claude-3-5-sonnet}
}
@article{ying2024internlm,
  title={Internlm-math: Open math large language models toward verifiable reasoning},
  author={Ying, Huaiyuan and Zhang, Shuo and Li, Linyang and Zhou, Zhejian and Shao, Yunfan and Fei, Zhaoye and Ma, Yichuan and Hong, Jiawei and Liu, Kuikun and Wang, Ziyi and others},
  journal={arXiv preprint arXiv:2402.06332},
  year={2024}
}
@misc{aops_wiki,
  title        = {Art of Problem Solving Wiki},
  howpublished = {\url{https://artofproblemsolving.com/wiki/}},
  note         = {Accessed: 2025-01-24}
}
@article{shao2024deepseekmath,
  title={Deepseekmath: Pushing the limits of mathematical reasoning in open language models},
  author={Shao, Zhihong and Wang, Peiyi and Zhu, Qihao and Xu, Runxin and Song, Junxiao and Bi, Xiao and Zhang, Haowei and Zhang, Mingchuan and Li, YK and Wu, Y and others},
  journal={arXiv preprint arXiv:2402.03300},
  year={2024}
}
@article{mitra2024orca,
  title={Orca-math: Unlocking the potential of slms in grade school math},
  author={Mitra, Arindam and Khanpour, Hamed and Rosset, Corby and Awadallah, Ahmed},
  journal={arXiv preprint arXiv:2402.14830},
  year={2024}
}
@article{polu2022formal,
  title={Formal mathematics statement curriculum learning},
  author={Polu, Stanislas and Han, Jesse Michael and Zheng, Kunhao and Baksys, Mantas and Babuschkin, Igor and Sutskever, Ilya},
  journal={arXiv preprint arXiv:2202.01344},
  year={2022}
}
@misc{maa_aime_2024,
  author       = {MAA},
  title        = {American Invitational Mathematics Examination - AIME},
  howpublished = {In American Invitational Mathematics Examination - AIME 2024},
  month        = {February},
  year         = {2024},
  note         = {URL: \url{https://maa.org/math-competitions/american-invitational-mathematics-examination-aime}}
}
@article{cobbe2021training,
  title={Training verifiers to solve math word problems},
  author={Cobbe, Karl and Kosaraju, Vineet and Bavarian, Mohammad and Chen, Mark and Jun, Heewoo and Kaiser, Lukasz and Plappert, Matthias and Tworek, Jerry and Hilton, Jacob and Nakano, Reiichiro and others},
  journal={arXiv preprint arXiv:2110.14168},
  year={2021}
}
@article{hendrycks2021measuring,
  title={Measuring mathematical problem solving with the math dataset},
  author={Hendrycks, Dan and Burns, Collin and Kadavath, Saurav and Arora, Akul and Basart, Steven and Tang, Eric and Song, Dawn and Steinhardt, Jacob},
  journal={arXiv preprint arXiv:2103.03874},
  year={2021}
}
@article{li2024hunyuanprover,
  title={HUNYUANPROVER: A Scalable Data Synthesis Framework and Guided Tree Search for Automated Theorem Proving},
  author={Li, Yang and Du, Dong and Song, Linfeng and Li, Chen and Wang, Weikang and Yang, Tao and Mi, Haitao},
  journal={arXiv preprint arXiv:2412.20735},
  year={2024}
}
@misc{mathlib4,
  author       = {mathlib4},
  title        = {mathlib4: The math library of Lean 4},
  year         = {2023},
  url          = {https://github.com/leanprover-community/mathlib4},
  note         = {Accessed: 2025-01-14}
}
@article{wang2024theoremllama,
  title={Theoremllama: Transforming general-purpose llms into lean4 experts},
  author={Wang, Ruida and Zhang, Jipeng and Jia, Yizhen and Pan, Rui and Diao, Shizhe and Pi, Renjie and Zhang, Tong},
  journal={arXiv preprint arXiv:2407.03203},
  year={2024}
}

@article{wu2024internlm2,
  title={{InternLM2.5-StepProver}: Advancing automated theorem proving via expert iteration on large-scale lean problems},
  author={Wu, Zijian and Huang, Suozhi and Zhou, Zhejian and Ying, Huaiyuan and Wang, Jiayu and Lin, Dahua and Chen, Kai},
  journal={arXiv preprint arXiv:2410.15700},
  year={2024}
}
@article{ying2024lean,
  title={Lean Workbook: A large-scale Lean problem set formalized from natural language math problems},
  author={Ying, Huaiyuan and Wu, Zijian and Geng, Yihan and Wang, Jiayu and Lin, Dahua and Chen, Kai},
  journal={arXiv preprint arXiv:2406.03847},
  year={2024}
}
@article{yang2024qwen2,
  title={Qwen2. 5 Technical Report},
  author={Yang, An and Yang, Baosong and Zhang, Beichen and Hui, Binyuan and Zheng, Bo and Yu, Bowen and Li, Chengyuan and Liu, Dayiheng and Huang, Fei and Wei, Haoran and others},
  journal={arXiv preprint arXiv:2412.15115},
  year={2024}
}
@article{liu2024deepseek,
  title={Deepseek-v3 technical report},
  author={Liu, Aixin and Feng, Bei and Xue, Bing and Wang, Bingxuan and Wu, Bochao and Lu, Chengda and Zhao, Chenggang and Deng, Chengqi and Zhang, Chenyu and Ruan, Chong and others},
  journal={arXiv preprint arXiv:2412.19437},
  year={2024}
}
@article{wei2022chain,
  title={Chain-of-thought prompting elicits reasoning in large language models},
  author={Wei, Jason and Wang, Xuezhi and Schuurmans, Dale and Bosma, Maarten and Xia, Fei and Chi, Ed and Le, Quoc V and Zhou, Denny and others},
  journal={Advances in neural information processing systems},
  volume={35},
  pages={24824--24837},
  year={2022}
}
@article{li2024numinamath,
  title={Numinamath: The largest public dataset in ai4maths with 860k pairs of competition math problems and solutions},
  author={Li, Jia and Beeching, Edward and Tunstall, Lewis and Lipkin, Ben and Soletskyi, Roman and Huang, Shengyi and Rasul, Kashif and Yu, Longhui and Jiang, Albert Q and Shen, Ziju and others},
  journal={Hugging Face repository},
  volume={13},
  year={2024}
}
@article{xin2024deepseek,
  title={DeepSeek-Prover: Advancing Theorem Proving in LLMs through Large-Scale Synthetic Data},
  author={Xin, Huajian and Guo, Daya and Shao, Zhihong and Ren, Zhizhou and Zhu, Qihao and Liu, Bo and Ruan, Chong and Li, Wenda and Liang, Xiaodan},
  journal={arXiv preprint arXiv:2405.14333},
  year={2024}
}

@book{tunstall2022natural,
  title={Natural language processing with transformers},
  author={Tunstall, Lewis and Von Werra, Leandro and Wolf, Thomas},
  year={2022},
  publisher={" O'Reilly Media, Inc."}
}
@article{zheng2021minif2f,
  title={Minif2f: a cross-system benchmark for formal olympiad-level mathematics},
  author={Zheng, Kunhao and Han, Jesse Michael and Polu, Stanislas},
  journal={arXiv preprint arXiv:2109.00110},
  year={2021}
}

@article{azerbayev2023proofnet,
  title={Proofnet: Autoformalizing and formally proving undergraduate-level mathematics},
  author={Azerbayev, Zhangir and Piotrowski, Bartosz and Schoelkopf, Hailey and Ayers, Edward W and Radev, Dragomir and Avigad, Jeremy},
  journal={arXiv preprint arXiv:2302.12433},
  year={2023}
}



@article{yang2024leandojo,
  title={Leandojo: Theorem proving with retrieval-augmented language models},
  author={Yang, Kaiyu and Swope, Aidan and Gu, Alex and Chalamala, Rahul and Song, Peiyang and Yu, Shixing and Godil, Saad and Prenger, Ryan J and Anandkumar, Animashree},
  journal={Advances in Neural Information Processing Systems},
  volume={36},
  year={2024}
}

@article{xin2024deepseekv15,
  title={DeepSeek-Prover-V1. 5: Harnessing Proof Assistant Feedback for Reinforcement Learning and Monte-Carlo Tree Search},
  author={Xin, Huajian and Ren, ZZ and Song, Junxiao and Shao, Zhihong and Zhao, Wanjia and Wang, Haocheng and Liu, Bo and Zhang, Liyue and Lu, Xuan and Du, Qiushi and others},
  journal={arXiv preprint arXiv:2408.08152},
  year={2024}
}

@inproceedings{
jiang2023draft,
title={Draft, Sketch, and Prove: Guiding Formal Theorem Provers with Informal Proofs},
author={Albert Qiaochu Jiang and Sean Welleck and Jin Peng Zhou and Timothee Lacroix and Jiacheng Liu and Wenda Li and Mateja Jamnik and Guillaume Lample and Yuhuai Wu},
booktitle={The Eleventh International Conference on Learning Representations },
year={2023},
url={https://openreview.net/forum?id=SMa9EAovKMC}
}

@inproceedings{
wu2022autoformalization,
title={Autoformalization with Large Language Models},
author={Yuhuai Wu and Albert Qiaochu Jiang and Wenda Li and Markus Norman Rabe and Charles E Staats and Mateja Jamnik and Christian Szegedy},
booktitle={Advances in Neural Information Processing Systems},
editor={Alice H. Oh and Alekh Agarwal and Danielle Belgrave and Kyunghyun Cho},
year={2022},
url={https://openreview.net/forum?id=IUikebJ1Bf0}
}


@inproceedings{
lample2022hypertree,
title={HyperTree Proof Search for Neural Theorem Proving},
author={Guillaume Lample and Timothee Lacroix and Marie-anne Lachaux and Aurelien Rodriguez and Amaury Hayat and Thibaut Lavril and Gabriel Ebner and Xavier Martinet},
booktitle={Advances in Neural Information Processing Systems},
editor={Alice H. Oh and Alekh Agarwal and Danielle Belgrave and Kyunghyun Cho},
year={2022},
url={https://openreview.net/forum?id=J4pX8Q8cxHH}
}

@inproceedings{de2015lean,
  title={The Lean theorem prover (system description)},
  author={De Moura, Leonardo and Kong, Soonho and Avigad, Jeremy and Van Doorn, Floris and von Raumer, Jakob},
  booktitle={Automated Deduction-CADE-25: 25th International Conference on Automated Deduction, Berlin, Germany, August 1-7, 2015, Proceedings 25},
  pages={378--388},
  year={2015},
  organization={Springer}
}

@article{schulz2002brainiac,
  title={E--a brainiac theorem prover},
  author={Schulz, Stephan},
  journal={Ai Communications},
  volume={15},
  number={2-3},
  pages={111--126},
  year={2002},
  publisher={IOS Press}
}

@inproceedings{kovacs2013first,
  title={First-order theorem proving and Vampire},
  author={Kov{\'a}cs, Laura and Voronkov, Andrei},
  booktitle={International Conference on Computer Aided Verification},
  pages={1--35},
  year={2013},
  organization={Springer}
}

@inproceedings{een2003extensible,
  title={An extensible SAT-solver},
  author={E{\'e}n, Niklas and S{\"o}rensson, Niklas},
  booktitle={International conference on theory and applications of satisfiability testing},
  pages={502--518},
  year={2003},
  organization={Springer}
}

@article{queue2019cadical,
  title={CaDiCaL at the SAT Race 2019},
  author={QUEUE, SEPARATE DECISION},
  journal={SAT RACE},
  volume={2019},
  pages={8},
  year={2019}
}

@inproceedings{de2008z3,
  title={Z3: An efficient SMT solver},
  author={De Moura, Leonardo and Bj{\o}rner, Nikolaj},
  booktitle={International conference on Tools and Algorithms for the Construction and Analysis of Systems},
  pages={337--340},
  year={2008},
  organization={Springer}
}

@inproceedings{barbosa2022cvc5,
  title={cvc5: A versatile and industrial-strength SMT solver},
  author={Barbosa, Haniel and Barrett, Clark and Brain, Martin and Kremer, Gereon and Lachnitt, Hanna and Mann, Makai and Mohamed, Abdalrhman and Mohamed, Mudathir and Niemetz, Aina and N{\"o}tzli, Andres and others},
  booktitle={International Conference on Tools and Algorithms for the Construction and Analysis of Systems},
  pages={415--442},
  year={2022},
  organization={Springer}
}

@article{irving2016deepmath,
  title={Deepmath-deep sequence models for premise selection},
  author={Irving, Geoffrey and Szegedy, Christian and Alemi, Alexander A and E{\'e}n, Niklas and Chollet, Fran{\c{c}}ois and Urban, Josef},
  journal={Advances in neural information processing systems},
  volume={29},
  year={2016}
}

@article{kaliszyk2017holstep,
  title={{HolStep}: A machine learning dataset for higher-order logic theorem proving},
  author={Kaliszyk, Cezary and Chollet, Fran{\c{c}}ois and Szegedy, Christian},
  journal={arXiv preprint arXiv:1703.00426},
  year={2017}
}

@article{ferreira2020natural,
  title={Natural language premise selection: Finding supporting statements for mathematical text},
  author={Ferreira, Deborah and Freitas, Andr{\'e}},
  journal={arXiv preprint arXiv:2004.14959},
  year={2020}
}

@article{polu2020generative,
  title={Generative language modeling for automated theorem proving},
  author={Polu, Stanislas and Sutskever, Ilya},
  journal={arXiv preprint arXiv:2009.03393},
  year={2020}
}


@inproceedings{jiang2021lisa,
  title={LISA: Language models of ISAbelle proofs},
  author={Jiang, Albert Qiaochu and Li, Wenda and Han, Jesse Michael and Wu, Yuhuai},
  booktitle={6th Conference on Artificial Intelligence and Theorem Proving},
  pages={378--392},
  year={2021}
}

@article{han2021proof,
  title={Proof artifact co-training for theorem proving with language models},
  author={Han, Jesse Michael and Rute, Jason and Wu, Yuhuai and Ayers, Edward W and Polu, Stanislas},
  journal={arXiv preprint arXiv:2102.06203},
  year={2021}
}

@inproceedings{wang2023dt,
  title={Dt-solver: Automated theorem proving with dynamic-tree sampling guided by proof-level value function},
  author={Wang, Haiming and Yuan, Ye and Liu, Zhengying and Shen, Jianhao and Yin, Yichun and Xiong, Jing and Xie, Enze and Shi, Han and Li, Yujun and Li, Lin and others},
  booktitle={Proceedings of the 61st Annual Meeting of the Association for Computational Linguistics (Volume 1: Long Papers)},
  pages={12632--12646},
  year={2023}
}


@article{lin2024lean,
  title={{Lean-STaR}: Learning to interleave thinking and proving},
  author={Lin, Haohan and Sun, Zhiqing and Yang, Yiming and Welleck, Sean},
  journal={arXiv preprint arXiv:2407.10040},
  year={2024}
}

@article{jiang2022draft,
  title={Draft, sketch, and prove: Guiding formal theorem provers with informal proofs},
  author={Jiang, Albert Q and Welleck, Sean and Zhou, Jin Peng and Li, Wenda and Liu, Jiacheng and Jamnik, Mateja and Lacroix, Timoth{\'e}e and Wu, Yuhuai and Lample, Guillaume},
  journal={arXiv preprint arXiv:2210.12283},
  year={2022}
}



@article{huang2024mustard,
  title={Mustard: Mastering uniform synthesis of theorem and proof data},
  author={Huang, Yinya and Lin, Xiaohan and Liu, Zhengying and Cao, Qingxing and Xin, Huajian and Wang, Haiming and Li, Zhenguo and Song, Linqi and Liang, Xiaodan},
  journal={arXiv preprint arXiv:2402.08957},
  year={2024}
}

@article{wu2020int,
  title={Int: An inequality benchmark for evaluating generalization in theorem proving},
  author={Wu, Yuhuai and Jiang, Albert Qiaochu and Ba, Jimmy and Grosse, Roger},
  journal={arXiv preprint arXiv:2007.02924},
  year={2020}
}

@inproceedings{wang2020learning,
  title={Learning to prove theorems by learning to generate theorems},
  author={Wang, Mingzhe and Deng, Jia},
  booktitle=NIPS,
  year={2020}
}

@article{poesia2024learning,
  title={Learning formal mathematics from intrinsic motivation},
  author={Poesia, Gabriel and Broman, David and Haber, Nick and Goodman, Noah D},
  journal={arXiv preprint arXiv:2407.00695},
  year={2024}
}

@book{robinson2001handbook,
  title={Handbook of automated reasoning},
  author={Robinson, Alan JA and Voronkov, Andrei},
  volume={1},
  year={2001}
}

@inproceedings{schulz2019faster,
  title={Faster, higher, stronger: {E} 2.3},
  author={Schulz, Stephan and Cruanes, Simon and Vukmirovi{\'c}, Petar},
  booktitle=CADE,
  year={2019}
}

@inproceedings{urban2011malecop,
  title={{MaLeCoP} machine learning connection prover},
  author={Urban, Josef and Vysko{\v{c}}il, Ji{\v{r}}{\'\i} and {\v{S}}t{\v{e}}p{\'a}nek, Petr},
  booktitle={International Conference on Automated Reasoning with Analytic Tableaux and Related Methods},
  year={2011}
}

@inproceedings{kaliszyk2018reinforcement,
  title={Reinforcement learning of theorem proving},
  author={Kaliszyk, Cezary and Urban, Josef and Michalewski, Henryk and Ol{\v{s}}{\'a}k, Miroslav},
  booktitle=NIPS,
  volume={31},
  year={2018}
}

@inproceedings{mikula2024magnushammer,
  title={{Magnushammer}: A Transformer-Based Approach to Premise Selection},
  author={Miku{\l}a, Maciej and Tworkowski, Szymon and Antoniak, Szymon and Piotrowski, Bartosz and Jiang, Albert Q and Zhou, Jin Peng and Szegedy, Christian and Kuci{\'n}ski, {\L}ukasz and Mi{\l}o{\'s}, Piotr and Wu, Yuhuai},
  booktitle=ICLR,
  year={2024}
}

@inproceedings{polu2023formal,
  title={Formal Mathematics Statement Curriculum Learning},
  author={Polu, Stanislas and Han, Jesse Michael and Zheng, Kunhao and Baksys, Mantas and Babuschkin, Igor and Sutskever, Ilya},
  booktitle=ICLR,
  year={2023}
}

@inproceedings{anthony2017thinking,
  title={Thinking fast and slow with deep learning and tree search},
  author={Anthony, Thomas and Tian, Zheng and Barber, David},
  booktitle=NIPS,
  year={2017}
}


@inproceedings{first2023baldur,
  title={{Baldur}: Whole-proof generation and repair with large language models},
  author={First, Emily and Rabe, Markus N and Ringer, Talia and Brun, Yuriy},
  booktitle=FSE,
  year={2023}
}


@article{tsoukalas2024putnambench,
  title={Putnambench: Evaluating neural theorem-provers on the putnam mathematical competition},
  author={Tsoukalas, George and Lee, Jasper and Jennings, John and Xin, Jimmy and Ding, Michelle and Jennings, Michael and Thakur, Amitayush and Chaudhuri, Swarat},
  journal={arXiv preprint arXiv:2407.11214},
  year={2024}
}

@inproceedings{gloeckle24abel,
  title={ABEL: Sample Efficient Online Reinforcement Learning for Neural Theorem Proving},
  author={Gloeckle, Fabian and Limperg, Jannis and Synnaeve, Gabriel and Hayat, Amaury},
  booktitle={The 4th Workshop on Mathematical Reasoning and AI at NeurIPS'24}
}

@article{thakur2023language,
  title={A language-agent approach to formal theorem-proving},
  author={Thakur, Amitayush and Wen, Yeming and Chaudhuri, Swarat},
  journal={arXiv preprint arXiv:2310.04353},
  year={2023}
}

@misc{alphaproof, 
    title={{AI} achieves silver-medal standard solving International Mathematical Olympiad problems}, 
    author={{Google DeepMind}},
    howpublished={\url{https://deepmind.google/discover/blog/ai-solves-imo-problems-at-silver-medal-level/}},
    year={2024}
} 

@article{meurer2017sympy,
  title={SymPy: symbolic computing in Python},
  author={Meurer, Aaron and Smith, Christopher P and Paprocki, Mateusz and {\v{C}}ert{\'\i}k, Ond{\v{r}}ej and Kirpichev, Sergey B and Rocklin, Matthew and Kumar, AMiT and Ivanov, Sergiu and Moore, Jason K and Singh, Sartaj and others},
  journal={PeerJ Computer Science},
  volume={3},
  pages={e103},
  year={2017},
  publisher={PeerJ Inc.}
}