@misc{alphaproof, 
    title={{AI} achieves silver-medal standard solving International Mathematical Olympiad problems}, 
    author={{Google DeepMind}},
    howpublished={\url{https://deepmind.google/discover/blog/ai-solves-imo-problems-at-silver-medal-level/}},
    year={2024}
}

@inproceedings{anthony2017thinking,
  title={Thinking fast and slow with deep learning and tree search},
  author={Anthony, Thomas and Tian, Zheng and Barber, David},
  booktitle=NIPS,
  year={2017}
}

@inproceedings{barbosa2022cvc5,
  title={cvc5: A versatile and industrial-strength SMT solver},
  author={Barbosa, Haniel and Barrett, Clark and Brain, Martin and Kremer, Gereon and Lachnitt, Hanna and Mann, Makai and Mohamed, Abdalrhman and Mohamed, Mudathir and Niemetz, Aina and N{\"o}tzli, Andres and others},
  booktitle={International Conference on Tools and Algorithms for the Construction and Analysis of Systems},
  pages={415--442},
  year={2022},
  organization={Springer}
}

@inproceedings{de2008z3,
  title={Z3: An efficient SMT solver},
  author={De Moura, Leonardo and Bj{\o}rner, Nikolaj},
  booktitle={International conference on Tools and Algorithms for the Construction and Analysis of Systems},
  pages={337--340},
  year={2008},
  organization={Springer}
}

@inproceedings{de2015lean,
  title={The Lean theorem prover (system description)},
  author={De Moura, Leonardo and Kong, Soonho and Avigad, Jeremy and Van Doorn, Floris and von Raumer, Jakob},
  booktitle={Automated Deduction-CADE-25: 25th International Conference on Automated Deduction, Berlin, Germany, August 1-7, 2015, Proceedings 25},
  pages={378--388},
  year={2015},
  organization={Springer}
}

@inproceedings{een2003extensible,
  title={An extensible SAT-solver},
  author={E{\'e}n, Niklas and S{\"o}rensson, Niklas},
  booktitle={International conference on theory and applications of satisfiability testing},
  pages={502--518},
  year={2003},
  organization={Springer}
}

@inproceedings{first2023baldur,
  title={{Baldur}: Whole-proof generation and repair with large language models},
  author={First, Emily and Rabe, Markus N and Ringer, Talia and Brun, Yuriy},
  booktitle=FSE,
  year={2023}
}

@article{irving2016deepmath,
  title={Deepmath-deep sequence models for premise selection},
  author={Irving, Geoffrey and Szegedy, Christian and Alemi, Alexander A and E{\'e}n, Niklas and Chollet, Fran{\c{c}}ois and Urban, Josef},
  journal={Advances in neural information processing systems},
  volume={29},
  year={2016}
}

@article{jiang2022draft,
  title={Draft, sketch, and prove: Guiding formal theorem provers with informal proofs},
  author={Jiang, Albert Q and Welleck, Sean and Zhou, Jin Peng and Li, Wenda and Liu, Jiacheng and Jamnik, Mateja and Lacroix, Timoth{\'e}e and Wu, Yuhuai and Lample, Guillaume},
  journal={arXiv preprint arXiv:2210.12283},
  year={2022}
}

@inproceedings{kaliszyk2018reinforcement,
  title={Reinforcement learning of theorem proving},
  author={Kaliszyk, Cezary and Urban, Josef and Michalewski, Henryk and Ol{\v{s}}{\'a}k, Miroslav},
  booktitle=NIPS,
  volume={31},
  year={2018}
}

@inproceedings{kovacs2013first,
  title={First-order theorem proving and Vampire},
  author={Kov{\'a}cs, Laura and Voronkov, Andrei},
  booktitle={International Conference on Computer Aided Verification},
  pages={1--35},
  year={2013},
  organization={Springer}
}

@article{li2024numinamath,
  title={Numinamath: The largest public dataset in ai4maths with 860k pairs of competition math problems and solutions},
  author={Li, Jia and Beeching, Edward and Tunstall, Lewis and Lipkin, Ben and Soletskyi, Roman and Huang, Shengyi and Rasul, Kashif and Yu, Longhui and Jiang, Albert Q and Shen, Ziju and others},
  journal={Hugging Face repository},
  volume={13},
  year={2024}
}

@article{lin2024lean,
  title={{Lean-STaR}: Learning to interleave thinking and proving},
  author={Lin, Haohan and Sun, Zhiqing and Yang, Yiming and Welleck, Sean},
  journal={arXiv preprint arXiv:2407.10040},
  year={2024}
}

@article{liu2024deepseek,
  title={Deepseek-v3 technical report},
  author={Liu, Aixin and Feng, Bei and Xue, Bing and Wang, Bingxuan and Wu, Bochao and Lu, Chengda and Zhao, Chenggang and Deng, Chengqi and Zhang, Chenyu and Ruan, Chong and others},
  journal={arXiv preprint arXiv:2412.19437},
  year={2024}
}

@inproceedings{mikula2024magnushammer,
  title={{Magnushammer}: A Transformer-Based Approach to Premise Selection},
  author={Miku{\l}a, Maciej and Tworkowski, Szymon and Antoniak, Szymon and Piotrowski, Bartosz and Jiang, Albert Q and Zhou, Jin Peng and Szegedy, Christian and Kuci{\'n}ski, {\L}ukasz and Mi{\l}o{\'s}, Piotr and Wu, Yuhuai},
  booktitle=ICLR,
  year={2024}
}

@inproceedings{moura2021lean,
  title={The {Lean} 4 theorem prover and programming language},
  author={Moura, Leonardo de and Ullrich, Sebastian},
  booktitle=CADE,
  year={2021}
}

@book{paulson1994isabelle,
  title={{Isabelle}: A generic theorem prover},
  author={Paulson, Lawrence C},
  year={1994}
}

@article{poesia2024learning,
  title={Learning formal mathematics from intrinsic motivation},
  author={Poesia, Gabriel and Broman, David and Haber, Nick and Goodman, Noah D},
  journal={arXiv preprint arXiv:2407.00695},
  year={2024}
}

@article{polu2020generative,
  title={Generative language modeling for automated theorem proving},
  author={Polu, Stanislas and Sutskever, Ilya},
  journal={arXiv preprint arXiv:2009.03393},
  year={2020}
}

@inproceedings{polu2023formal,
  title={Formal Mathematics Statement Curriculum Learning},
  author={Polu, Stanislas and Han, Jesse Michael and Zheng, Kunhao and Baksys, Mantas and Babuschkin, Igor and Sutskever, Ilya},
  booktitle=ICLR,
  year={2023}
}

@article{queue2019cadical,
  title={CaDiCaL at the SAT Race 2019},
  author={QUEUE, SEPARATE DECISION},
  journal={SAT RACE},
  volume={2019},
  pages={8},
  year={2019}
}

@book{robinson2001handbook,
  title={Handbook of automated reasoning},
  author={Robinson, Alan JA and Voronkov, Andrei},
  volume={1},
  year={2001}
}

@article{schulz2002brainiac,
  title={E--a brainiac theorem prover},
  author={Schulz, Stephan},
  journal={Ai Communications},
  volume={15},
  number={2-3},
  pages={111--126},
  year={2002},
  publisher={IOS Press}
}

@inproceedings{schulz2019faster,
  title={Faster, higher, stronger: {E} 2.3},
  author={Schulz, Stephan and Cruanes, Simon and Vukmirovi{\'c}, Petar},
  booktitle=CADE,
  year={2019}
}

@inproceedings{urban2011malecop,
  title={{MaLeCoP} machine learning connection prover},
  author={Urban, Josef and Vysko{\v{c}}il, Ji{\v{r}}{\'\i} and {\v{S}}t{\v{e}}p{\'a}nek, Petr},
  booktitle={International Conference on Automated Reasoning with Analytic Tableaux and Related Methods},
  year={2011}
}

@inproceedings{wang2020learning,
  title={Learning to prove theorems by learning to generate theorems},
  author={Wang, Mingzhe and Deng, Jia},
  booktitle=NIPS,
  year={2020}
}

@article{wang2024theoremllama,
  title={Theoremllama: Transforming general-purpose llms into lean4 experts},
  author={Wang, Ruida and Zhang, Jipeng and Jia, Yizhen and Pan, Rui and Diao, Shizhe and Pi, Renjie and Zhang, Tong},
  journal={arXiv preprint arXiv:2407.03203},
  year={2024}
}

@article{wu2020int,
  title={Int: An inequality benchmark for evaluating generalization in theorem proving},
  author={Wu, Yuhuai and Jiang, Albert Qiaochu and Ba, Jimmy and Grosse, Roger},
  journal={arXiv preprint arXiv:2007.02924},
  year={2020}
}

@article{wu2024internlm2,
  title={{InternLM2.5-StepProver}: Advancing automated theorem proving via expert iteration on large-scale lean problems},
  author={Wu, Zijian and Huang, Suozhi and Zhou, Zhejian and Ying, Huaiyuan and Wang, Jiayu and Lin, Dahua and Chen, Kai},
  journal={arXiv preprint arXiv:2410.15700},
  year={2024}
}

@article{xin2024deepseek,
  title={DeepSeek-Prover: Advancing Theorem Proving in LLMs through Large-Scale Synthetic Data},
  author={Xin, Huajian and Guo, Daya and Shao, Zhihong and Ren, Zhizhou and Zhu, Qihao and Liu, Bo and Ruan, Chong and Li, Wenda and Liang, Xiaodan},
  journal={arXiv preprint arXiv:2405.14333},
  year={2024}
}

@article{xin2024deepseekv15,
  title={DeepSeek-Prover-V1. 5: Harnessing Proof Assistant Feedback for Reinforcement Learning and Monte-Carlo Tree Search},
  author={Xin, Huajian and Ren, ZZ and Song, Junxiao and Shao, Zhihong and Zhao, Wanjia and Wang, Haocheng and Liu, Bo and Zhang, Liyue and Lu, Xuan and Du, Qiushi and others},
  journal={arXiv preprint arXiv:2408.08152},
  year={2024}
}

@article{yang2024leandojo,
  title={Leandojo: Theorem proving with retrieval-augmented language models},
  author={Yang, Kaiyu and Swope, Aidan and Gu, Alex and Chalamala, Rahul and Song, Peiyang and Yu, Shixing and Godil, Saad and Prenger, Ryan J and Anandkumar, Animashree},
  journal={Advances in Neural Information Processing Systems},
  volume={36},
  year={2024}
}

