@inproceedings{xuuncertainty,
  title={Uncertainty-Aware Failure Detection for Imitation Learning Robot Policies},
  author={Xu, Chen and Nguyen, Tony Khuong and Miller, Patrick and Lee, Robert and Shah, Paarth and Ambrus, Rares Andrei and Nishimura, Haruki and Itkina, Masha},
  booktitle={CoRL Workshop on Safe and Robust Robot Learning for Operation in the Real World}
}

@article{chen2024proedit,
  title={ProEdit: Simple Progression is All You Need for High-Quality {3D} Scene Editing},
  author={Chen, Jun-Kun and Wang, Yu-Xiong},
  journal={arXiv preprint arXiv:2411.05006},
  year={2024}
}

@article{bao20243d,
  title={3d {G}aussian splatting: Survey, technologies, challenges, and opportunities},
  author={Bao, Yanqi and Ding, Tianyu and Huo, Jing and Liu, Yaoli and Li, Yuxin and Li, Wenbin and Gao, Yang and Luo, Jiebo},
  journal={arXiv preprint arXiv:2407.17418},
  year={2024}
}

@inproceedings{luo2024online,
  title={Online distribution shift detection via recency prediction},
  author={Luo, Rachel and Sinha, Rohan and Sun, Yixiao and Hindy, Ali and Zhao, Shengjia and Savarese, Silvio and Schmerling, Edward and Pavone, Marco},
  booktitle={2024 IEEE International Conference on Robotics and Automation (ICRA)},
  pages={16251--16263},
  year={2024},
  organization={IEEE}
}

@article{pumacay2024colosseum,
  title     = {{THE COLOSSEUM}: A Benchmark for Evaluating Generalization for Robotic Manipulation}, 
  author    = {Pumacay, Wilbert and Singh, Ishika and Duan, Jiafei and Krishna, Ranjay and Thomason, Jesse and Fox, Dieter},
  booktitle = {arXiv preprint arXiv:2402.08191},
  year      = {2024},
}

@article{zar2005spearman,
  title={Spearman rank correlation},
  author={Zar, Jerrold H},
  journal={Encyclopedia of Biostatistics},
  volume={7},
  year={2005},
  publisher={Wiley Online Library}
}

@article{chi2023diffusion,
  title={Diffusion policy: Visuomotor policy learning via action diffusion},
  author={Chi, Cheng and Xu, Zhenjia and Feng, Siyuan and Cousineau, Eric and Du, Yilun and Burchfiel, Benjamin and Tedrake, Russ and Song, Shuran},
  journal={The International Journal of Robotics Research},
  year={2023},
  publisher={SAGE Publications Sage UK: London, England}
}

@article{angelopoulos2021gentle,
  title={A gentle introduction to conformal prediction and distribution-free uncertainty quantification},
  author={Angelopoulos, Anastasios N and Bates, Stephen},
  journal={arXiv preprint arXiv:2107.07511},
  year={2021}
}

@book{vovk2005algorithmic,
  title={Algorithmic Learning in a Random World},
  author={Vovk, Vladimir and Gammerman, Alexander and Shafer, Glenn},
  volume={29},
  year={2005},
  publisher={Springer}
}

@article{levine2020offline,
  title={Offline reinforcement learning: Tutorial, review, and perspectives on open problems},
  author={Levine, Sergey and Kumar, Aviral and Tucker, George and Fu, Justin},
  journal={arXiv preprint arXiv:2005.01643},
  year={2020}
}

@article{ryoo2021tokenlearner,
  title={Tokenlearner: Adaptive space-time tokenization for videos},
  author={Ryoo, Michael and Piergiovanni, AJ and Arnab, Anurag and Dehghani, Mostafa and Angelova, Anelia},
  journal={Advances in neural information processing systems},
  volume={34},
  pages={12786--12797},
  year={2021}
}

@inproceedings{belkhale2023hydra,
  title={Hydra: Hybrid robot actions for imitation learning},
  author={Belkhale, Suneel and Cui, Yuchen and Sadigh, Dorsa},
  booktitle={Proceedings of the Conference on Robot Learning},
  pages={2113--2133},
  year={2023},
}

@inproceedings{sindhwani2020unsupervised,
  title={Unsupervised anomaly detection for self-flying delivery drones},
  author={Sindhwani, Vikas and Sidahmed, Hakim and Choromanski, Krzysztof and Jones, Brandon},
  booktitle={2020 IEEE international conference on robotics and automation (ICRA)},
  pages={186--192},
  year={2020},
  organization={IEEE}
}

@inproceedings{hanna2017bootstrapping,
  title={Bootstrapping with models: Confidence intervals for off-policy evaluation},
  author={Hanna, Josiah and Stone, Peter and Niekum, Scott},
  booktitle={Proceedings of the AAAI Conference on Artificial Intelligence},
  volume={31},
  number={1},
  year={2017}
}

@inproceedings{hallak2017consistent,
  title={Consistent on-line off-policy evaluation},
  author={Hallak, Assaf and Mannor, Shie},
  booktitle={Proceedings of the International Conference on Machine Learning (ICML)},
  pages={1372--1383},
  year={2017},
}

@inproceedings{farajtabar2018more,
  title={More robust doubly robust off-policy evaluation},
  author={Farajtabar, Mehrdad and Chow, Yinlam and Ghavamzadeh, Mohammad},
  booktitle={Proceedings of the International Conference on Machine Learning (ICML)},
  pages={1447--1456},
  year={2018}
}

@article{precup2000eligibility,
  title={Eligibility traces for off-policy policy evaluation},
  author={Precup, Doina},
  journal={Computer Science Department Faculty Publication Series},
  pages={80},
  year={2000}
}

@article{hancock2024run,
  title={Run-time Observation Interventions Make Vision-Language-Action Models More Visually Robust},
  author={Hancock, Asher J and Ren, Allen Z and Majumdar, Anirudha},
  journal={arXiv preprint arXiv:2410.01971},
  year={2024}
}

@article{shah2023vint,
  title={ViNT: A foundation model for visual navigation},
  author={Shah, Dhruv and Sridhar, Ajay and Dashora, Nitish and Stachowicz, Kyle and Black, Kevin and Hirose, Noriaki and Levine, Sergey},
  journal={arXiv preprint arXiv:2306.14846},
  year={2023}
}

@article{black2023zero,
  title={Zero-shot robotic manipulation with pretrained image-editing diffusion models},
  author={Black, Kevin and Nakamoto, Mitsuhiko and Atreya, Pranav and Walke, Homer and Finn, Chelsea and Kumar, Aviral and Levine, Sergey},
  journal={arXiv preprint arXiv:2310.10639},
  year={2023}
}

@article{chen2024rovi,
  title={Ro{V}i-{A}ug: Robot and viewpoint augmentation for cross-embodiment robot learning},
  author={Chen, Lawrence Yunliang and Xu, Chenfeng and Dharmarajan, Karthik and Irshad, Muhammad Zubair and Cheng, Richard and Keutzer, Kurt and Tomizuka, Masayoshi and Vuong, Quan and Goldberg, Ken},
  journal={arXiv preprint arXiv:2409.03403},
  year={2024}
}

@inproceedings{bharadhwaj2024roboagent,
  title={Roboagent: Generalization and efficiency in robot manipulation via semantic augmentations and action chunking},
  author={Bharadhwaj, Homanga and Vakil, Jay and Sharma, Mohit and Gupta, Abhinav and Tulsiani, Shubham and Kumar, Vikash},
  booktitle={Proceedings of the IEEE International Conference on Robotics and Automation (ICRA)},
  pages={4788--4795},
  year={2024}
}

@article{yu2023scaling,
  title={Scaling robot learning with semantically imagined experience},
  author={Yu, Tianhe and Xiao, Ted and Stone, Austin and Tompson, Jonathan and Brohan, Anthony and Wang, Su and Singh, Jaspiar and Tan, Clayton and Peralta, Jodilyn and Ichter, Brian and others},
  journal={arXiv preprint arXiv:2302.11550},
  year={2023}
}

@article{yu2023inpaint,
  title={Inpaint anything: Segment anything meets image inpainting},
  author={Yu, Tao and Feng, Runseng and Feng, Ruoyu and Liu, Jinming and Jin, Xin and Zeng, Wenjun and Chen, Zhibo},
  journal={arXiv preprint arXiv:2304.06790},
  year={2023}
}

@article{nichol2021glide,
  title={Glide: Towards photorealistic image generation and editing with text-guided diffusion models},
  author={Nichol, Alex and Dhariwal, Prafulla and Ramesh, Aditya and Shyam, Pranav and Mishkin, Pamela and McGrew, Bob and Sutskever, Ilya and Chen, Mark},
  journal={arXiv preprint arXiv:2112.10741},
  year={2021}
}

@article{betker2023improving,
  title={Improving image generation with better captions},
  author={Betker, James and Goh, Gabriel and Jing, Li and Brooks, Tim and Wang, Jianfeng and Li, Linjie and Ouyang, Long and Zhuang, Juntang and Lee, Joyce and Guo, Yufei and others},
  journal={OpenAI},
  year={2023}
}

@inproceedings{zhu2020domain,
  title={In-domain {GAN} inversion for real image editing},
  author={Zhu, Jiapeng and Shen, Yujun and Zhao, Deli and Zhou, Bolei},
  booktitle={European conference on computer vision},
  pages={592--608},
  year={2020},
  organization={Springer}
}

@article{ling2021editgan,
  title={Editgan: High-precision semantic image editing},
  author={Ling, Huan and Kreis, Karsten and Li, Daiqing and Kim, Seung Wook and Torralba, Antonio and Fidler, Sanja},
  journal={Advances in Neural Information Processing Systems},
  volume={34},
  pages={16331--16345},
  year={2021}
}

@article{baldridge2024imagen,
  title={Imagen 3},
  author={Baldridge, Jason and Bauer, Jakob and Bhutani, Mukul and Brichtova, Nicole and Bunner, Andrew and Chan, Kelvin and Chen, Yichang and Dieleman, Sander and Du, Yuqing and Eaton-Rosen, Zach and others},
  journal={arXiv preprint arXiv:2408.07009},
  year={2024}
}

@article{luo2024sample,
  title={Sample-efficient safety assurances using conformal prediction},
  author={Luo, Rachel and Zhao, Shengjia and Kuck, Jonathan and Ivanovic, Boris and Savarese, Silvio and Schmerling, Edward and Pavone, Marco},
  journal={The International Journal of Robotics Research},
  volume={43},
  number={9},
  pages={1409--1424},
  year={2024},
  publisher={SAGE Publications Sage UK: London, England}
}

@inproceedings{sinha2023closing,
  title={Closing the loop on runtime monitors with Fallback-Safe {MPC}},
  author={Sinha, Rohan and Schmerling, Edward and Pavone, Marco},
  booktitle={2023 62nd IEEE Conference on Decision and Control (CDC)},
  pages={6533--6540},
  year={2023},
  organization={IEEE}
}

@article{lindemann2024formal,
  title={Formal verification and control with conformal prediction},
  author={Lindemann, Lars and Zhao, Yiqi and Yu, Xinyi and Pappas, George J and Deshmukh, Jyotirmoy V},
  journal={arXiv preprint arXiv:2409.00536},
  year={2024}
}

@inproceedings{dixit2024perceive,
  title={Perceive with confidence: Statistical safety assurances for navigation with learning-based perception},
  author={Dixit, Anushri and Mei, Zhiting and Booker, Meghan and Storey-Matsutani, Mariko and Ren, Allen Z and Majumdar, Anirudha},
  booktitle={Proceedings of the Conference on Robot Learning (CoRL)},
  year={2024}
}

@article{ren2023robots,
  title={Robots that ask for help: Uncertainty alignment for large language model planners},
  author={Ren, Allen Z and Dixit, Anushri and Bodrova, Alexandra and Singh, Sumeet and Tu, Stephen and Brown, Noah and Xu, Peng and Takayama, Leila and Xia, Fei and Varley, Jake and others},
  journal={arXiv preprint arXiv:2307.01928},
  year={2023}
}

@inproceedings{dixit2023adaptive,
  title={Adaptive conformal prediction for motion planning among dynamic agents},
  author={Dixit, Anushri and Lindemann, Lars and Wei, Skylar X and Cleaveland, Matthew and Pappas, George J and Burdick, Joel W},
  booktitle={Learning for Dynamics and Control Conference},
  pages={300--314},
  year={2023},
  organization={PMLR}
}

@article{lindemann2023safe,
  title={Safe planning in dynamic environments using conformal prediction},
  author={Lindemann, Lars and Cleaveland, Matthew and Shim, Gihyun and Pappas, George J},
  journal={IEEE Robotics and Automation Letters},
  year={2023},
  publisher={IEEE}
}

@article{laxhammar2013online,
  title={Online learning and sequential anomaly detection in trajectories},
  author={Laxhammar, Rikard and Falkman, G{\"o}ran},
  journal={IEEE Transactions on Pattern Analysis and Machine Intelligence},
  volume={36},
  number={6},
  pages={1158--1173},
  year={2013},
  publisher={IEEE}
}

@inproceedings{richter2017safe,
  title={Safe visual navigation via deep learning and novelty detection},
  author={Richter, Charles and Roy, Nicholas},
  year={2017},
  booktitle={Proceedings of Robotics: Science and Systems (RSS)}
}

@article{sinha2024real,
  title={Real-time anomaly detection and reactive planning with large language models},
  author={Sinha, Rohan and Elhafsi, Amine and Agia, Christopher and Foutter, Matthew and Schmerling, Edward and Pavone, Marco},
  journal={arXiv preprint arXiv:2407.08735},
  year={2024}
}

@article{sinha2022system,
  title={A system-level view on out-of-distribution data in robotics},
  author={Sinha, Rohan and Sharma, Apoorva and Banerjee, Somrita and Lew, Thomas and Luo, Rachel and Richards, Spencer M and Sun, Yixiao and Schmerling, Edward and Pavone, Marco},
  journal={arXiv preprint arXiv:2212.14020},
  year={2022}
}

@article{salehi2021unified,
  title={A unified survey on anomaly, novelty, open-set, and out-of-distribution detection: Solutions and future challenges},
  author={Salehi, Mohammadreza and Mirzaei, Hossein and Hendrycks, Dan and Li, Yixuan and Rohban, Mohammad Hossein and Sabokrou, Mohammad},
  journal={arXiv preprint arXiv:2110.14051},
  year={2021}
}

@article{xie2022ask,
  title={When to ask for help: Proactive interventions in autonomous reinforcement learning},
  author={Xie, Annie and Tajwar, Fahim and Sharma, Archit and Finn, Chelsea},
  journal={Advances in Neural Information Processing Systems},
  volume={35},
  pages={16918--16930},
  year={2022}
}

@inproceedings{gokmen2023asking,
  title={Asking for help: Failure prediction in behavioral cloning through value approximation},
  author={Gokmen, Cem and Ho, Daniel and Khansari, Mohi},
  booktitle={Proceedings of the IEEE International Conference on Robotics and Automation (ICRA)},
  pages={5821--5828},
  year={2023},
}

@inproceedings{liu2024model,
  title={Model-based runtime monitoring with interactive imitation learning},
  author={Liu, Huihan and Dass, Shivin and Mart{\'\i}n-Mart{\'\i}n, Roberto and Zhu, Yuke},
  booktitle={Proceedings of the IEEE International Conference on Robotics and Automation (ICRA)},
  pages={4154--4161},
  year={2024},
}

@inproceedings{farid2022failure,
  title={Failure prediction with statistical guarantees for vision-based robot control},
  author={Farid, Alec and Snyder, David and Ren, Allen Z. and Majumdar, Anirudha},
  booktitle={Proceedings of Robotics: Science and Systems (RSS)},
  year={2022}
}

@inproceedings{alshiekh2018safe,
  title={Safe reinforcement learning via shielding},
  author={Alshiekh, Mohammed and Bloem, Roderick and Ehlers, R{\"u}diger and K{\"o}nighofer, Bettina and Niekum, Scott and Topcu, Ufuk},
  booktitle={Proceedings of the AAAI Conference on Artificial Intelligence},
  volume={32},
  number={1},
  year={2018}
}

@article{ames2016control,
  title={Control barrier function based quadratic programs for safety critical systems},
  author={Ames, Aaron D and Xu, Xiangru and Grizzle, Jessy W and Tabuada, Paulo},
  journal={IEEE Transactions on Automatic Control},
  volume={62},
  number={8},
  pages={3861--3876},
  year={2016},
  publisher={IEEE}
}

@article{hsu2023safety,
  title={The safety filter: A unified view of safety-critical control in autonomous systems},
  author={Hsu, Kai-Chieh and Hu, Haimin and Fisac, Jaime F},
  journal={Annual Review of Control, Robotics, and Autonomous Systems},
  volume={7},
  year={2023},
  publisher={Annual Reviews}
}

@article{hsu2023sim,
  title={Sim-to-lab-to-real: Safe reinforcement learning with shielding and generalization guarantees},
  author={Hsu, Kai-Chieh and Ren, Allen Z and Nguyen, Duy P and Majumdar, Anirudha and Fisac, Jaime F},
  journal={Artificial Intelligence},
  volume={314},
  pages={103811},
  year={2023},
  publisher={Elsevier}
}

@inproceedings{akametalu2014reachability,
  title={Reachability-based safe learning with Gaussian processes},
  author={Akametalu, Anayo K and Fisac, Jaime F and Gillula, Jeremy H and Kaynama, Shahab and Zeilinger, Melanie N and Tomlin, Claire J},
  booktitle={Proceedings of the 53rd IEEE Conference on Decision and Control},
  pages={1424--1431},
  year={2014},
}

@article{robey2024jailbreaking,
  title={Jailbreaking {LLM}-controlled robots},
  author={Robey, Alexander and Ravichandran, Zachary and Kumar, Vijay and Hassani, Hamed and Pappas, George J},
  journal={arXiv preprint arXiv:2410.13691},
  year={2024}
}

@article{karnik2024embodied,
  title={Embodied Red Teaming for Auditing Robotic Foundation Models},
  author={Karnik, Sathwik and Hong, Zhang-Wei and Abhangi, Nishant and Lin, Yen-Chen and Wang, Tsun-Hsuan and Agrawal, Pulkit},
  journal={arXiv preprint arXiv:2411.18676},
  year={2024}
}

@inproceedings{liu2024arondight,
  title={Arondight: Red teaming large vision language models with auto-generated multi-modal jailbreak prompts},
  author={Liu, Yi and Cai, Chengjun and Zhang, Xiaoli and Yuan, Xingliang and Wang, Cong},
  booktitle={Proceedings of the 32nd ACM International Conference on Multimedia},
  pages={3578--3586},
  year={2024}
}

@article{li2024red,
  title={Red teaming visual language models},
  author={Li, Mukai and Li, Lei and Yin, Yuwei and Ahmed, Masood and Liu, Zhenguang and Liu, Qi},
  journal={arXiv preprint arXiv:2401.12915},
  year={2024}
}

@article{mehrotra2023tree,
  title={Tree of attacks: Jailbreaking black-box {LLM}s automatically},
  author={Mehrotra, Anay and Zampetakis, Manolis and Kassianik, Paul and Nelson, Blaine and Anderson, Hyrum and Singer, Yaron and Karbasi, Amin},
  journal={arXiv preprint arXiv:2312.02119},
  year={2023}
}

@article{liu2023autodan,
  title={Auto{DAN}: Generating stealthy jailbreak prompts on aligned large language models},
  author={Liu, Xiaogeng and Xu, Nan and Chen, Muhao and Xiao, Chaowei},
  journal={arXiv preprint arXiv:2310.04451},
  year={2023}
}

@article{chao2023jailbreaking,
  title={Jailbreaking black box large language models in twenty queries},
  author={Chao, Patrick and Robey, Alexander and Dobriban, Edgar and Hassani, Hamed and Pappas, George J and Wong, Eric},
  journal={arXiv preprint arXiv:2310.08419},
  year={2023}
}

@article{zou2023universal,
  title={Universal and transferable adversarial attacks on aligned language models},
  author={Zou, Andy and Wang, Zifan and Carlini, Nicholas and Nasr, Milad and Kolter, J Zico and Fredrikson, Matt},
  journal={arXiv preprint arXiv:2307.15043},
  year={2023}
}

@article{tong2024mass,
  title={Mass-producing failures of multimodal systems with language models},
  author={Tong, Shengbang and Jones, Erik and Steinhardt, Jacob},
  journal={Advances in Neural Information Processing Systems},
  volume={36},
  year={2024}
}

@article{perez2022red,
  title={Red teaming language models with language models},
  author={Perez, Ethan and Huang, Saffron and Song, Francis and Cai, Trevor and Ring, Roman and Aslanides, John and Glaese, Amelia and McAleese, Nat and Irving, Geoffrey},
  journal={arXiv preprint arXiv:2202.03286},
  year={2022}
}

@article{wei2024jailbroken,
  title={Jailbroken: How does {LLM} safety training fail?},
  author={Wei, Alexander and Haghtalab, Nika and Steinhardt, Jacob},
  journal={Advances in Neural Information Processing Systems},
  volume={36},
  year={2024}
}

@article{bai2022training,
  title={Training a helpful and harmless assistant with reinforcement learning from human feedback},
  author={Bai, Yuntao and Jones, Andy and Ndousse, Kamal and Askell, Amanda and Chen, Anna and DasSarma, Nova and Drain, Dawn and Fort, Stanislav and Ganguli, Deep and Henighan, Tom and others},
  journal={arXiv preprint arXiv:2204.05862},
  year={2022}
}

@article{ganguli2022red,
  title={Red teaming language models to reduce harms: Methods, scaling behaviors, and lessons learned},
  author={Ganguli, Deep and Lovitt, Liane and Kernion, Jackson and Askell, Amanda and Bai, Yuntao and Kadavath, Saurav and Mann, Ben and Perez, Ethan and Schiefer, Nicholas and Ndousse, Kamal and others},
  journal={arXiv preprint arXiv:2209.07858},
  year={2022}
}

@article{team2023gemini,
  title={Gemini: a family of highly capable multimodal models},
  author={Team, Gemini and Anil, Rohan and Borgeaud, Sebastian and Alayrac, Jean-Baptiste and Yu, Jiahui and Soricut, Radu and Schalkwyk, Johan and Dai, Andrew M and Hauth, Anja and Millican, Katie and others},
  journal={arXiv preprint arXiv:2312.11805},
  year={2023}
}

@article{achiam2023gpt,
  title={{GPT}-4 technical report},
  author={Achiam, Josh and Adler, Steven and Agarwal, Sandhini and Ahmad, Lama and Akkaya, Ilge and Aleman, Florencia Leoni and Almeida, Diogo and Altenschmidt, Janko and Altman, Sam and Anadkat, Shyamal and others},
  journal={arXiv preprint arXiv:2303.08774},
  year={2023}
}

@book{zenko2015red,
  title={Red Team: How To Succeed By Thinking Like The Enemy},
  author={Zenko, Micah},
  year={2015},
  publisher={Basic Books}
}

@article{McGeer01041990,
  author = {McGeer, Tad}, 
  title = {\href{http://ijr.sagepub.com/content/9/2/62.abstract}{Passive Dynamic Walking}}, 
  volume = {9}, 
  number = {2}, 
  pages = {62-82}, 
  year = {1990}, 
  doi = {10.1177/027836499000900206}, 
  URL = {http://ijr.sagepub.com/content/9/2/62.abstract}, 
  eprint = {http://ijr.sagepub.com/content/9/2/62.full.pdf+html}, 
  journal = {The International Journal of Robotics Research}
}

@article{kalman1960new,
  title={A new approach to linear filtering and prediction problems},
  author={Kalman, R.E.},
  journal={Journal of Basic Engineering},
  volume={82},
  number={1},
  pages={35--45},
  year={1960},
  publisher={Citeseer}
}

@article{diffusion-policy,
  title={Diffusion policy: Visuomotor policy learning via action diffusion},
  author={Chi, Cheng and Xu, Zhenjia and Feng, Siyuan and Cousineau, Eric and Du, Yilun and Burchfiel, Benjamin and Tedrake, Russ and Song, Shuran},
  journal={The International Journal of Robotics Research},
  pages={02783649241273668},
  year={2023},
  publisher={SAGE Publications Sage UK: London, England}
}

@article{reuss2023goal,
  title={Goal-conditioned imitation learning using score-based diffusion policies},
  author={Reuss, Moritz and Li, Maximilian and Jia, Xiaogang and Lioutikov, Rudolf},
  journal={arXiv preprint arXiv:2304.02532},
  year={2023}
}

% ViT - dosovitskiy
@article{vit,
  title={An image is worth 16x16 words: Transformers for image recognition at scale},
  author={Dosovitskiy, Alexey  and Beyer, Lucas and Kolesnikov, Alexander and Weissenborn, Dirk and Zhai, Xiaohua  and Unterthiner, Thomas and Dehghani, Mostafa and Minderer, Matthias  and Heigold, Georg and Gelly, Sylvain and Uszkoreit, Jakob and Houlsby, Neil},
  journal={arXiv preprint arXiv:2010.11929},
  year={2020}
}

% DiT
@inproceedings{diffusion-transformer,
  title={Scalable diffusion models with transformers},
  author={Peebles, William and Xie, Saining},
  booktitle={Proceedings of the IEEE/CVF International Conference on Computer Vision},
  pages={4195--4205},
  year={2023}
}

% Stable diffusion 3
@inproceedings{esser2024scaling,
  title={Scaling rectified flow transformers for high-resolution image synthesis},
  author={Esser, Patrick and Kulal, Sumith and Blattmann, Andreas and Entezari, Rahim and M{\"u}ller, Jonas and Saini, Harry and Levi, Yam and Lorenz, Dominik and Sauer, Axel and Boesel, Frederic and others},
  booktitle={Proceedings of the International Conference on Machine Learning},
  year={2024}
}

% control-net 
@inproceedings{controlnet,
  title={Adding conditional control to text-to-image diffusion models},
  author={Zhang, Lvmin and Rao, Anyi and Agrawala, Maneesh},
  booktitle={Proceedings of the IEEE/CVF International Conference on Computer Vision},
  pages={3836--3847},
  year={2023}
}

@article{saharia2022photorealistic,
  title={Photorealistic text-to-image diffusion models with deep language understanding},
  author={Saharia, Chitwan and Chan, William and Saxena, Saurabh and Li, Lala and Whang, Jay and Denton, Emily L and Ghasemipour, Kamyar and Gontijo Lopes, Raphael and Karagol Ayan, Burcu and Salimans, Tim and others},
  journal={Advances in neural information processing systems},
  volume={35},
  pages={36479--36494},
  year={2022}
}

@article{rando2022red,
  title={Red-teaming the stable diffusion safety filter},
  author={Rando, Javier and Paleka, Daniel and Lindner, David and Heim, Lennart and Tram{\`e}r, Florian},
  journal={arXiv preprint arXiv:2210.04610},
  year={2022}
}

@inproceedings{gandikota2023erasing,
  title={Erasing concepts from diffusion models},
  author={Gandikota, Rohit and Materzynska, Joanna and Fiotto-Kaufman, Jaden and Bau, David},
  booktitle={Proceedings of the IEEE/CVF International Conference on Computer Vision},
  pages={2426--2436},
  year={2023}
}

@article{chen2024semantically,
  title={Semantically controllable augmentations for generalizable robot learning},
  author={Chen, Zoey and Mandi, Zhao and Bharadhwaj, Homanga and Sharma, Mohit and Song, Shuran and Gupta, Abhishek and Kumar, Vikash},
  journal={The International Journal of Robotics Research},
  pages={02783649241273686},
  year={2024},
  publisher={SAGE Publications Sage UK: London, England}
}

@article{chen2023genaug,
  title={Genaug: Retargeting behaviors to unseen situations via generative augmentation},
  author={Chen, Zoey and Kiami, Sho and Gupta, Abhishek and Kumar, Vikash},
  journal={arXiv preprint arXiv:2302.06671},
  year={2023}
}

@article{karras2022elucidating,
  title={Elucidating the design space of diffusion-based generative models},
  author={Karras, Tero and Aittala, Miika and Aila, Timo and Laine, Samuli},
  journal={Advances in neural information processing systems},
  volume={35},
  pages={26565--26577},
  year={2022}
}