@article{Neyman2021AreYS,
  title={Are You Smarter Than a Random Expert? The Robust Aggregation of Substitutable Signals},
  author={Eric Neyman and Tim Roughgarden},
  journal={ArXiv},
  year={2021},
  volume={abs/2111.03153}
}

@article{acemoglu2011bayesian,
  title={Bayesian learning in social networks},
  author={Acemoglu, Daron and Dahleh, Munther A and Lobel, Ilan and Ozdaglar, Asuman},
  journal={The Review of Economic Studies},
  volume={78},
  number={4},
  pages={1201--1236},
  year={2011},
  publisher={Oxford University Press}
}

@article{armstrong2001combining,
  title={Combining forecasts},
  author={Armstrong, J Scott},
  journal={Principles of forecasting: A handbook for researchers and practitioners},
  pages={417--439},
  year={2001},
  publisher={Springer}
}

@article{aumann1976agreeing,
  title={Agreeing to disagree},
  author={Aumann, Robert J},
  journal={The annals of statistics},
  volume={4},
  number={6},
  pages={1236--1239},
  year={1976},
  publisher={Institute of Mathematical Statistics}
}

@article{babichenko2021learning,
  title={Learning optimal forecast aggregation in partial evidence environments},
  author={Babichenko, Yakov and Garber, Dan},
  journal={Mathematics of Operations Research},
  volume={46},
  number={2},
  pages={628--641},
  year={2021},
  publisher={INFORMS}
}

@article{banerjee1992simple,
  title={A simple model of herd behavior},
  author={Banerjee, Abhijit V},
  journal={The quarterly journal of economics},
  volume={107},
  number={3},
  pages={797--817},
  year={1992},
  publisher={MIT Press}
}

@article{bikhchandani1998learning,
  title={Learning from the behavior of others: Conformity, fads, and informational cascades},
  author={Bikhchandani, Sushil and Hirshleifer, David and Welch, Ivo},
  journal={Journal of economic perspectives},
  volume={12},
  number={3},
  pages={151--170},
  year={1998},
  publisher={American Economic Association}
}

@article{bowman2022measuring,
  title={Measuring progress on scalable oversight for large language models},
  author={Bowman, Samuel R and Hyun, Jeeyoon and Perez, Ethan and Chen, Edwin and Pettit, Craig and Heiner, Scott and Luko{\v{s}}i{\=u}t{\.e}, Kamil{\.e} and Askell, Amanda and Jones, Andy and Chen, Anna and others},
  journal={arXiv preprint arXiv:2211.03540},
  year={2022}
}

@article{chen2010gaming,
  title={Gaming prediction markets: Equilibrium strategies with a market maker},
  author={Chen, Yiling and Dimitrov, Stanko and Sami, Rahul and Reeves, Daniel M and Pennock, David M and Hanson, Robin D and Fortnow, Lance and Gonen, Rica},
  journal={Algorithmica},
  volume={58},
  pages={930--969},
  year={2010},
  publisher={Springer}
}

@article{dalkey1963experimental,
  title={An experimental application of the Delphi method to the use of experts},
  author={Dalkey, Norman and Helmer, Olaf},
  journal={Management science},
  volume={9},
  number={3},
  pages={458--467},
  year={1963},
  publisher={INFORMS}
}

@article{dasaratha2019aggregative,
  title={Aggregative Efficiency of Bayesian Learning in Networks},
  author={Dasaratha, Krishna and He, Kevin},
  journal={arXiv preprint arXiv:1911.10116},
  year={2019}
}

@article{degroot1974reaching,
  title={Reaching a consensus},
  author={DeGroot, Morris H},
  journal={Journal of the American Statistical association},
  volume={69},
  number={345},
  pages={118--121},
  year={1974},
  publisher={Taylor \& Francis}
}

@article{dietrich2024deliberation,
  title={Deliberation and the Wisdom of Crowds},
  author={Dietrich, Franz and Spiekermann, Kai},
  journal={Economic Theory},
  pages={1--53},
  year={2024},
  publisher={Springer}
}

@article{ding2021deliberation,
  title={Deliberation and epistemic democracy},
  author={Ding, Huihui and Pivato, Marcus},
  journal={Journal of Economic Behavior \& Organization},
  volume={185},
  pages={138--167},
  year={2021},
  publisher={Elsevier}
}

@article{fama1970efficient,
  title={Efficient capital markets},
  author={Fama, Eugene F},
  journal={Journal of finance},
  volume={25},
  number={2},
  pages={383--417},
  year={1970}
}

@inproceedings{frongillo2015elicitation,
  title={Elicitation for aggregation},
  author={Frongillo, Rafael and Chen, Yiling and Kash, Ian},
  booktitle={Proceedings of the AAAI Conference on Artificial Intelligence},
  volume={29},
  number={1},
  year={2015}
}

@article{geanakoplos1982we,
  title={We can't disagree forever},
  author={Geanakoplos, John D and Polemarchakis, Heraklis M},
  journal={Journal of Economic theory},
  volume={28},
  number={1},
  pages={192--200},
  year={1982},
  publisher={Elsevier}
}

@article{golub2017learning,
  title={Learning in social networks},
  author={Golub, Benjamin and Sadler, Evan},
  journal={Available at SSRN 2919146},
  year={2017}
}

@article{graeber2024explanations,
  title={Explanations},
  author={Graeber, Thomas and Roth, Christopher and Schesch, Constantin},
  year={2024},
  publisher={CESifo Working Paper}
}

@article{hanson2003combinatorial,
  title={Combinatorial information market design},
  author={Hanson, Robin},
  journal={Information Systems Frontiers},
  volume={5},
  pages={107--119},
  year={2003},
  publisher={Springer}
}

@techreport{helmer1967analysis,
  title={Analysis of the future: The Delphi method},
  author={Helmer, Olaf},
  year={1967},
  institution={Rand Corp Santa Monica CA}
}

@article{hkazla2021bayesian,
  title={Bayesian decision making in groups is hard},
  author={Hązła, Jan and Jadbabaie, Ali and Mossel, Elchanan and Rahimian, M Amin},
  journal={Operations Research},
  volume={69},
  number={2},
  pages={632--654},
  year={2021},
  publisher={INFORMS}
}

@inproceedings{hubinger2020ai,
  title={AI safety via market making},
  author={Hubinger, Evan},
  booktitle={AI Alignment Forum},
  year={2020}
}

@article{irving2018ai,
  title={AI safety via debate},
  author={Irving, Geoffrey and Christiano, Paul and Amodei, Dario},
  journal={arXiv preprint arXiv:1805.00899},
  year={2018}
}

@article{khan2024debating,
  title={Debating with more persuasive llms leads to more truthful answers},
  author={Khan, Akbir and Hughes, John and Valentine, Dan and Ruis, Laura and Sachan, Kshitij and Radhakrishnan, Ansh and Grefenstette, Edward and Bowman, Samuel R and Rockt{\"a}schel, Tim and Perez, Ethan},
  journal={arXiv preprint arXiv:2402.06782},
  year={2024}
}

@article{kong2022false,
  title={False Consensus, Information Theory, and Prediction Markets},
  author={Kong, Yuqing and Schoenebeck, Grant},
  journal={arXiv preprint arXiv:2206.02993},
  year={2022}
}

@article{lorenz2011social,
  title={How social influence can undermine the wisdom of crowd effect},
  author={Lorenz, Jan and Rauhut, Heiko and Schweitzer, Frank and Helbing, Dirk},
  journal={Proceedings of the national academy of sciences},
  volume={108},
  number={22},
  pages={9020--9025},
  year={2011},
  publisher={National Acad Sciences}
}

@article{michael2023debate,
  title={Debate helps supervise unreliable experts},
  author={Michael, Julian and Mahdi, Salsabila and Rein, David and Petty, Jackson and Dirani, Julien and Padmakumar, Vishakh and Bowman, Samuel R},
  journal={arXiv preprint arXiv:2311.08702},
  year={2023}
}

@article{moshman1998collaborative,
  title={Collaborative reasoning: Evidence for collective rationality},
  author={Moshman, David and Geil, Molly},
  journal={Thinking \& Reasoning},
  volume={4},
  number={3},
  pages={231--248},
  year={1998},
  publisher={Taylor \& Francis}
}

@article{navajas2018aggregated,
  title={Aggregated knowledge from a small number of debates outperforms the wisdom of large crowds},
  author={Navajas, Joaquin and Niella, Tamara and Garbulsky, Gerry and Bahrami, Bahador and Sigman, Mariano},
  journal={Nature Human Behaviour},
  volume={2},
  number={2},
  pages={126--132},
  year={2018},
  publisher={Nature Publishing Group UK London}
}

@inproceedings{ostrovsky2009information,
  title={Information aggregation in dynamic markets with strategic traders},
  author={Ostrovsky, Michael},
  booktitle={Proceedings of the 10th ACM conference on Electronic commerce},
  pages={253--254},
  year={2009}
}

@article{palley2019extracting,
  title={Extracting the wisdom of crowds when information is shared},
  author={Palley, Asa B and Soll, Jack B},
  journal={Management Science},
  volume={65},
  number={5},
  pages={2291--2309},
  year={2019},
  publisher={INFORMS}
}

@article{ranjan2010combining,
  title={Combining probability forecasts},
  author={Ranjan, Roopesh and Gneiting, Tilmann},
  journal={Journal of the Royal Statistical Society: Series B (Statistical Methodology)},
  volume={72},
  number={1},
  pages={71--91},
  year={2010},
  publisher={Wiley Online Library}
}

@article{satopaa2014combining,
  title={Combining multiple probability predictions using a simple logit model},
  author={Satop{\"a}{\"a}, Ville A and Baron, Jonathan and Foster, Dean P and Mellers, Barbara A and Tetlock, Philip E and Ungar, Lyle H},
  journal={International Journal of Forecasting},
  volume={30},
  number={2},
  pages={344--356},
  year={2014},
  publisher={Elsevier}
}

@article{satopaa2015combining,
  title={Combining and extremizing real-valued forecasts},
  author={Satop{\"a}{\"a}, Ville and Ungar, Lyle},
  journal={arXiv preprint arXiv:1506.06405},
  year={2015}
}

@article{satopaa2016modeling,
  title={Modeling probability forecasts via information diversity},
  author={Satop{\"a}{\"a}, Ville A and Pemantle, Robin and Ungar, Lyle H},
  journal={Journal of the American Statistical Association},
  volume={111},
  number={516},
  pages={1623--1633},
  year={2016},
  publisher={Taylor \& Francis}
}

@article{satopaa2017partial,
  title={Partial information framework: Model-based aggregation of estimates from diverse information sources},
  author={Satop{\"a}{\"a}, Ville A and Jensen, Shane T and Pemantle, Robin and Ungar, Lyle H},
  year={2017}
}

@article{srinivasan2021auctions,
  title={Auctions and Peer Prediction for Scientific Peer Review},
  author={Srinivasan, Siddarth and Morgenstern, Jamie},
  journal={ArXivorg},
  year={2021}
}

@article{wolfers2004prediction,
  title={Prediction markets},
  author={Wolfers, Justin and Zitzewitz, Eric},
  journal={Journal of economic perspectives},
  volume={18},
  number={2},
  pages={107--126},
  year={2004},
  publisher={American Economic Association}
}

