
 %{AMS}
 @String{AMSTrans = "American Mathematical Society Translations" }
 @String{AMSTrans = "Amer. Math. Soc. Transl." }
 @String{BullAMS = "Bulletin of the American Mathematical Society" }
 @String{BullAMS = "Bull. Amer. Math. Soc." }
 @String{ProcAMS = "Proceedings of the American Mathematical Society" }
 @String{ProcAMS = "Proc. Amer. Math. Soc." }
 @String{TransAMS = "Transactions of the American Mathematical Society" }
 @String{TransAMS = "Trans. Amer. Math. Soc." }

 %ACM
 @String{CACM = "Communications of the {ACM}" }
 @String{CACM = "Commun. {ACM}" }
 @String{CompServ = "Comput. Surveys" }
 @String{JACM = "J. ACM" }
 @String{ACMMathSoft = "{ACM} Transactions on Mathematical Software" }
 @String{ACMMathSoft = "{ACM} Trans. Math. Software" }
 @String{SIGNUM = "{ACM} {SIGNUM} Newsletter" }
 @String{SIGNUM = "{ACM} {SIGNUM} Newslett." }

 @String{AmerSocio = "American Journal of Sociology" }
 @String{AmerStatAssoc = "Journal of the American Statistical Association" }
 @String{AmerStatAssoc = "J. Amer. Statist. Assoc." }
 @String{ApplMathComp = "Applied Mathematics and Computation" }
 @String{ApplMathComp = "Appl. Math. Comput." }
 @String{AmerMathMonthly = "American Mathematical Monthly" }
 @String{AmerMathMonthly = "Amer. Math. Monthly" }
 @String{BIT = "{BIT}" }
 @String{BritStatPsych = "British Journal of Mathematical and Statistical
          Psychology" }
 @String{BritStatPsych = "Brit. J. Math. Statist. Psych." }
 @String{CanMathBull = "Canadian Mathematical Bulletin" }
 @String{CanMathBull = "Canad. Math. Bull." }
 @String{CompApplMath = "Journal of Computational and Applied Mathematics" }
 @String{CompApplMath = "J. Comput. Appl. Math." }
 @String{CompPhys = "Journal of Computational Physics" }
 @String{CompPhys = "J. Comput. Phys." }
 @String{CompStruct = "Computers and Structures" }
 @String{CompStruct = "Comput. \& Structures" }
 @String{CompJour = "The Computer Journal" }
 @String{CompJour = "Comput. J." }
 @String{CompSysSci = "Journal of Computer and System Sciences" }
 @String{CompSysSci = "J. Comput. System Sci." }
 @String{Computing = "Computing" }
 @String{ContempMath = "Contemporary Mathematics" }
 @String{ContempMath = "Contemp. Math." }
 @String{Crelle = "Crelle's Journal" }
 @String{GiornaleMath = "Giornale di Mathematiche" }
 @String{GiornaleMath = "Giorn. Mat." } % didn't find in AMS MR., ibid.

 %IEEE
 @String{Computer = "{IEEE} Computer" }
 @String{IEEETransComp = "{IEEE} Transactions on Computers" }
 @String{IEEETransComp = "{IEEE} Trans. Comput." }
 @String{IEEETransAC = "{IEEE} Transactions on Automatic Control" }
 @String{IEEETransAC = "{IEEE} Trans. Automat. Control" }
 @String{IEEESpec = "{IEEE} Spectrum" } % didn't find in AMS MR
 @String{ProcIEEE = "Proceedings of the {IEEE}" }
 @String{ProcIEEE = "Proc. {IEEE}" } % didn't find in AMS MR
 @String{IEEETransAeroElec = "{IEEE} Transactions on Aerospace and Electronic
     Systems" }
 @String{IEEETransAeroElec = "{IEEE} Trans. Aerospace Electron. Systems" }

 @String{IMANumerAna = "{IMA} Journal of Numerical Analysis" }
 @String{IMANumerAna = "{IMA} J. Numer. Anal." }
 @String{InfProcLet = "Information Processing Letters" }
 @String{InfProcLet = "Inform. Process. Lett." }
 @String{InstMathApp = "Journal of the Institute of Mathematics and
     its Applications" }
 @String{InstMathApp = "J. Inst. Math. Appl." }
 @String{IntControl = "International Journal of Control" }
 @String{IntControl = "Internat. J. Control" }
 @String{IntNumerEng = "International Journal for Numerical Methods in
     Engineering" }
 @String{IntNumerEng = "Internat. J. Numer. Methods Engrg." }
 @String{IntSuper = "International Journal of Supercomputing Applications" }
 @String{IntSuper = "Internat. J. Supercomputing Applic." } % didn't find
%% in AMS MR
 @String{Kibernetika = "Kibernetika" }
 @String{JResNatBurStand = "Journal of Research of the National Bureau
     of Standards" }
 @String{JResNatBurStand = "J. Res. Nat. Bur. Standards" }
 @String{LinAlgApp = "Linear Algebra and its Applications" }
 @String{LinAlgApp = "Linear Algebra Appl." }
 @String{MathAnaAppl = "Journal of Mathematical Analysis and Applications" }
 @String{MathAnaAppl = "J. Math. Anal. Appl." }
 @String{MathAnnalen = "Mathematische Annalen" }
 @String{MathAnnalen = "Math. Ann." }
 @String{MathPhys = "Journal of Mathematical Physics" }
 @String{MathPhys = "J. Math. Phys." }
 @String{MathComp = "Mathematics of Computation" }
 @String{MathComp = "Math. Comp." }
 @String{MathScand = "Mathematica Scandinavica" }
 @String{MathScand = "Math. Scand." }
 @String{TablesAidsComp = "Mathematical Tables and Other Aids to Computation" }
 @String{TablesAidsComp = "Math. Tables Aids Comput." }
 @String{NumerMath = "Numerische Mathematik" }
 @String{NumerMath = "Numer. Math." }
 @String{PacificMath = "Pacific Journal of Mathematics" }
 @String{PacificMath = "Pacific J. Math." }
 @String{ParDistComp = "Journal of Parallel and Distributed Computing" }
 @String{ParDistComp = "J. Parallel and Distrib. Comput." } % didn't find
%% in AMS MR
 @String{ParComputing = "Parallel Computing" }
 @String{ParComputing = "Parallel Comput." }
 @String{PhilMag = "Philosophical Magazine" }
 @String{PhilMag = "Philos. Mag." }
 @String{ProcNAS = "Proceedings of the National Academy of Sciences
                    of the USA" }
 @String{ProcNAS = "Proc. Nat. Acad. Sci. U. S. A." }
 @String{Psychometrika = "Psychometrika" }
 @String{QuartMath = "Quarterly Journal of Mathematics, Oxford, Series (2)" }
 @String{QuartMath = "Quart. J. Math. Oxford Ser. (2)" }
 @String{QuartApplMath = "Quarterly of Applied Mathematics" }
 @String{QuartApplMath = "Quart. Appl. Math." }
 @String{RevueInstStat = "Review of the International Statisical Institute" }
 @String{RevueInstStat = "Rev. Inst. Internat. Statist." }

 %SIAM
 @String{JSIAM = "Journal of the Society for Industrial and Applied
     Mathematics" }
 @String{JSIAM = "J. Soc. Indust. Appl. Math." }
 @String{JSIAMB = "Journal of the Society for Industrial and Applied
     Mathematics, Series B, Numerical Analysis" }
 @String{JSIAMB = "J. Soc. Indust. Appl. Math. Ser. B Numer. Anal." }
 @String{SIAMAlgMeth = "{SIAM} Journal on Algebraic and Discrete Methods" }
 @String{SIAMAlgMeth = "{SIAM} J. Algebraic Discrete Methods" }
 @String{SIAMAppMath = "{SIAM} Journal on Applied Mathematics" }
 @String{SIAMAppMath = "{SIAM} J. Appl. Math." }
 @String{SIAMComp = "{SIAM} Journal on Computing" }
 @String{SIAMComp = "{SIAM} J. Comput." }
 @String{SIAMMatrix = "{SIAM} Journal on Matrix Analysis and Applications" }
 @String{SIAMMatrix = "{SIAM} J. Matrix Anal. Appl." }
 @String{SIAMNumAnal = "{SIAM} Journal on Numerical Analysis" }
 @String{SIAMNumAnal = "{SIAM} J. Numer. Anal." }
 @String{SIAMReview = "{SIAM} Review" }
 @String{SIAMReview = "{SIAM} Rev." }
 @String{SIAMSciStat = "{SIAM} Journal on Scientific and Statistical
     Computing" }
 @String{SIAMSciStat = "{SIAM} J. Sci. Statist. Comput." }

 @String{SoftPracExp = "Software Practice and Experience" }
 @String{SoftPracExp = "Software Prac. Experience" } % didn't find in AMS MR
 @String{StatScience = "Statistical Science" }
 @String{StatScience = "Statist. Sci." }
 @String{Techno = "Technometrics" }
 @String{USSRCompMathPhys = "{USSR} Computational Mathematics and Mathematical
     Physics" }
 @String{USSRCompMathPhys = "{U. S. S. R.} Comput. Math. and Math. Phys." }
 @String{VLSICompSys = "Journal of {VLSI} and Computer Systems" }
 @String{VLSICompSys = "J. {VLSI} Comput. Syst." }
 @String{ZAngewMathMech = "Zeitschrift fur Angewandte Mathematik und
     Mechanik" }
 @String{ZAngewMathMech = "Z. Angew. Math. Mech." }
 @String{ZAngewMathPhys = "Zeitschrift fur Angewandte Mathematik und Physik" }
 @String{ZAngewMathPhys = "Z. Angew. Math. Phys." }

% Publishers % ================================================= |

 @String{Academic = "Academic Press" }
 @String{ACMPress = "{ACM} Press" }
 @String{AdamHilger = "Adam Hilger" }
 @String{AddisonWesley = "Addison-Wesley" }
 @String{AllynBacon = "Allyn and Bacon" }
 @String{AMS = "American Mathematical Society" }
 @String{Birkhauser = "Birkha{\"u}ser" }
 @String{CambridgePress = "Cambridge University Press" }
 @String{Chelsea = "Chelsea" }
 @String{ClaredonPress = "Claredon Press" }
 @String{DoverPub = "Dover Publications" }
 @String{Eyolles = "Eyolles" }
 @String{HoltRinehartWinston = "Holt, Rinehart and Winston" }
 @String{Interscience = "Interscience" }
 @String{JohnsHopkinsPress = "The Johns Hopkins University Press" }
 @String{JohnWileySons = "John Wiley and Sons" }
 @String{Macmillan = "Macmillan" }
 @String{MathWorks = "The Math Works Inc." }
 @String{McGrawHill = "McGraw-Hill" }
 @String{NatBurStd = "National Bureau of Standards" }
 @String{NorthHolland = "North-Holland" }
 @String{OxfordPress = "Oxford University Press" }  %address Oxford or London?
 @String{PergamonPress = "Pergamon Press" }
 @String{PlenumPress = "Plenum Press" }
 @String{PrenticeHall = "Prentice-Hall" }
 @String{SIAMPub = "{SIAM} Publications" }
 @String{Springer = "Springer-Verlag" }
 @String{TexasPress = "University of Texas Press" }
 @String{VanNostrand = "Van Nostrand" }
 @String{WHFreeman = "W. H. Freeman and Co." }


@article{Wang2019ForecastAV,
  title={Forecast Aggregation via Peer Prediction},
  author={Juntao Wang and Yang Liu and Yiling Chen},
  journal={ArXiv},
  year={2019},
  volume={abs/1910.03779}
}

@inproceedings{hubinger2020ai,
  title={AI safety via market making},
  author={Hubinger, Evan},
  booktitle={AI Alignment Forum},
  year={2020}
}

@article{irving2018ai,
  title={AI safety via debate},
  author={Irving, Geoffrey and Christiano, Paul and Amodei, Dario},
  journal={arXiv preprint arXiv:1805.00899},
  year={2018}
}
@article{hanson2003combinatorial,
  title={Combinatorial information market design},
  author={Hanson, Robin},
  journal={Information Systems Frontiers},
  volume={5},
  pages={107--119},
  year={2003},
  publisher={Springer}
}
@article{guan2024deliberative,
  title={Deliberative alignment: Reasoning enables safer language models},
  author={Guan, Melody Y and Joglekar, Manas and Wallace, Eric and Jain, Saachi and Barak, Boaz and Heylar, Alec and Dias, Rachel and Vallone, Andrea and Ren, Hongyu and Wei, Jason and others},
  journal={arXiv preprint arXiv:2412.16339},
  year={2024}
}

@article{kahng2021liquid,
  title={Liquid democracy: An algorithmic perspective},
  author={Kahng, Anson and Mackenzie, Simon and Procaccia, Ariel},
  journal={Journal of Artificial Intelligence Research},
  volume={70},
  pages={1223--1252},
  year={2021}
}

@article{armstrong2001combining,
  title={Combining forecasts},
  author={Armstrong, J Scott},
  journal={Principles of forecasting: A handbook for researchers and practitioners},
  pages={417--439},
  year={2001},
  publisher={Springer}
}

@article{ranjan2010combining,
  title={Combining probability forecasts},
  author={Ranjan, Roopesh and Gneiting, Tilmann},
  journal={Journal of the Royal Statistical Society: Series B (Statistical Methodology)},
  volume={72},
  number={1},
  pages={71--91},
  year={2010},
  publisher={Wiley Online Library}
}



@article{Neyman2021FromPS,
  title={From Proper Scoring Rules to Max-Min Optimal Forecast Aggregation},
  author={Eric Neyman and Tim Roughgarden},
  journal={Proceedings of the 22nd ACM Conference on Economics and Computation},
  year={2021}
}

@article{Neyman2021AreYS,
  title={Are You Smarter Than a Random Expert? The Robust Aggregation of Substitutable Signals},
  author={Eric Neyman and Tim Roughgarden},
  journal={ArXiv},
  year={2021},
  volume={abs/2111.03153}
}


@article{palley2019extracting,
  title={Extracting the wisdom of crowds when information is shared},
  author={Palley, Asa B and Soll, Jack B},
  journal={Management Science},
  volume={65},
  number={5},
  pages={2291--2309},
  year={2019},
  publisher={INFORMS}
}


@article{miller1969program,
  title={A program for direct and proxy voting in the legislative process},
  author={Miller III, James C},
  journal={Public choice},
  volume={7},
  number={1},
  pages={107--113},
  year={1969},
  publisher={Springer}
}

@article{dasaratha2019aggregative,
  title={Aggregative Efficiency of Bayesian Learning in Networks},
  author={Dasaratha, Krishna and He, Kevin},
  journal={arXiv preprint arXiv:1911.10116},
  year={2019}
}

@article{chen2012utility,
  title={A utility framework for bounded-loss market makers},
  author={Chen, Yiling and Pennock, David M},
  journal={arXiv preprint arXiv:1206.5252},
  year={2012}
}


@inproceedings{Kong2021ElicitingTH,
  title={Eliciting Thinking Hierarchy without Prior},
  author={Yuqing Kong and Yunqi Li and Yubo Zhang and Zhihuan Huang and Jinzhao Wu},
  year={2021}
}

@inproceedings{debmalya2020effectiveness,
  title={The Effectiveness of Peer Prediction in Long-Term Forecasting},
  author={Debmalya, Mandal and Goran, Radanovi{\'c} and David, Parkes},
  booktitle={Proceedings of the AAAI Conference on Artificial Intelligence},
  volume={34},
  number={02},
  pages={2160--2167},
  year={2020}
}

@article{Frongillo2021AgreementIA,
  title={Agreement Implies Accuracy for Substitutable Signals},
  author={Rafael M. Frongillo and Eric Neyman and Bo Waggoner},
  journal={ArXiv},
  year={2021},
  volume={abs/2111.03278}
}

@article{hanson2006uncommon,
  title={Uncommon priors require origin disputes},
  author={Hanson, Robin},
  journal={Theory and decision},
  volume={61},
  number={4},
  pages={319--328},
  year={2006},
  publisher={Springer}
}
@article{miller2005eliciting,
  title={Eliciting informative feedback: The peer-prediction method},
  author={Miller, Nolan and Resnick, Paul and Zeckhauser, Richard},
  journal={Management Science},
  volume={51},
  number={9},
  pages={1359--1373},
  year={2005},
  publisher={INFORMS}
}
@article{austen2006deliberation,
  title={Deliberation, preference uncertainty, and voting rules},
  author={Austen-Smith, David and Feddersen, Timothy J},
  journal={American political science review},
  volume={100},
  number={2},
  pages={209--217},
  year={2006},
  publisher={Cambridge University Press}
}
@article{schoenegger2024wisdom,
  title={Wisdom of the silicon crowd: LLM ensemble prediction capabilities rival human crowd accuracy},
  author={Schoenegger, Philipp and Tuminauskaite, Indre and Park, Peter S and Bastos, Rafael Valdece Sousa and Tetlock, Philip E},
  journal={Science Advances},
  volume={10},
  number={45},
  pages={eadp1528},
  year={2024},
  publisher={American Association for the Advancement of Science}
}
@article{surowiecki2005wisdom,
  title={The wisdom of crowds},
  author={Surowiecki, James},
  journal={Surowiecki, J},
  year={2005}
}
@article{solomon2006groupthink,
  title={Groupthink versus the wisdom of crowds: The social epistemology of deliberation and dissent},
  author={Solomon, Miriam},
  journal={The Southern journal of philosophy},
  volume={44},
  number={S1},
  pages={28--42},
  year={2006},
  publisher={Wiley Online Library}
}
@article{christensen2018uncertainty,
  title={Uncertainty in forecasts of long-run economic growth},
  author={Christensen, Peter and Gillingham, Kenneth and Nordhaus, William},
  journal={Proceedings of the National Academy of Sciences},
  volume={115},
  number={21},
  pages={5409--5414},
  year={2018},
  publisher={National Acad Sciences}
}
@book{tetlock2016superforecasting,
  title={Superforecasting: The art and science of prediction},
  author={Tetlock, Philip E and Gardner, Dan},
  year={2016},
  publisher={Random House}
}
@article{halawi2024approaching,
  title={Approaching Human-Level Forecasting with Language Models},
  author={Halawi, Danny and Zhang, Fred and Yueh-Han, Chen and Steinhardt, Jacob},
  journal={arXiv preprint arXiv:2402.18563},
  year={2024}
}
@article{karger2024forecastbench,
  title={Forecastbench: A dynamic benchmark of ai forecasting capabilities},
  author={Karger, Ezra and Bastani, Houtan and Yueh-Han, Chen and Jacobs, Zachary and Halawi, Danny and Zhang, Fred and Tetlock, Philip E},
  journal={arXiv preprint arXiv:2409.19839},
  year={2024}
}
@article{navajas2018aggregated,
  title={Aggregated knowledge from a small number of debates outperforms the wisdom of large crowds},
  author={Navajas, Joaquin and Niella, Tamara and Garbulsky, Gerry and Bahrami, Bahador and Sigman, Mariano},
  journal={Nature Human Behaviour},
  volume={2},
  number={2},
  pages={126--132},
  year={2018},
  publisher={Nature Publishing Group UK London}
}
@article{dietrich2024deliberation,
  title={Deliberation and the Wisdom of Crowds},
  author={Dietrich, Franz and Spiekermann, Kai},
  journal={Economic Theory},
  pages={1--53},
  year={2024},
  publisher={Springer}
}
@article{lorenz2011social,
  title={How social influence can undermine the wisdom of crowd effect},
  author={Lorenz, Jan and Rauhut, Heiko and Schweitzer, Frank and Helbing, Dirk},
  journal={Proceedings of the national academy of sciences},
  volume={108},
  number={22},
  pages={9020--9025},
  year={2011},
  publisher={National Acad Sciences}
}
@article{gerardi2007deliberative,
  title={Deliberative voting},
  author={Gerardi, Dino and Yariv, Leeat},
  journal={Journal of Economic theory},
  volume={134},
  number={1},
  pages={317--338},
  year={2007},
  publisher={Elsevier}
}
@article{moshman1998collaborative,
  title={Collaborative reasoning: Evidence for collective rationality},
  author={Moshman, David and Geil, Molly},
  journal={Thinking \& Reasoning},
  volume={4},
  number={3},
  pages={231--248},
  year={1998},
  publisher={Taylor \& Francis}
}
@book{betz2012debate,
  title={Debate dynamics: How controversy improves our beliefs},
  author={Betz, Gregor},
  volume={357},
  year={2012},
  publisher={Springer Science \& Business Media}
}

@article{prelec2004bayesian,
  title={A Bayesian truth serum for subjective data},
  author={Prelec, Drazen},
  journal={science},
  volume={306},
  number={5695},
  pages={462--466},
  year={2004},
  publisher={American Association for the Advancement of Science}
}
@article{erev1994simultaneous,
  title={Simultaneous over-and underconfidence: The role of error in judgment processes.},
  author={Erev, Ido and Wallsten, Thomas S and Budescu, David V},
  journal={Psychological review},
  volume={101},
  number={3},
  pages={519},
  year={1994},
  publisher={American Psychological Association}
}

@article{satopaa2014combining,
  title={Combining multiple probability predictions using a simple logit model},
  author={Satop{\"a}{\"a}, Ville A and Baron, Jonathan and Foster, Dean P and Mellers, Barbara A and Tetlock, Philip E and Ungar, Lyle H},
  journal={International Journal of Forecasting},
  volume={30},
  number={2},
  pages={344--356},
  year={2014},
  publisher={Elsevier}
}

@inproceedings{frongillo2015elicitation,
  title={Elicitation for aggregation},
  author={Frongillo, Rafael and Chen, Yiling and Kash, Ian},
  booktitle={Proceedings of the AAAI Conference on Artificial Intelligence},
  volume={29},
  number={1},
  year={2015}
}

@article{satopaa2016modeling,
  title={Modeling probability forecasts via information diversity},
  author={Satop{\"a}{\"a}, Ville A and Pemantle, Robin and Ungar, Lyle H},
  journal={Journal of the American Statistical Association},
  volume={111},
  number={516},
  pages={1623--1633},
  year={2016},
  publisher={Taylor \& Francis}
}

@article{babichenko2021learning,
  title={Learning optimal forecast aggregation in partial evidence environments},
  author={Babichenko, Yakov and Garber, Dan},
  journal={Mathematics of Operations Research},
  volume={46},
  number={2},
  pages={628--641},
  year={2021},
  publisher={INFORMS}
}

@article{arieli2018robust,
  title={Robust forecast aggregation},
  author={Arieli, Itai and Babichenko, Yakov and Smorodinsky, Rann},
  journal={Proceedings of the National Academy of Sciences},
  volume={115},
  number={52},
  pages={E12135--E12143},
  year={2018},
  publisher={National Acad Sciences}
}

@article{hkazla2021bayesian,
  title={Bayesian decision making in groups is hard},
  author={Hązła, Jan and Jadbabaie, Ali and Mossel, Elchanan and Rahimian, M Amin},
  journal={Operations Research},
  volume={69},
  number={2},
  pages={632--654},
  year={2021},
  publisher={INFORMS}
}

@article{fama1970efficient,
  title={Efficient capital markets},
  author={Fama, Eugene F},
  journal={Journal of finance},
  volume={25},
  number={2},
  pages={383--417},
  year={1970}
}

@article{Budescu2015IdentifyingET,
  title={Identifying Expertise to Extract the Wisdom of Crowds},
  author={David V. Budescu and Eva Chen},
  journal={Manag. Sci.},
  year={2015},
  volume={61},
  pages={267-280},
  url={https://api.semanticscholar.org/CorpusID:6276585}
}

@article{satopaa2017partial,
  title={Partial information framework: Model-based aggregation of estimates from diverse information sources},
  author={Satop{\"a}{\"a}, Ville A and Jensen, Shane T and Pemantle, Robin and Ungar, Lyle H},
  year={2017}
}

@inproceedings{ostrovsky2009information,
  title={Information aggregation in dynamic markets with strategic traders},
  author={Ostrovsky, Michael},
  booktitle={Proceedings of the 10th ACM conference on Electronic commerce},
  pages={253--254},
  year={2009}
}

@article{acemoglu2011bayesian,
  title={Bayesian learning in social networks},
  author={Acemoglu, Daron and Dahleh, Munther A and Lobel, Ilan and Ozdaglar, Asuman},
  journal={The Review of Economic Studies},
  volume={78},
  number={4},
  pages={1201--1236},
  year={2011},
  publisher={Oxford University Press}
}

@article{michael2023debate,
  title={Debate helps supervise unreliable experts},
  author={Michael, Julian and Mahdi, Salsabila and Rein, David and Petty, Jackson and Dirani, Julien and Padmakumar, Vishakh and Bowman, Samuel R},
  journal={arXiv preprint arXiv:2311.08702},
  year={2023}
}

@article{khan2024debating,
  title={Debating with more persuasive llms leads to more truthful answers},
  author={Khan, Akbir and Hughes, John and Valentine, Dan and Ruis, Laura and Sachan, Kshitij and Radhakrishnan, Ansh and Grefenstette, Edward and Bowman, Samuel R and Rockt{\"a}schel, Tim and Perez, Ethan},
  journal={arXiv preprint arXiv:2402.06782},
  year={2024}
}

@article{ding2021deliberation,
  title={Deliberation and epistemic democracy},
  author={Ding, Huihui and Pivato, Marcus},
  journal={Journal of Economic Behavior \& Organization},
  volume={185},
  pages={138--167},
  year={2021},
  publisher={Elsevier}
}

@article{graeber2024explanations,
  title={Explanations},
  author={Graeber, Thomas and Roth, Christopher and Schesch, Constantin},
  year={2024},
  publisher={CESifo Working Paper}
}

@article{bikhchandani1998learning,
  title={Learning from the behavior of others: Conformity, fads, and informational cascades},
  author={Bikhchandani, Sushil and Hirshleifer, David and Welch, Ivo},
  journal={Journal of economic perspectives},
  volume={12},
  number={3},
  pages={151--170},
  year={1998},
  publisher={American Economic Association}
}

@article{banerjee1992simple,
  title={A simple model of herd behavior},
  author={Banerjee, Abhijit V},
  journal={The quarterly journal of economics},
  volume={107},
  number={3},
  pages={797--817},
  year={1992},
  publisher={MIT Press}
}

@article{gneiting2007strictly,
  title={Strictly proper scoring rules, prediction, and estimation},
  author={Gneiting, Tilmann and Raftery, Adrian E},
  journal={Journal of the American statistical Association},
  volume={102},
  number={477},
  pages={359--378},
  year={2007},
  publisher={Taylor \& Francis}
}

@article{bowman2022measuring,
  title={Measuring progress on scalable oversight for large language models},
  author={Bowman, Samuel R and Hyun, Jeeyoon and Perez, Ethan and Chen, Edwin and Pettit, Craig and Heiner, Scott and Luko{\v{s}}i{\=u}t{\.e}, Kamil{\.e} and Askell, Amanda and Jones, Andy and Chen, Anna and others},
  journal={arXiv preprint arXiv:2211.03540},
  year={2022}
}

@article{wolfers2004prediction,
  title={Prediction markets},
  author={Wolfers, Justin and Zitzewitz, Eric},
  journal={Journal of economic perspectives},
  volume={18},
  number={2},
  pages={107--126},
  year={2004},
  publisher={American Economic Association}
}

@article{frongillo2021agreement,
  title={Agreement Implies Accuracy for Substitutable Signals},
  author={Frongillo, Rafael and Neyman, Eric and Waggoner, Bo},
  journal={arXiv preprint arXiv:2111.03278},
  year={2021}
}

@article{neyman2021strictly,
  title={Strictly Proper Contract Functions Can Be Arbitrage-Free},
  author={Neyman, Eric and Roughgarden, Tim},
  journal={arXiv preprint arXiv:2109.01308},
  year={2021}
}

@article{geanakoplos1982we,
  title={We can't disagree forever},
  author={Geanakoplos, John D and Polemarchakis, Heraklis M},
  journal={Journal of Economic theory},
  volume={28},
  number={1},
  pages={192--200},
  year={1982},
  publisher={Elsevier}
}

@article{hanson1998consensus,
  title={Consensus by identifying extremists},
  author={Hanson, Robin D},
  journal={Theory and Decision},
  volume={44},
  number={3},
  pages={293--301},
  year={1998},
  publisher={Springer}
}

@article{sethi2012public,
  title={Public disagreement},
  author={Sethi, Rajiv and Yildiz, Muhamet},
  journal={American Economic Journal: Microeconomics},
  volume={4},
  number={3},
  pages={57--95},
  year={2012},
  publisher={American Economic Association}
}

@inproceedings{chen2016informational,
  title={Informational substitutes},
  author={Chen, Yiling and Waggoner, Bo},
  booktitle={2016 IEEE 57th Annual Symposium on Foundations of Computer Science (FOCS)},
  pages={239--247},
  year={2016},
  organization={IEEE}
}

@article{kong2022false,
  title={False Consensus, Information Theory, and Prediction Markets},
  author={Kong, Yuqing and Schoenebeck, Grant},
  journal={arXiv preprint arXiv:2206.02993},
  year={2022}
}

@article{samet1990ignoring,
  title={Ignoring ignorance and agreeing to disagree},
  author={Samet, Dov},
  journal={Journal of Economic Theory},
  volume={52},
  number={1},
  pages={190--207},
  year={1990},
  publisher={Elsevier}
}


@article{aumann1998common,
  title={Common priors: A reply to Gul},
  author={Aumann, Robert J},
  journal={Econometrica},
  volume={66},
  number={4},
  pages={929--938},
  year={1998},
  publisher={JSTOR}
}

@article{monderer1989approximating,
  title={Approximating common knowledge with common beliefs},
  author={Monderer, Dov and Samet, Dov},
  journal={Games and Economic Behavior},
  volume={1},
  number={2},
  pages={170--190},
  year={1989},
  publisher={Elsevier}
}


@article{geanakoplos1994common,
  title={Common knowledge},
  author={Geanakoplos, John},
  journal={Handbook of game theory with economic applications},
  volume={2},
  pages={1437--1496},
  year={1994},
  publisher={Elsevier}
}


@article{dekel1998standard,
  title={Standard state-space models preclude unawareness},
  author={Dekel, Eddie and Lipman, Barton L and Rustichini, Aldo},
  journal={Econometrica},
  volume={66},
  number={1},
  pages={159--173},
  year={1998},
  publisher={JSTOR}
}

@article{modica1999unawareness,
  title={Unawareness and partitional information structures},
  author={Modica, Salvatore and Rustichini, Aldo},
  journal={Games and economic Behavior},
  volume={27},
  number={2},
  pages={265--298},
  year={1999},
  publisher={Elsevier}
}

@article{fagin1987belief,
  title={Belief, awareness, and limited reasoning},
  author={Fagin, Ronald and Halpern, Joseph Y},
  journal={Artificial intelligence},
  volume={34},
  number={1},
  pages={39--76},
  year={1987},
  publisher={Elsevier}
}

@article{li2009information,
  title={Information structures with unawareness},
  author={Li, Jing},
  journal={Journal of Economic Theory},
  volume={144},
  number={3},
  pages={977--993},
  year={2009},
  publisher={Elsevier}
}

@article{schipper2014awareness,
  title={Awareness},
  author={Schipper, Burkhard C},
  journal={Available at SSRN 2401352},
  year={2014}
}

@article{galanis2020updating,
  title={Updating awareness and information aggregation},
  author={Galanis, Spyros and Kotronis, Stelios},
  journal={The BE Journal of Theoretical Economics},
  volume={21},
  number={2},
  pages={613--635},
  year={2020},
  publisher={De Gruyter}
}

@article{good1952rational,
  title={Rational decisions},
  author={Good, Irving John},
  journal={Journal of the Royal Statistical Society: Series B (Methodological)},
  volume={14},
  number={1},
  pages={107--114},
  year={1952},
  publisher={Wiley Online Library}
}

@article{brier1950verification,
  title={Verification of forecasts expressed in terms of probability},
  author={Brier, Glenn W and others},
  journal={Monthly weather review},
  volume={78},
  number={1},
  pages={1--3},
  year={1950}
}


@article{grossman1981introduction,
  title={An introduction to the theory of rational expectations under asymmetric information},
  author={Grossman, Sanford J},
  journal={The Review of Economic Studies},
  volume={48},
  number={4},
  pages={541--559},
  year={1981},
  publisher={Wiley-Blackwell}
}

@article{milgrom1981rational,
  title={Rational expectations, information acquisition, and competitive bidding},
  author={Milgrom, Paul R},
  journal={Econometrica: Journal of the Econometric Society},
  pages={921--943},
  year={1981},
  publisher={JSTOR}
}

@article{milgrom1982information,
  title={Information, trade and common knowledge},
  author={Milgrom, Paul and Stokey, Nancy},
  journal={Journal of economic theory},
  volume={26},
  number={1},
  pages={17--27},
  year={1982},
  publisher={Elsevier}
}

@article{kilgour2004elicitation,
  title={Elicitation of probabilities using competitive scoring rules},
  author={Kilgour, D Marc and Gerchak, Yigal},
  journal={Decision Analysis},
  volume={1},
  number={2},
  pages={108--113},
  year={2004},
  publisher={INFORMS}
}

@inproceedings{feigenbaum2003computation,
  title={Computation in a distributed information market},
  author={Feigenbaum, Joan and Fortnow, Lance and Pennock, David M and Sami, Rahul},
  booktitle={Proceedings of the 4th ACM conference on Electronic commerce},
  pages={156--165},
  year={2003}
}

@article{chen2006depth,
  title={An in-depth analysis of information markets with aggregate uncertainty},
  author={Chen, Yiling and Mullen, Tracy and Chu, Chao-Hsien},
  journal={Electronic Commerce Research},
  volume={6},
  pages={201--221},
  year={2006},
  publisher={Springer}
}

@article{pennock2007computational,
  title={Computational aspects of prediction markets},
  author={Pennock, David M and Sami, Rahul},
  journal={Algorithmic game theory},
  pages={651--674},
  year={2007}
}



@article{golub2017learning,
  title={Learning in social networks},
  author={Golub, Benjamin and Sadler, Evan},
  journal={Available at SSRN 2919146},
  year={2017}
}

@article{kamenica2011bayesian,
  title={Bayesian persuasion},
  author={Kamenica, Emir and Gentzkow, Matthew},
  journal={American Economic Review},
  volume={101},
  number={6},
  pages={2590--2615},
  year={2011},
  publisher={American Economic Association}
}

@inproceedings{anunrojwong2019computing,
  title={Computing equilibria of prediction markets via persuasion},
  author={Anunrojwong, Jerry and Chen, Yiling and Waggoner, Bo and Xu, Haifeng},
  booktitle={Web and Internet Economics: 15th International Conference, WINE 2019, New York, NY, USA, December 10--12, 2019, Proceedings 15},
  pages={45--56},
  year={2019},
  organization={Springer}
}

@techreport{haghtalab2021persuading,
  title={Persuading with anecdotes},
  author={Haghtalab, Nika and Immorlica, Nicole and Lucier, Brendan and Mobius, Markus and Mohan, Divyarthi},
  year={2021},
  institution={National Bureau of Economic Research}
}

@inproceedings{kong2018optimizing,
  title={Optimizing Bayesian information revelation strategy in prediction markets: the Alice Bob Alice case},
  author={Kong, Yuqing and Schoenebeck, Grant},
  booktitle={9th Innovations in Theoretical Computer Science Conference (ITCS 2018)},
  year={2018},
  organization={Schloss Dagstuhl-Leibniz-Zentrum fuer Informatik}
}

@inproceedings{othman2010markets,
  title={When do markets with simple agents fail?},
  author={Othman, Abraham and Sandholm, Tuomas},
  booktitle={AAMAS},
  pages={865--872},
  year={2010}
}

@article{chen2010gaming,
  title={Gaming prediction markets: Equilibrium strategies with a market maker},
  author={Chen, Yiling and Dimitrov, Stanko and Sami, Rahul and Reeves, Daniel M and Pennock, David M and Hanson, Robin D and Fortnow, Lance and Gonen, Rica},
  journal={Algorithmica},
  volume={58},
  pages={930--969},
  year={2010},
  publisher={Springer}
}

@inproceedings{gao2013you,
  title={What you jointly know determines how you act: Strategic interactions in prediction markets},
  author={Gao, Xi Alice and Zhang, Jie and Chen, Yiling},
  booktitle={Proceedings of the fourteenth ACM conference on Electronic commerce},
  pages={489--506},
  year={2013}
}

@article{sethi2016belief,
  title={Belief aggregation with automated market makers},
  author={Sethi, Rajiv and Vaughan, Jennifer Wortman},
  journal={Computational economics},
  volume={48},
  pages={155--178},
  year={2016},
  publisher={Springer}
}



@article{satopaa2015combining,
  title={Combining and extremizing real-valued forecasts},
  author={Satop{\"a}{\"a}, Ville and Ungar, Lyle},
  journal={arXiv preprint arXiv:1506.06405},
  year={2015}
}

@techreport{helmer1967analysis,
  title={Analysis of the future: The Delphi method},
  author={Helmer, Olaf},
  year={1967},
  institution={Rand Corp Santa Monica CA}
}

@article{miller2005eliciting,
  title={Eliciting informative feedback: The peer-prediction method},
  author={Miller, Nolan and Resnick, Paul and Zeckhauser, Richard},
  journal={Management Science},
  volume={51},
  number={9},
  pages={1359--1373},
  year={2005},
  publisher={INFORMS}
}

@article{prelec2004bayesian,
  title={A Bayesian truth serum for subjective data},
  author={Prelec, Drazen},
  journal={science},
  volume={306},
  number={5695},
  pages={462--466},
  year={2004},
  publisher={American Association for the Advancement of Science}
}

@inproceedings{waggoner2014output,
  title={Output agreement mechanisms and common knowledge},
  author={Waggoner, Bo and Chen, Yiling},
  booktitle={Proceedings of the AAAI Conference on Human Computation and Crowdsourcing},
  volume={2},
  pages={220--226},
  year={2014}
}

@article{karger2021reciprocal,
  title={Reciprocal scoring: A method for forecasting unanswerable questions},
  author={Karger, Ezra and Monrad, Joshua and Mellers, Barb and Tetlock, Philip},
  journal={Available at SSRN 3954498},
  year={2021}
}

@article{srinivasan2021auctions,
  title={Auctions and Peer Prediction for Scientific Peer Review},
  author={Srinivasan, Siddarth and Morgenstern, Jamie},
  journal={ArXivorg},
  year={2021}
}

@article{srinivasan2023selfresolving,
  title={Self-Resolving Prediction Markets for Unverifiable Outcomes},
  author={Srinivasan, Siddarth and Karger, Ezra and Chen, Yiling},
  journal={arXiv preprint arXiv:2306.04305},
  year={2023}
}

@article{kong2019information,
  title={An information theoretic framework for designing information elicitation mechanisms that reward truth-telling},
  author={Kong, Yuqing and Schoenebeck, Grant},
  journal={ACM Transactions on Economics and Computation (TEAC)},
  volume={7},
  number={1},
  pages={1--33},
  year={2019},
  publisher={ACM New York, NY, USA}
}

@inproceedings{witkowski2012robust,
  title={A robust bayesian truth serum for small populations},
  author={Witkowski, Jens and Parkes, David},
  booktitle={Proceedings of the AAAI Conference on Artificial Intelligence},
  volume={26},
  number={1},
  pages={1492--1498},
  year={2012}
}


@inproceedings{radanovic2013robust,
  title={A robust bayesian truth serum for non-binary signals},
  author={Radanovic, Goran and Faltings, Boi},
  booktitle={Proceedings of the AAAI Conference on Artificial Intelligence},
  volume={27},
  number={1},
  pages={833--839},
  year={2013}
}

@inproceedings{kong2018eliciting,
  title={Eliciting expertise without verification},
  author={Kong, Yuqing and Schoenebeck, Grant},
  booktitle={Proceedings of the 2018 ACM Conference on Economics and Computation},
  pages={195--212},
  year={2018}
}

@inproceedings{cai2015optimum,
  title={Optimum statistical estimation with strategic data sources},
  author={Cai, Yang and Daskalakis, Constantinos and Papadimitriou, Christos},
  booktitle={Conference on Learning Theory},
  pages={280--296},
  year={2015},
  organization={PMLR}
}

@inproceedings{dasgupta2013crowdsourced,
  title={Crowdsourced judgement elicitation with endogenous proficiency},
  author={Dasgupta, Anirban and Ghosh, Arpita},
  booktitle={Proceedings of the 22nd international conference on World Wide Web},
  pages={319--330},
  year={2013}
}

@article{liu2016learning,
  title={Learning to incentivize: Eliciting effort via output agreement},
  author={Liu, Yang and Chen, Yiling},
  journal={arXiv preprint arXiv:1604.04928},
  year={2016}
}

@inproceedings{liu2020surrogate,
  title={Surrogate scoring rules},
  author={Liu, Yang and Wang, Juntao and Chen, Yiling},
  booktitle={Proceedings of the 21st ACM Conference on Economics and Computation},
  pages={853--871},
  year={2020}
}

@inproceedings{shnayder2016informed,
  title={Informed truthfulness in multi-task peer prediction},
  author={Shnayder, Victor and Agarwal, Arpit and Frongillo, Rafael and Parkes, David C},
  booktitle={Proceedings of the 2016 ACM Conference on Economics and Computation},
  pages={179--196},
  year={2016}
}

@inproceedings{schoenebeck2021information,
  title={Information elicitation from rowdy crowds},
  author={Schoenebeck, Grant and Yu, Fang-Yi and Zhang, Yichi},
  booktitle={Proceedings of the Web Conference 2021},
  pages={3974--3986},
  year={2021}
}

@article{feng2022peer,
  title={Peer Prediction for Learning Agents},
  author={Feng, Shi and Yu, Fang-Yi and Chen, Yiling},
  journal={arXiv preprint arXiv:2208.04433},
  year={2022}
}

@article{prelec2017solution,
  title={A solution to the single-question crowd wisdom problem},
  author={Prelec, Dra{\v{z}}en and Seung, H Sebastian and McCoy, John},
  journal={Nature},
  volume={541},
  number={7638},
  pages={532--535},
  year={2017},
  publisher={Nature Publishing Group UK London}
}


@inproceedings{gao2014trick,
  title={Trick or treat: putting peer prediction to the test},
  author={Gao, Xi Alice and Mao, Andrew and Chen, Yiling and Adams, Ryan Prescott},
  booktitle={Proceedings of the fifteenth ACM conference on Economics and computation},
  pages={507--524},
  year={2014}
}

@article{gao2016incentivizing,
  title={Incentivizing evaluation via limited access to ground truth: Peer-prediction makes things worse},
  author={Gao, Alice and Wright, James R and Leyton-Brown, Kevin},
  journal={arXiv preprint arXiv:1606.07042},
  year={2016}
}

@article{kong2016equilibrium,
  title={Equilibrium selection in information elicitation without verification via information monotonicity},
  author={Kong, Yuqing and Schoenebeck, Grant},
  journal={arXiv preprint arXiv:1603.07751},
  year={2016}
}

@inproceedings{witkowski2013dwelling,
  title={Dwelling on the negative: Incentivizing effort in peer prediction},
  author={Witkowski, Jens and Bachrach, Yoram and Key, Peter and Parkes, David},
  booktitle={Proceedings of the AAAI Conference on Human Computation and Crowdsourcing},
  volume={1},
  pages={190--197},
  year={2013}
}


@article{degroot1974reaching,
  title={Reaching a consensus},
  author={DeGroot, Morris H},
  journal={Journal of the American Statistical association},
  volume={69},
  number={345},
  pages={118--121},
  year={1974},
  publisher={Taylor \& Francis}
}

@article{dalkey1963experimental,
  title={An experimental application of the Delphi method to the use of experts},
  author={Dalkey, Norman and Helmer, Olaf},
  journal={Management science},
  volume={9},
  number={3},
  pages={458--467},
  year={1963},
  publisher={INFORMS}
}




@article{Agarwal2020PeerPW,
  title={Peer Prediction with Heterogeneous Users},
  author={Arpit Agarwal and Debmalya Mandal and David C. Parkes and Nisarg Shah},
  journal={ACM Transactions on Economics and Computation (TEAC)},
  year={2020},
  volume={8},
  pages={1 - 34}
}

@article{Han2021TruthfulIE,
  title={Truthful Information Elicitation from Hybrid Crowds},
  author={Qishen Han and Sikai Ruan and Yuqing Kong and Ao Liu and Farhad Mohsin and Lirong Xia},
  journal={ArXiv},
  year={2021},
  volume={abs/2107.10119}
}

@article{Neyman2021FromPS,
  title={From Proper Scoring Rules to Max-Min Optimal Forecast Aggregation},
  author={Eric Neyman and Tim Roughgarden},
  journal={Proceedings of the 22nd ACM Conference on Economics and Computation},
  year={2021}
}

@inproceedings{radanovic2015incentives,
  title={Incentives for subjective evaluations with private beliefs},
  author={Radanovic, Goran and Faltings, Boi},
  booktitle={Twenty-Ninth AAAI Conference on Artificial Intelligence},
  year={2015}
}

@inproceedings{witkowski2012peer,
  title={Peer prediction without a common prior},
  author={Witkowski, Jens and Parkes, David C},
  booktitle={Proceedings of the 13th ACM Conference on Electronic Commerce},
  pages={964--981},
  year={2012}
}

@inproceedings{witkowski2013learning,
  title={Learning the prior in minimal peer prediction},
  author={Witkowski, Jens and Parkes, David C},
  booktitle={Proceedings of the 3rd Workshop on Social Computing and User Generated Content at the ACM Conference on Electronic Commerce},
  volume={14},
  year={2013}
}

@inproceedings{schoenebeck2020two,
  title={Two strongly truthful mechanisms for three heterogeneous agents answering one question},
  author={Schoenebeck, Grant and Yu, Fang-Yi},
  booktitle={International Conference on Web and Internet Economics},
  pages={119--132},
  year={2020},
  organization={Springer}
}


@article{radanovic2016incentives,
  title={Incentives for effort in crowdsourcing using the peer truth serum},
  author={Radanovic, Goran and Faltings, Boi and Jurca, Radu},
  journal={ACM Transactions on Intelligent Systems and Technology (TIST)},
  volume={7},
  number={4},
  pages={1--28},
  year={2016},
  publisher={ACM New York, NY, USA}
}

@article{aumann1976agreeing,
  title={Agreeing to disagree},
  author={Aumann, Robert J},
  journal={The annals of statistics},
  volume={4},
  number={6},
  pages={1236--1239},
  year={1976},
  publisher={Institute of Mathematical Statistics}
}

@inproceedings{aaronson2005complexity,
  title={The complexity of agreement},
  author={Aaronson, Scott},
  booktitle={Proceedings of the thirty-seventh annual ACM symposium on Theory of computing},
  pages={634--643},
  year={2005}
}
