@article{bhattacharya2022new,
  title={New wine in an old bottle: data-aware hash functions for bloom filters},
  author={Bhattacharya, Arindam and Gudesa, Chathur and Bagchi, Amitabha and Bedathur, Srikanta},
  journal={Proceedings of the VLDB Endowment},
  volume={15},
  number={9},
  pages={1924--1936},
  year={2022}
}

@article{bloom1970space,
  title={Space/time trade-offs in hash coding with allowable errors},
  author={Bloom, Burton H},
  journal={Communications of the ACM},
  volume={13},
  number={7},
  pages={422--426},
  year={1970}
}

@article{broder2004network,
  title={Network applications of Bloom filters: A survey},
  author={Broder, Andrei and Mitzenmacher, Michael},
  journal={Internet Mathematics},
  volume={1},
  number={4},
  pages={485--509},
  year={2004}
}

@article{chang2008bigtable,
  title={Bigtable: A distributed storage system for structured data},
  author={Chang, Fay and Dean, Jeffrey and Ghemawat, Sanjay and Hsieh, Wilson C and Wallach, Deborah A and Burrows, Mike and Chandra, Tushar and Fikes, Andrew and Gruber, Robert E},
  journal={ACM Transactions on Computer Systems},
  volume={26},
  number={2},
  pages={1--26},
  year={2008}
}

@inproceedings{dai2020adaptive,
  title={Adaptive learned Bloom filter (Ada-BF): Efficient utilization of the classifier with application to real-time information filtering on the web},
  author={Dai, Zhenwei and Shrivastava, Anshumali},
  booktitle={Advances in Neural Information Processing Systems (NeurIPS)},
  year={2020}
}

@article{dai2022optimizing,
  title={Optimizing learned Bloom filters: How much should be learned?},
  author={Dai, Zhenwei and Shrivastava, Anshumali and Reviriego, Pedro and Hern{\'a}ndez, Jos{\'e} Alberto},
  journal={IEEE Embedded Systems Letters},
  volume={14},
  number={3},
  pages={123--126},
  year={2022}
}

@inproceedings{fan2014cuckoo,
  title={Cuckoo filter: Practically better than Bloom},
  author={Fan, Bin and Andersen, Dave G and Kaminsky, Michael and Mitzenmacher, Michael D},
  booktitle={ACM International Conference on Emerging Networking Experiments and Technologies (CoNEXT)},
  year={2014}
}

@inproceedings{fumagalli2022choice,
  title={On the choice of general purpose classifiers in learned Bloom filters: An initial analysis within basic filters},
  author={Fumagalli, Giacomo and Raimondi, Davide and Giancarlo, Raffaele and Malchiodi, Dario and Frasca, Marco},
  booktitle={International Conference on Pattern Recognition Applications and Methods (ICPRAM)},
  year={2022}
}

@article{geravand2013bloom,
  title={Bloom filter applications in network security: A state-of-the-art survey},
  author={Geravand, Shahabeddin and Ahmadi, Mahmood},
  journal={Computer Networks},
  volume={57},
  number={18},
  pages={4047--4064},
  year={2013}
}

@inproceedings{goodrich2011invertible,
  title={Invertible Bloom lookup tables},
  author={Goodrich, Michael T and Mitzenmacher, Michael},
  booktitle={Allerton Conference on Communication, Control, and Computing (Allerton)},
  year={2011}
}

@article{graf2020xor,
  title={Xor filters: Faster and smaller than Bloom and Cuckoo filters},
  author={Graf, Thomas Mueller and Lemire, Daniel},
  journal={Journal of Experimental Algorithmics},
  volume={25},
  articleno={1.5},
  pages={1--16},
  year={2020}
}

@inproceedings{kraska2018case,
  title={The case for learned index structures},
  author={Kraska, Tim and Beutel, Alex and Chi, Ed H and Dean, Jeffrey and Polyzotis, Neoklis},
  booktitle={ACM SIGMOD International Conference on Management of Data (SIGMOD)},
  year={2018}
}

@inproceedings{lu2012bloomstore,
  title={BloomStore: Bloom-filter based memory-efficient key-value store for indexing of data deduplication on flash},
  author={Lu, Guanlin and Nam, Young Jin and Du, David HC},
  booktitle={IEEE Symposium on Mass Storage Systems and Technologies (MSST)},
  year={2012}
}

@article{malchiodi2024role,
  title={The role of classifiers and data complexity in learned Bloom filters: Insights and recommendations},
  author={Malchiodi, Dario and Raimondi, Davide and Fumagalli, Giacomo and Giancarlo, Raffaele and Frasca, Marco},
  journal={Journal of Big Data},
  volume={11},
  articleno={45},
  number={1},
  pages={1--26},
  year={2024}
}

@inproceedings{mitzenmacher2018model,
  title={A model for learned Bloom filters and optimizing by sandwiching},
  author={Mitzenmacher, Michael},
  booktitle={Advances in Neural Information Processing Systems (NeurIPS)},
  year={2018}
}

@inproceedings{pagh2005optimal,
  title={An optimal Bloom filter replacement},
  author={Pagh, Anna and Pagh, Rasmus and Rao, S Srinivasa},
  booktitle={ACM-SIAM Symposium on Discrete Algorithms (SODA)},
  year={2005}
}

@article{peter2021ribbon,
  title={Ribbon Filter: Practically smaller than Bloom and Xor},
  author={Peter C. Dillinger and Stefan Walzer},
  journal={arXiv:2103.02515},
  year={2021}
}

@inproceedings{sato2023fast,
  title={Fast partitioned learned Bloom filter},
  author={Sato, Atsuki and Matsui, Yusuke},
  booktitle={Advances in Neural Information Processing Systems (NeurIPS)},
  year={2023}
}

@article{tarkoma2011theory,
  title={Theory and practice of Bloom filters for distributed systems},
  author={Tarkoma, Sasu and Rothenberg, Christian Esteve and Lagerspetz, Eemil},
  journal={IEEE Communications Surveys \& Tutorials},
  volume={14},
  number={1},
  pages={131--155},
  year={2011}
}

@inproceedings{vaidya2021partitioned,
  title={Partitioned learned Bloom filters},
  author={Kapil Vaidya and Eric Knorr and Michael Mitzenmacher and Tim Kraska},
  booktitle={International Conference on Learning Representations (ICLR)},
  year={2021}
}

@inproceedings{wang2019vacuum,
  title={Vacuum filters: More space-efficient and faster replacement for Bloom and Cuckoo filters},
  author={Wang, Minmei and Zhou, Mingxun},
  booktitle={International Conference on Very Large Data Bases (VLDB)},
  year={2019}
}

@inproceedings{xie2021hashadaptive,
  author={Xie, Rongbiao and Li, Meng and Miao, Zheyu and Gu, Rong and Huang, He and Dai, Haipeng and Chen, Guihai},
  booktitle={International Conference on Data Engineering (ICDE)}, 
  title={Hash Adaptive Bloom Filter}, 
  year={2021}
}

