// Bloom Filter
@article{bloom1970space,
  title={Space/time trade-offs in hash coding with allowable errors},
  author={Bloom, Burton H},
  journal={Communications of the ACM},
  volume={13},
  number={7},
  pages={422--426},
  year={1970}
}

@inproceedings{pagh2005optimal,
  title={An optimal Bloom filter replacement},
  author={Pagh, Anna and Pagh, Rasmus and Rao, S Srinivasa},
  booktitle={ACM-SIAM Symposium on Discrete Algorithms (SODA)},
  year={2005}
}

// Classic AMQ Filter
@inproceedings{fan2014cuckoo,
  title={Cuckoo filter: Practically better than Bloom},
  author={Fan, Bin and Andersen, Dave G and Kaminsky, Michael and Mitzenmacher, Michael D},
  booktitle={ACM International Conference on Emerging Networking Experiments and Technologies (CoNEXT)},
  year={2014}
}

@inproceedings{wang2019vacuum,
  title={Vacuum filters: More space-efficient and faster replacement for Bloom and Cuckoo filters},
  author={Wang, Minmei and Zhou, Mingxun},
  booktitle={International Conference on Very Large Data Bases (VLDB)},
  year={2019}
}

@article{graf2020xor,
  title={Xor filters: Faster and smaller than Bloom and Cuckoo filters},
  author={Graf, Thomas Mueller and Lemire, Daniel},
  journal={Journal of Experimental Algorithmics},
  volume={25},
  articleno={1.5},
  pages={1--16},
  year={2020}
}

@article{peter2021ribbon,
  title={Ribbon Filter: Practically smaller than Bloom and Xor},
  author={Peter C. Dillinger and Stefan Walzer},
  journal={arXiv:2103.02515},
  year={2021}
}

// Bloom filter Applications
@article{broder2004network,
  title={Network applications of Bloom filters: A survey},
  author={Broder, Andrei and Mitzenmacher, Michael},
  journal={Internet Mathematics},
  volume={1},
  number={4},
  pages={485--509},
  year={2004}
}

@article{tarkoma2011theory,
  title={Theory and practice of Bloom filters for distributed systems},
  author={Tarkoma, Sasu and Rothenberg, Christian Esteve and Lagerspetz, Eemil},
  journal={IEEE Communications Surveys \& Tutorials},
  volume={14},
  number={1},
  pages={131--155},
  year={2011}
}

@article{geravand2013bloom,
  title={Bloom filter applications in network security: A state-of-the-art survey},
  author={Geravand, Shahabeddin and Ahmadi, Mahmood},
  journal={Computer Networks},
  volume={57},
  number={18},
  pages={4047--4064},
  year={2013}
}

@article{chang2008bigtable,
  title={Bigtable: A distributed storage system for structured data},
  author={Chang, Fay and Dean, Jeffrey and Ghemawat, Sanjay and Hsieh, Wilson C and Wallach, Deborah A and Burrows, Mike and Chandra, Tushar and Fikes, Andrew and Gruber, Robert E},
  journal={ACM Transactions on Computer Systems},
  volume={26},
  number={2},
  pages={1--26},
  year={2008}
}

@inproceedings{goodrich2011invertible,
  title={Invertible Bloom lookup tables},
  author={Goodrich, Michael T and Mitzenmacher, Michael},
  booktitle={Allerton Conference on Communication, Control, and Computing (Allerton)},
  year={2011}
}

@inproceedings{lu2012bloomstore,
  title={BloomStore: Bloom-filter based memory-efficient key-value store for indexing of data deduplication on flash},
  author={Lu, Guanlin and Nam, Young Jin and Du, David HC},
  booktitle={IEEE Symposium on Mass Storage Systems and Technologies (MSST)},
  year={2012}
}

@inproceedings{han2021efficient,
  title={An efficient multi-signature wallet in blockchain using Bloom filter},
  author={Han, Jongbeen and Song, Mansub and Eom, Hyeonsang and Son, Yongseok},
  booktitle={ACM Symposium on Applied Computing (SAC)},
  year={2021}
}

@article{aggarwal1987geometric,
  title={Geometric applications of a matrix-searching algorithm},
  author={Aggarwal, Alok and Klawe, Maria M and Moran, Shlomo and Shor, Peter and Wilber, Robert},
  journal={Algorithmica},
  volume={2},
  number={1},
  pages={195--208},
  year={1987}
}

// Learned Bloom Filters
@inproceedings{kraska2018case,
  title={The case for learned index structures},
  author={Kraska, Tim and Beutel, Alex and Chi, Ed H and Dean, Jeffrey and Polyzotis, Neoklis},
  booktitle={ACM SIGMOD International Conference on Management of Data (SIGMOD)},
  year={2018}
}

@inproceedings{mitzenmacher2018model,
  title={A model for learned Bloom filters and optimizing by sandwiching},
  author={Mitzenmacher, Michael},
  booktitle={Advances in Neural Information Processing Systems (NeurIPS)},
  year={2018}
}

@inproceedings{dai2020adaptive,
  title={Adaptive learned Bloom filter (Ada-BF): Efficient utilization of the classifier with application to real-time information filtering on the web},
  author={Dai, Zhenwei and Shrivastava, Anshumali},
  booktitle={Advances in Neural Information Processing Systems (NeurIPS)},
  year={2020}
}

@misc{githubdai2020adaptive,
  author       = {Dai, Zhenwei and Shrivastava, Anshumali},
  title        = {Adaptive Learned Bloom Filter (Ada-BF): Efficient Utilization of the Classifier},
  year         = {2024},
  howpublished = {\url{https://github.com/DAIZHENWEI/Ada-BF}},
  note         = {Commit ID: d6cf4ba, accessed: 2024-11-20}
}

@article{bhattacharya2022new,
  title={New wine in an old bottle: data-aware hash functions for bloom filters},
  author={Bhattacharya, Arindam and Gudesa, Chathur and Bagchi, Amitabha and Bedathur, Srikanta},
  journal={Proceedings of the VLDB Endowment},
  volume={15},
  number={9},
  pages={1924--1936},
  year={2022}
}

@misc{githubbhattacharya2022new,
  author       = {Arindam Bhattacharya and Chathur Gudesa and Amitabha Bagchi and Srikanta Bedathur},
  title        = {Hash Partitioned Bloom Filter (HPBF)},
  howpublished = {\url{https://github.com/data-iitd/PHBF/tree/main}},
  year         = {2022},
  note         = {Commit ID: e917150, accessed: 2024-11-20}
}

@inproceedings{xie2021hashadaptive,
  author={Xie, Rongbiao and Li, Meng and Miao, Zheyu and Gu, Rong and Huang, He and Dai, Haipeng and Chen, Guihai},
  booktitle={International Conference on Data Engineering (ICDE)}, 
  title={Hash Adaptive Bloom Filter}, 
  year={2021}
}

@misc{githubnjulands2021hashadaptivebf, 
    author = {Xie, Rongbiao and Li, Meng and Miao, Zheyu and Gu, Rong and Huang, He and Dai, Haipeng and Chen, Guihai},
    title = {ICDE-2021 - Hash-Adaptive-Bloom-Filter},
    howpublished = {\url{https://github.com/njulands/HashAdaptiveBF}},
    year = {2021}, 
    note = {Commit ID: 8add397, accessed: 2024-11-22}
}

@inproceedings{vaidya2021partitioned,
  title={Partitioned learned Bloom filters},
  author={Kapil Vaidya and Eric Knorr and Michael Mitzenmacher and Tim Kraska},
  booktitle={International Conference on Learning Representations (ICLR)},
  year={2021}
}

@inproceedings{sato2023fast,
  title={Fast partitioned learned Bloom filter},
  author={Sato, Atsuki and Matsui, Yusuke},
  booktitle={Advances in Neural Information Processing Systems (NeurIPS)},
  year={2023}
}

// Learned Bloom Filter (Reject Time)
@inproceedings{fumagalli2022choice,
  title={On the choice of general purpose classifiers in learned Bloom filters: An initial analysis within basic filters},
  author={Fumagalli, Giacomo and Raimondi, Davide and Giancarlo, Raffaele and Malchiodi, Dario and Frasca, Marco},
  booktitle={International Conference on Pattern Recognition Applications and Methods (ICPRAM)},
  year={2022}
}

@article{malchiodi2024role,
  title={The role of classifiers and data complexity in learned Bloom filters: Insights and recommendations},
  author={Malchiodi, Dario and Raimondi, Davide and Fumagalli, Giacomo and Giancarlo, Raffaele and Frasca, Marco},
  journal={Journal of Big Data},
  volume={11},
  articleno={45},
  number={1},
  pages={1--26},
  year={2024}
}

// Learned Bloom Filter (ML Model choice)
@article{dai2022optimizing,
  title={Optimizing learned Bloom filters: How much should be learned?},
  author={Dai, Zhenwei and Shrivastava, Anshumali and Reviriego, Pedro and Hern{\'a}ndez, Jos{\'e} Alberto},
  journal={IEEE Embedded Systems Letters},
  volume={14},
  number={3},
  pages={123--126},
  year={2022}
}

// Dataset
@misc{manu2021urlDataset,
  title={Malicious URLs Dataset},
  author={Manu Siddhartha},
  howpublished={\url{https://www.kaggle.com/datasets/sid321axn/malicious-urls-dataset}},
  year={2021},
  note={[Online; accessed 22-December-2022]}
}

@article{anderson2018ember,
  title={EMBER: An open dataset for training static PE malware machine learning models},
  author={Anderson, Hyrum S and Roth, Phil},
  journal={arXiv:1804.04637},
  year={2018}
}

// XGBoost
@inproceedings{chen2016xgboost,
  title={XGBoost: A scalable tree boosting system},
  author={Chen, Tianqi and Guestrin, Carlos},
  booktitle={ACM SIGKDD International Conference on Knowledge Discovery and Data Mining (KDD)},
  year={2016}
}

// Boosting
/// Haar-like
@inproceedings{viola2001rapid,
  title={Rapid object detection using a boosted cascade of simple features},
  author={Viola, Paul and Jones, Michael},
  booktitle={Conference on Computer Vision and Pattern Recognition (CVPR)},
  year={2001}
}

/// AdaBoost
@article{freund1997decision,
  title={A decision-theoretic generalization of on-line learning and an application to boosting},
  author={Freund, Yoav and Schapire, Robert E},
  journal={Journal of Computer and System Sciences},
  volume={55},
  number={1},
  pages={119--139},
  year={1997}
}

/// Stochastic Gradient Boosting
@article{friedman2001greedy,
  title={Greedy function approximation: A gradient boosting machine},
  author={Friedman, Jerome H},
  journal={Annals of Statistics},
  volume={29},
  number={5},
  pages={1189--1232},
  year={2001}
}
