@ARTICLE{10726610,
  author={Li, Jingyi and Huang, Guangjing and Zeng, Liekang and Chen, Lin and Chen, Xu},
  journal={IEEE Transactions on Mobile Computing}, 
  title={Sequential Privacy Budget Recycling for Federated Vector Mean Estimation: A Game-Theoretic Approach}, 
  year={2025},
  volume={24},
  number={3},
  pages={1308-1321},
  keywords={Privacy;Noise;Vectors;Servers;Data privacy;Protocols;Games;Differential privacy;Recycling;Training;Privacy preservation;vector mean estimation;differential privacy;game theory},
  doi={10.1109/TMC.2024.3484010}}

@inproceedings{abadi2016deep,
  title={Deep learning with differential privacy},
  author={Abadi, Martin and Chu, Andy and Goodfellow, Ian and McMahan, H Brendan and Mironov, Ilya and Talwar, Kunal and Zhang, Li},
  booktitle={Proceedings of the 2016 ACM SIGSAC conference on computer and communications security},
  pages={308--318},
  year={2016}
}

@inproceedings{bassily2014private,
  title={Private empirical risk minimization: Efficient algorithms and tight error bounds},
  author={Bassily, Raef and Smith, Adam and Thakurta, Abhradeep},
  booktitle={2014 IEEE 55th annual symposium on foundations of computer science},
  pages={464--473},
  year={2014},
  organization={IEEE}
}

@inproceedings{bassily2015local,
  title={Local, private, efficient protocols for succinct histograms},
  author={Bassily, Raef and Smith, Adam},
  booktitle={Proceedings of the forty-seventh annual ACM symposium on Theory of computing},
  pages={127--135},
  year={2015}
}

@article{beimel2014bounds,
  title={Bounds on the sample complexity for private learning and private data release},
  author={Beimel, Amos and Brenner, Hai and Kasiviswanathan, Shiva Prasad and Nissim, Kobbi},
  journal={Machine learning},
  volume={94},
  pages={401--437},
  year={2014},
  publisher={Springer}
}

@inproceedings{chanyaswad2018mvg,
  title={Mvg mechanism: Differential privacy under matrix-valued query},
  author={Chanyaswad, Thee and Dytso, Alex and Poor, H Vincent and Mittal, Prateek},
  booktitle={Proceedings of the 2018 ACM SIGSAC Conference on Computer and Communications Security},
  pages={230--246},
  year={2018}
}

@article{direction,
  title={Differential privacy for tensor-valued queries},
  author={Yang, Jungang and Xiang, Liyao and Chen, Ruidong and Li, Weiting and Li, Baochun},
  journal={IEEE Transactions on Information Forensics and Security},
  volume={17},
  pages={152--164},
  year={2021},
  publisher={IEEE}
}

@article{duchi2013local,
  title={Local privacy, data processing inequalities, and statistical minimax rates},
  author={Duchi, John C and Jordan, Michael I and Wainwright, Martin J},
  journal={arXiv preprint arXiv:1302.3203},
  year={2013}
}

@article{duchi2014privacy,
  title={Privacy aware learning},
  author={Duchi, John C and Jordan, Michael I and Wainwright, Martin J},
  journal={Journal of the ACM (JACM)},
  volume={61},
  number={6},
  pages={1--57},
  year={2014},
  publisher={ACM New York, NY, USA}
}

@inproceedings{dwork2006calibrating,
  title={Calibrating noise to sensitivity in private data analysis},
  author={Dwork, Cynthia and McSherry, Frank and Nissim, Kobbi and Smith, Adam},
  booktitle={Theory of Cryptography: Third Theory of Cryptography Conference, TCC 2006, New York, NY, USA, March 4-7, 2006. Proceedings 3},
  pages={265--284},
  year={2006},
  organization={Springer}
}

@article{dwork2014algorithmic,
  title={The algorithmic foundations of differential privacy},
  author={Dwork, Cynthia and Roth, Aaron and others},
  journal={Foundations and Trends{\textregistered} in Theoretical Computer Science},
  volume={9},
  number={3--4},
  pages={211--407},
  year={2014},
  publisher={Now Publishers, Inc.}
}

@article{individual,
  title={Multiple strategies differential privacy on sparse tensor factorization for network traffic analysis in 5G},
  author={Wang, Jin and Han, Hui and Li, Hao and He, Shiming and Sharma, Pradip Kumar and Chen, Lydia},
  journal={IEEE Transactions on Industrial Informatics},
  volume={18},
  number={3},
  pages={1939--1948},
  year={2021},
  publisher={IEEE}
}

@article{kairouz2014extremal,
  title={Extremal mechanisms for local differential privacy},
  author={Kairouz, Peter and Oh, Sewoong and Viswanath, Pramod},
  journal={Advances in neural information processing systems},
  volume={27},
  year={2014}
}

@inproceedings{kairouz2015composition,
  title={The composition theorem for differential privacy},
  author={Kairouz, Peter and Oh, Sewoong and Viswanath, Pramod},
  booktitle={International conference on machine learning},
  pages={1376--1385},
  year={2015},
  organization={PMLR}
}

@inproceedings{kairouz2016discrete,
  title={Discrete distribution estimation under local privacy},
  author={Kairouz, Peter and Bonawitz, Keith and Ramage, Daniel},
  booktitle={International Conference on Machine Learning},
  pages={2436--2444},
  year={2016},
  organization={PMLR}
}

@misc{lecuyer2019privacy,
  title={Privacy Accounting and Quality Control in the Sage Differentially Private ML Platform (SOSPâ€™19). Association for Computing Machinery, New York, NY, USA, 181{\^a}{\u{A}}{\c{S}}195},
  author={L{\'e}cuyer, Mathias and Spahn, Riley and Vodrahalli, Kiran and Geambasu, Roxana and Hsu, Daniel},
  year={2019}
}

@inproceedings{lee2018concentrated,
  title={Concentrated differentially private gradient descent with adaptive per-iteration privacy budget},
  author={Lee, Jaewoo and Kifer, Daniel},
  booktitle={Proceedings of the 24th ACM SIGKDD International Conference on Knowledge Discovery \& Data Mining},
  pages={1656--1665},
  year={2018}
}

@article{nguyen2016collecting,
  title={Collecting and analyzing data from smart device users with local differential privacy},
  author={Nguy{\^e}n, Th{\^o}ng T and Xiao, Xiaokui and Yang, Yin and Hui, Siu Cheung and Shin, Hyejin and Shin, Junbum},
  journal={arXiv preprint arXiv:1606.05053},
  year={2016}
}

@article{papernot2018scalable,
  title={Scalable private learning with pate},
  author={Papernot, Nicolas and Song, Shuang and Mironov, Ilya and Raghunathan, Ananth and Talwar, Kunal and Erlingsson, {\'U}lfar},
  journal={arXiv preprint arXiv:1802.08908},
  year={2018}
}

@inproceedings{phan2016differential,
  title={Differential privacy preservation for deep auto-encoders: an application of human behavior prediction},
  author={Phan, NhatHai and Wang, Yue and Wu, Xintao and Dou, Dejing},
  booktitle={Proceedings of the AAAI Conference on Artificial Intelligence},
  volume={30},
  number={1},
  year={2016}
}

@article{qiu2023fast,
  title={Fast LDP-MST: An efficient density-peak-based clustering method for large-size datasets},
  author={Qiu, Teng and Li, Yong-Jie},
  journal={IEEE Transactions on Knowledge and Data Engineering},
  volume={35},
  number={5},
  pages={4767--4780},
  year={2023},
  publisher={IEEE}
}

@inproceedings{rappor,
  title={Rappor: Randomized aggregatable privacy-preserving ordinal response},
  author={Erlingsson, {\'U}lfar and Pihur, Vasyl and Korolova, Aleksandra},
  booktitle={Proceedings of the 2014 ACM SIGSAC conference on computer and communications security},
  pages={1054--1067},
  year={2014}
}

@inproceedings{shokri2015privacy,
  title={Privacy-preserving deep learning},
  author={Shokri, Reza and Shmatikov, Vitaly},
  booktitle={Proceedings of the 22nd ACM SIGSAC conference on computer and communications security},
  pages={1310--1321},
  year={2015}
}

@inproceedings{song2013stochastic,
  title={Stochastic gradient descent with differentially private updates},
  author={Song, Shuang and Chaudhuri, Kamalika and Sarwate, Anand D},
  booktitle={2013 IEEE global conference on signal and information processing},
  pages={245--248},
  year={2013},
  organization={IEEE}
}

@article{wang2017differentially,
  title={Differentially private empirical risk minimization revisited: Faster and more general},
  author={Wang, Di and Ye, Minwei and Xu, Jinhui},
  journal={Advances in Neural Information Processing Systems},
  volume={30},
  year={2017}
}

@inproceedings{wang2018not,
  title={Not just privacy: Improving performance of private deep learning in mobile cloud},
  author={Wang, Ji and Zhang, Jianguo and Bao, Weidong and Zhu, Xiaomin and Cao, Bokai and Yu, Philip S},
  booktitle={Proceedings of the 24th ACM SIGKDD international conference on knowledge discovery \& data mining},
  pages={2407--2416},
  year={2018}
}

@article{warner1965randomized,
  title={Randomized response: A survey technique for eliminating evasive answer bias},
  author={Warner, Stanley L},
  journal={Journal of the American statistical association},
  volume={60},
  number={309},
  pages={63--69},
  year={1965},
  publisher={Taylor \& Francis}
}

@inproceedings{yu2019differentially,
  title={Differentially private model publishing for deep learning},
  author={Yu, Lei and Liu, Ling and Pu, Calton and Gursoy, Mehmet Emre and Truex, Stacey},
  booktitle={2019 IEEE symposium on security and privacy (SP)},
  pages={332--349},
  year={2019},
  organization={IEEE}
}

@article{zhang2017efficient,
  title={Efficient private ERM for smooth objectives},
  author={Zhang, Jiaqi and Zheng, Kai and Mou, Wenlong and Wang, Liwei},
  journal={arXiv preprint arXiv:1703.09947},
  year={2017}
}

