@inproceedings{zhang2024ai,
  title={AI Model Training Data Privacy Protection Scheme Based on Local Differential Privacy},
  author={Zhang, Yue and Li, Lin and Hou, Cong and Li, Min and Xu, Xiaotian},
  booktitle={2024 IEEE 4th International Conference on Information Technology, Big Data and Artificial Intelligence (ICIBA)},
  volume={4},
  pages={895--899},
  year={2024},
  organization={IEEE}
}
@article{bao2021privacy,
  title={Privacy-preserving collaborative filtering algorithm based on local differential privacy},
  author={Bao, Ting and Xu, Lei and Zhu, Liehuang and Wang, Lihong and Li, Ruiguang and Li, Tielei},
  journal={China communications},
  volume={18},
  number={11},
  pages={42--60},
  year={2021},
  publisher={IEEE}
}
@article{sun2021privbv,
  title={PrivBV: Distance-aware encoding for distributed data with local differential privacy},
  author={Sun, Lin and Ping, Guolou and Ye, Xiaojun},
  journal={Tsinghua Science and Technology},
  volume={27},
  number={2},
  pages={412--421},
  year={2021},
  publisher={TUP}
}
@article{qiu2023fast,
  title={Fast LDP-MST: An efficient density-peak-based clustering method for large-size datasets},
  author={Qiu, Teng and Li, Yong-Jie},
  journal={IEEE Transactions on Knowledge and Data Engineering},
  volume={35},
  number={5},
  pages={4767--4780},
  year={2023},
  publisher={IEEE}
}

@ARTICLE{10726610,
  author={Li, Jingyi and Huang, Guangjing and Zeng, Liekang and Chen, Lin and Chen, Xu},
  journal={IEEE Transactions on Mobile Computing}, 
  title={Sequential Privacy Budget Recycling for Federated Vector Mean Estimation: A Game-Theoretic Approach}, 
  year={2025},
  volume={24},
  number={3},
  pages={1308-1321},
  keywords={Privacy;Noise;Vectors;Servers;Data privacy;Protocols;Games;Differential privacy;Recycling;Training;Privacy preservation;vector mean estimation;differential privacy;game theory},
  doi={10.1109/TMC.2024.3484010}}

@article{WANG2025103084,
title = {Privacy-preserving heterogeneous multi-modal sensor data fusion via federated learning for smart healthcare},
journal = {Information Fusion},
volume = {120},
pages = {103084},
year = {2025},
issn = {1566-2535},
doi = {https://doi.org/10.1016/j.inffus.2025.103084},
url = {https://www.sciencedirect.com/science/article/pii/S1566253525001575},
author = {Jing Wang and Mohammad Tabrez Quasim and Bo Yi},
}
@article{xue2022ddrm,
  title={DDRM: A continual frequency estimation mechanism with local differential privacy},
  author={Xue, Qiao and Ye, Qingqing and Hu, Haibo and Zhu, Youwen and Wang, Jian},
  journal={IEEE Transactions on Knowledge and Data Engineering},
  volume={35},
  number={7},
  pages={6784--6797},
  year={2022},
  publisher={IEEE}
}

@article{liu2024edge,
  title={Edge-protected triangle count estimation under relationship local differential privacy},
  author={Liu, Yuhan and Wang, Tianhao and Liu, Yixuan and Chen, Hong and Li, Cuiping},
  journal={IEEE Transactions on Knowledge and Data Engineering},
  year={2024},
  publisher={IEEE}
}

@article{warner1965randomized,
  title={Randomized response: A survey technique for eliminating evasive answer bias},
  author={Warner, Stanley L},
  journal={Journal of the American statistical association},
  volume={60},
  number={309},
  pages={63--69},
  year={1965},
  publisher={Taylor \& Francis}
}

@inproceedings{rappor,
  title={Rappor: Randomized aggregatable privacy-preserving ordinal response},
  author={Erlingsson, {\'U}lfar and Pihur, Vasyl and Korolova, Aleksandra},
  booktitle={Proceedings of the 2014 ACM SIGSAC conference on computer and communications security},
  pages={1054--1067},
  year={2014}
}

@article{fanti2015building,
  title={Building a RAPPOR with the unknown: Privacy-preserving learning of associations and data dictionaries},
  author={Fanti, Giulia and Pihur, Vasyl and Erlingsson, {\'U}lfar},
  journal={arXiv preprint arXiv:1503.01214},
  year={2015}
}

@inproceedings{wang2016private,
  title={Private weighted histogram aggregation in crowdsourcing},
  author={Wang, Shaowei and Huang, Liusheng and Wang, Pengzhan and Deng, Hou and Xu, Hongli and Yang, Wei},
  booktitle={Wireless Algorithms, Systems, and Applications: 11th International Conference, WASA 2016, Bozeman, MT, USA, August 8-10, 2016. Proceedings 11},
  pages={250--261},
  year={2016},
  organization={Springer}
}

@inproceedings{bassily2015local,
  title={Local, private, efficient protocols for succinct histograms},
  author={Bassily, Raef and Smith, Adam},
  booktitle={Proceedings of the forty-seventh annual ACM symposium on Theory of computing},
  pages={127--135},
  year={2015}
}

@inproceedings{wang2017locally,
  title={Locally differentially private protocols for frequency estimation},
  author={Wang, Tianhao and Blocki, Jeremiah and Li, Ninghui and Jha, Somesh},
  booktitle={26th USENIX Security Symposium (USENIX Security 17)},
  pages={729--745},
  year={2017}
}

@article{tutorial,
  title={Local differential privacy: a tutorial},
  author={Bebensee, Bj{\"o}rn},
  journal={arXiv preprint arXiv:1907.11908},
  year={2019}
}

@article{zheng2022matrix,
  title={A matrix factorization recommendation system-based local differential privacy for protecting usersâ€™ sensitive data},
  author={Zheng, Xiaoyao and Guan, Manping and Jia, Xianmin and Guo, Liangmin and Luo, Yonglong},
  journal={IEEE Transactions on Computational Social Systems},
  volume={10},
  number={3},
  pages={1189--1198},
  year={2022},
  publisher={IEEE}
}
@ARTICLE{10907793,
  author={Kou, Wei-Bin and Lin, Qingfeng and Tang, Ming and Ye, Rongguang and Wang, Shuai and Zhu, Guangxu and Wu, Yik-Chung},
  journal={IEEE Transactions on Intelligent Transportation Systems}, 
  title={Fast-Convergent and Communication-Alleviated Heterogeneous Hierarchical Federated Learning in Autonomous Driving}, 
  year={2025},
  volume={},
  number={},
  pages={1-16},
  keywords={Servers;Gaussian distribution;Data models;Convergence;Adaptation models;Urban areas;Image edge detection;Hands;Federated learning;Computational modeling;Hierarchical federated learning;inter-city data heterogeneity;accelerating convergence;Gaussian distribution assumption;performance-aware adaptive resource scheduling;reducing communication resource consumption},
  doi={10.1109/TITS.2025.3543235}}
@inproceedings{mcmahan2017communication,
  title={Communication-efficient learning of deep networks from decentralized data},
  author={McMahan, Brendan and Moore, Eider and Ramage, Daniel and Hampson, Seth and y Arcas, Blaise Aguera},
  booktitle={Artificial intelligence and statistics},
  pages={1273--1282},
  year={2017},
  organization={PMLR}
}

@article{geiping2020inverting,
  title={Inverting gradients-how easy is it to break privacy in federated learning?},
  author={Geiping, Jonas and Bauermeister, Hartmut and Dr{\"o}ge, Hannah and Moeller, Michael},
  journal={Advances in neural information processing systems},
  volume={33},
  pages={16937--16947},
  year={2020}
}

@article{direction,
  title={Differential privacy for tensor-valued queries},
  author={Yang, Jungang and Xiang, Liyao and Chen, Ruidong and Li, Weiting and Li, Baochun},
  journal={IEEE Transactions on Information Forensics and Security},
  volume={17},
  pages={152--164},
  year={2021},
  publisher={IEEE}
}

@article{individual,
  title={Multiple strategies differential privacy on sparse tensor factorization for network traffic analysis in 5G},
  author={Wang, Jin and Han, Hui and Li, Hao and He, Shiming and Sharma, Pradip Kumar and Chen, Lydia},
  journal={IEEE Transactions on Industrial Informatics},
  volume={18},
  number={3},
  pages={1939--1948},
  year={2021},
  publisher={IEEE}
}

@article{dwork2014algorithmic,
  title={The algorithmic foundations of differential privacy},
  author={Dwork, Cynthia and Roth, Aaron and others},
  journal={Foundations and Trends{\textregistered} in Theoretical Computer Science},
  volume={9},
  number={3--4},
  pages={211--407},
  year={2014},
  publisher={Now Publishers, Inc.}
}

@inproceedings{dwork2006calibrating,
  title={Calibrating noise to sensitivity in private data analysis},
  author={Dwork, Cynthia and McSherry, Frank and Nissim, Kobbi and Smith, Adam},
  booktitle={Theory of Cryptography: Third Theory of Cryptography Conference, TCC 2006, New York, NY, USA, March 4-7, 2006. Proceedings 3},
  pages={265--284},
  year={2006},
  organization={Springer}
}

@inproceedings{blocki2012johnson,
  title={The johnson-lindenstrauss transform itself preserves differential privacy},
  author={Blocki, Jeremiah and Blum, Avrim and Datta, Anupam and Sheffet, Or},
  booktitle={2012 IEEE 53rd Annual Symposium on Foundations of Computer Science},
  pages={410--419},
  year={2012},
  organization={IEEE}
}

@inproceedings{chanyaswad2018mvg,
  title={Mvg mechanism: Differential privacy under matrix-valued query},
  author={Chanyaswad, Thee and Dytso, Alex and Poor, H Vincent and Mittal, Prateek},
  booktitle={Proceedings of the 2018 ACM SIGSAC Conference on Computer and Communications Security},
  pages={230--246},
  year={2018}
}

@article{li2015matrix,
  title={The matrix mechanism: optimizing linear counting queries under differential privacy},
  author={Li, Chao and Miklau, Gerome and Hay, Michael and McGregor, Andrew and Rastogi, Vibhor},
  journal={The VLDB journal},
  volume={24},
  pages={757--781},
  year={2015},
  publisher={Springer}
}

@inproceedings{bun2016concentrated,
  title={Concentrated differential privacy: Simplifications, extensions, and lower bounds},
  author={Bun, Mark and Steinke, Thomas},
  booktitle={Theory of cryptography conference},
  pages={635--658},
  year={2016},
  organization={Springer}
}

@inproceedings{balle2018improving,
  title={Improving the gaussian mechanism for differential privacy: Analytical calibration and optimal denoising},
  author={Balle, Borja and Wang, Yu-Xiang},
  booktitle={International Conference on Machine Learning},
  pages={394--403},
  year={2018},
  organization={PMLR}
}

@article{geng2015optimal,
  title={Optimal noise adding mechanisms for approximate differential privacy},
  author={Geng, Quan and Viswanath, Pramod},
  journal={IEEE Transactions on Information Theory},
  volume={62},
  number={2},
  pages={952--969},
  year={2015},
  publisher={IEEE}
}

@inproceedings{xiang2019differentially,
  title={Differentially-private deep learning from an optimization perspective},
  author={Xiang, Liyao and Yang, Jingbo and Li, Baochun},
  booktitle={IEEE INFOCOM 2019-IEEE Conference on Computer Communications},
  pages={559--567},
  year={2019},
  organization={IEEE}
}

@article{kairouz2014extremal,
  title={Extremal mechanisms for local differential privacy},
  author={Kairouz, Peter and Oh, Sewoong and Viswanath, Pramod},
  journal={Advances in neural information processing systems},
  volume={27},
  year={2014}
}

@inproceedings{kairouz2016discrete,
  title={Discrete distribution estimation under local privacy},
  author={Kairouz, Peter and Bonawitz, Keith and Ramage, Daniel},
  booktitle={International Conference on Machine Learning},
  pages={2436--2444},
  year={2016},
  organization={PMLR}
}

@article{duchi2013local,
  title={Local privacy, data processing inequalities, and statistical minimax rates},
  author={Duchi, John C and Jordan, Michael I and Wainwright, Martin J},
  journal={arXiv preprint arXiv:1302.3203},
  year={2013}
}

@article{duchi2014privacy,
  title={Privacy aware learning},
  author={Duchi, John C and Jordan, Michael I and Wainwright, Martin J},
  journal={Journal of the ACM (JACM)},
  volume={61},
  number={6},
  pages={1--57},
  year={2014},
  publisher={ACM New York, NY, USA}
}

@article{nguyen2016collecting,
  title={Collecting and analyzing data from smart device users with local differential privacy},
  author={Nguy{\^e}n, Th{\^o}ng T and Xiao, Xiaokui and Yang, Yin and Hui, Siu Cheung and Shin, Hyejin and Shin, Junbum},
  journal={arXiv preprint arXiv:1606.05053},
  year={2016}
}

@inproceedings{abadi2016deep,
  title={Deep learning with differential privacy},
  author={Abadi, Martin and Chu, Andy and Goodfellow, Ian and McMahan, H Brendan and Mironov, Ilya and Talwar, Kunal and Zhang, Li},
  booktitle={Proceedings of the 2016 ACM SIGSAC conference on computer and communications security},
  pages={308--318},
  year={2016}
}

@inproceedings{kairouz2015composition,
  title={The composition theorem for differential privacy},
  author={Kairouz, Peter and Oh, Sewoong and Viswanath, Pramod},
  booktitle={International conference on machine learning},
  pages={1376--1385},
  year={2015},
  organization={PMLR}
}

@inproceedings{lee2018concentrated,
  title={Concentrated differentially private gradient descent with adaptive per-iteration privacy budget},
  author={Lee, Jaewoo and Kifer, Daniel},
  booktitle={Proceedings of the 24th ACM SIGKDD International Conference on Knowledge Discovery \& Data Mining},
  pages={1656--1665},
  year={2018}
}

@misc{lecuyer2019privacy,
  title={Privacy Accounting and Quality Control in the Sage Differentially Private ML Platform (SOSPâ€™19). Association for Computing Machinery, New York, NY, USA, 181{\^a}{\u{A}}{\c{S}}195},
  author={L{\'e}cuyer, Mathias and Spahn, Riley and Vodrahalli, Kiran and Geambasu, Roxana and Hsu, Daniel},
  year={2019}
}

@inproceedings{yu2019differentially,
  title={Differentially private model publishing for deep learning},
  author={Yu, Lei and Liu, Ling and Pu, Calton and Gursoy, Mehmet Emre and Truex, Stacey},
  booktitle={2019 IEEE symposium on security and privacy (SP)},
  pages={332--349},
  year={2019},
  organization={IEEE}
}
@article{beimel2014bounds,
  title={Bounds on the sample complexity for private learning and private data release},
  author={Beimel, Amos and Brenner, Hai and Kasiviswanathan, Shiva Prasad and Nissim, Kobbi},
  journal={Machine learning},
  volume={94},
  pages={401--437},
  year={2014},
  publisher={Springer}
}

@inproceedings{wang2018not,
  title={Not just privacy: Improving performance of private deep learning in mobile cloud},
  author={Wang, Ji and Zhang, Jianguo and Bao, Weidong and Zhu, Xiaomin and Cao, Bokai and Yu, Philip S},
  booktitle={Proceedings of the 24th ACM SIGKDD international conference on knowledge discovery \& data mining},
  pages={2407--2416},
  year={2018}
}

@article{chaudhuri2011differentially,
  title={Differentially private empirical risk minimization.},
  author={Chaudhuri, Kamalika and Monteleoni, Claire and Sarwate, Anand D},
  journal={Journal of Machine Learning Research},
  volume={12},
  number={3},
  year={2011}
}

@article{papernot2018scalable,
  title={Scalable private learning with pate},
  author={Papernot, Nicolas and Song, Shuang and Mironov, Ilya and Raghunathan, Ananth and Talwar, Kunal and Erlingsson, {\'U}lfar},
  journal={arXiv preprint arXiv:1802.08908},
  year={2018}
}

@inproceedings{song2013stochastic,
  title={Stochastic gradient descent with differentially private updates},
  author={Song, Shuang and Chaudhuri, Kamalika and Sarwate, Anand D},
  booktitle={2013 IEEE global conference on signal and information processing},
  pages={245--248},
  year={2013},
  organization={IEEE}
}

@inproceedings{shokri2015privacy,
  title={Privacy-preserving deep learning},
  author={Shokri, Reza and Shmatikov, Vitaly},
  booktitle={Proceedings of the 22nd ACM SIGSAC conference on computer and communications security},
  pages={1310--1321},
  year={2015}
}

@inproceedings{bassily2014private,
  title={Private empirical risk minimization: Efficient algorithms and tight error bounds},
  author={Bassily, Raef and Smith, Adam and Thakurta, Abhradeep},
  booktitle={2014 IEEE 55th annual symposium on foundations of computer science},
  pages={464--473},
  year={2014},
  organization={IEEE}
}

@article{wang2017differentially,
  title={Differentially private empirical risk minimization revisited: Faster and more general},
  author={Wang, Di and Ye, Minwei and Xu, Jinhui},
  journal={Advances in Neural Information Processing Systems},
  volume={30},
  year={2017}
}

@article{zhang2012functional,
  title={Functional mechanism: Regression analysis under differential privacy},
  author={Zhang, Jun and Zhang, Zhenjie and Xiao, Xiaokui and Yang, Yin and Winslett, Marianne},
  journal={arXiv preprint arXiv:1208.0219},
  year={2012}
}

@inproceedings{phan2016differential,
  title={Differential privacy preservation for deep auto-encoders: an application of human behavior prediction},
  author={Phan, NhatHai and Wang, Yue and Wu, Xintao and Dou, Dejing},
  booktitle={Proceedings of the AAAI Conference on Artificial Intelligence},
  volume={30},
  number={1},
  year={2016}
}

@article{zhang2017efficient,
  title={Efficient private ERM for smooth objectives},
  author={Zhang, Jiaqi and Zheng, Kai and Mou, Wenlong and Wang, Liwei},
  journal={arXiv preprint arXiv:1703.09947},
  year={2017}
}

@ARTICLE{LoPub,
  author={Ren, Xuebin and Yu, Chia-Mu and Yu, Weiren and Yang, Shusen and Yang, Xinyu and McCann, Julie A. and Yu, Philip S.},
  journal={IEEE Transactions on Information Forensics and Security}, 
  title={ $\textsf{LoPub}$ : High-Dimensional Crowdsourced Data Publication With Local Differential Privacy}, 
  year={2018},
  volume={13},
  number={9},
  pages={2151-2166},
  keywords={Privacy;Data privacy;Servers;Correlation;Estimation;Frequency estimation;Sensors;Local differential privacy;high-dimensional data;crowdsourced data;data publication;private data release},
  doi={10.1109/TIFS.2018.2812146}}

@article{lecun1998gradient,
  title={Gradient-based learning applied to document recognition},
  author={LeCun, Yann and Bottou, L{\'e}on and Bengio, Yoshua and Haffner, Patrick},
  journal={Proceedings of the IEEE},
  volume={86},
  number={11},
  pages={2278--2324},
  year={1998},
  publisher={Ieee}
}

@article{krizhevsky2009learning,
  title={Learning multiple layers of features from tiny images},
  author={Krizhevsky, Alex and Hinton, Geoffrey and others},
  year={2009},
  publisher={Toronto, ON, Canada}
}

@inproceedings{netzer2011reading,
  title={Reading digits in natural images with unsupervised feature learning},
  author={Netzer, Yuval and Wang, Tao and Coates, Adam and Bissacco, Alessandro and Wu, Baolin and Ng, Andrew Y and others},
  booktitle={NIPS workshop on deep learning and unsupervised feature learning},
  volume={2011},
  number={2},
  pages={4},
  year={2011},
  organization={Granada}
}

@inproceedings{habibi2020didarknet,
  title={Didarknet: A contemporary approach to detect and characterize the darknet traffic using deep image learning},
  author={Habibi Lashkari, Arash and Kaur, Gurdip and Rahali, Abir},
  booktitle={Proceedings of the 2020 10th International Conference on Communication and Network Security},
  pages={1--13},
  year={2020}
}

@inproceedings{maas2011learning,
  title={Learning word vectors for sentiment analysis},
  author={Maas, Andrew and Daly, Raymond E and Pham, Peter T and Huang, Dan and Ng, Andrew Y and Potts, Christopher},
  booktitle={Proceedings of the 49th annual meeting of the association for computational linguistics: Human language technologies},
  pages={142--150},
  year={2011}
}