% Use this file for citations not found in the ACL Anthology (contained in "anthology.bib").

@inproceedings{b1,
  title={Multimodal transformer for unaligned multimodal language sequences},
  author={Tsai, Yao-Hung Hubert and Bai, Shaojie and Liang, Paul Pu and Kolter, J Zico and Morency, Louis-Philippe and Salakhutdinov, Ruslan},
  booktitle={Proceedings of the conference. Association for computational linguistics. Meeting},
  volume={2019},
  pages={6558},
  year={2019},
  organization={NIH Public Access}
}

@inproceedings{b2,
  title={Sentiment and emotion help sarcasm? A multi-task learning framework for multi-modal sarcasm, sentiment and emotion analysis},
  author={Chauhan, Dushyant Singh and Dhanush, SR and Ekbal, Asif and Bhattacharyya, Pushpak},
  booktitle={Proceedings of the 58th annual meeting of the association for computational linguistics},
  pages={4351--4360},
  year={2020}
}

@inproceedings{b3,
  title={Multi-modal multi-label emotion recognition with heterogeneous hierarchical message passing},
  author={Zhang, Dong and Ju, Xincheng and Zhang, Wei and Li, Junhui and Li, Shoushan and Zhu, Qiaoming and Zhou, Guodong},
  booktitle={Proceedings of the AAAI Conference on Artificial Intelligence},
  volume={35},
  number={16},
  pages={14338--14346},
  year={2021}
}

@article{b4,
  title={Emotion recognition from multiple modalities: Fundamentals and methodologies},
  author={Zhao, Sicheng and Jia, Guoli and Yang, Jufeng and Ding, Guiguang and Keutzer, Kurt},
  journal={IEEE Signal Processing Magazine},
  volume={38},
  number={6},
  pages={59--73},
  year={2021},
  publisher={IEEE}
}

@inproceedings{b5,
  title={CARAT: Contrastive Feature Reconstruction and Aggregation for Multi-Modal Multi-Label Emotion Recognition},
  author={Peng, Cheng and Chen, Ke and Shou, Lidan and Chen, Gang},
  booktitle={Proceedings of the AAAI Conference on Artificial Intelligence},
  volume={38},
  number={13},
  pages={14581--14589},
  year={2024}
}

@inproceedings{b6,
  title={Learning robust multi-modal representation for multi-label emotion recognition via adversarial masking and perturbation},
  author={Ge, Shiping and Jiang, Zhiwei and Cheng, Zifeng and Wang, Cong and Yin, Yafeng and Gu, Qing},
  booktitle={Proceedings of the ACM Web Conference 2023},
  pages={1510--1518},
  year={2023}
}

@inproceedings{b7,
  title={Tailor versatile multi-modal learning for multi-label emotion recognition},
  author={Zhang, Yi and Chen, Mingyuan and Shen, Jundong and Wang, Chongjun},
  booktitle={Proceedings of the AAAI Conference on Artificial Intelligence},
  volume={36},
  number={8},
  pages={9100--9108},
  year={2022}
}

@article{b8,
  title={Self-supervised multimodal versatile networks},
  author={Alayrac, Jean-Baptiste and Recasens, Adria and Schneider, Rosalia and Arandjelovi{\'c}, Relja and Ramapuram, Jason and De Fauw, Jeffrey and Smaira, Lucas and Dieleman, Sander and Zisserman, Andrew},
  journal={Advances in neural information processing systems},
  volume={33},
  pages={25--37},
  year={2020}
}

@inproceedings{b9,
  title={Multi-modal multi-label emotion detection with modality and label dependence},
  author={Zhang, Dong and Ju, Xincheng and Li, Junhui and Li, Shoushan and Zhu, Qiaoming and Zhou, Guodong},
  booktitle={Proceedings of the 2020 conference on empirical methods in natural language processing (EMNLP)},
  pages={3584--3593},
  year={2020}
}

@inproceedings{b10,
  title={MEISD: A multimodal multi-label emotion, intensity and sentiment dialogue dataset for emotion recognition and sentiment analysis in conversations},
  author={Firdaus, Mauajama and Chauhan, Hardik and Ekbal, Asif and Bhattacharyya, Pushpak},
  booktitle={Proceedings of the 28th international conference on computational linguistics},
  pages={4441--4453},
  year={2020}
}

@inproceedings{b11,
  title={Multimodal transformer for unaligned multimodal language sequences},
  author={Tsai, Yao-Hung Hubert and Bai, Shaojie and Liang, Paul Pu and Kolter, J Zico and Morency, Louis-Philippe and Salakhutdinov, Ruslan},
  booktitle={Proceedings of the conference. Association for computational linguistics. Meeting},
  volume={2019},
  pages={6558},
  year={2019},
  organization={NIH Public Access}
}

@inproceedings{b12,
  title={Transformer-based label set generation for multi-modal multi-label emotion detection},
  author={Ju, Xincheng and Zhang, Dong and Li, Junhui and Zhou, Guodong},
  booktitle={Proceedings of the 28th ACM international conference on multimedia},
  pages={512--520},
  year={2020}
}

@inproceedings{b13,
  title={MEISD: A multimodal multi-label emotion, intensity and sentiment dialogue dataset for emotion recognition and sentiment analysis in conversations},
  author={Firdaus, Mauajama and Chauhan, Hardik and Ekbal, Asif and Bhattacharyya, Pushpak},
  booktitle={Proceedings of the 28th international conference on computational linguistics},
  pages={4441--4453},
  year={2020}
}

@article{b14,
  title={Vatt: Transformers for multimodal self-supervised learning from raw video, audio and text},
  author={Akbari, Hassan and Yuan, Liangzhe and Qian, Rui and Chuang, Wei-Hong and Chang, Shih-Fu and Cui, Yin and Gong, Boqing},
  journal={Advances in Neural Information Processing Systems},
  volume={34},
  pages={24206--24221},
  year={2021}
}

@inproceedings{b15,
  title={Topic and style-aware transformer for multimodal emotion recognition},
  author={Qiu, Shuwen and Sekhar, Nitesh and Singhal, Prateek},
  booktitle={Findings of the Association for Computational Linguistics: ACL 2023},
  pages={2074--2082},
  year={2023}
}

@article{b16,
  title={M3ED: Multi-modal multi-scene multi-label emotional dialogue database},
  author={Zhao, Jinming and Zhang, Tenggan and Hu, Jingwen and Liu, Yuchen and Jin, Qin and Wang, Xinchao and Li, Haizhou},
  journal={arXiv preprint arXiv:2205.10237},
  year={2022}
}

@article{b17,
  title={Disentangled representation learning},
  author={Wang, Xin and Chen, Hong and Wu, Zihao and Zhu, Wenwu and others},
  journal={IEEE Transactions on Pattern Analysis and Machine Intelligence},
  year={2024},
  publisher={IEEE}
}

@article{b18,
  title={Macaw-llm: Multi-modal language modeling with image, audio, video, and text integration},
  author={Lyu, Chenyang and Wu, Minghao and Wang, Longyue and Huang, Xinting and Liu, Bingshuai and Du, Zefeng and Shi, Shuming and Tu, Zhaopeng},
  journal={arXiv preprint arXiv:2306.09093},
  year={2023}
}

@inproceedings{b19,
  title={Multimodal language analysis in the wild: Cmu-mosei dataset and interpretable dynamic fusion graph},
  author={Zadeh, AmirAli Bagher and Liang, Paul Pu and Poria, Soujanya and Cambria, Erik and Morency, Louis-Philippe},
  booktitle={Proceedings of the 56th Annual Meeting of the Association for Computational Linguistics (Volume 1: Long Papers)},
  pages={2236--2246},
  year={2018}
}

@inproceedings{b20,
  title={Ch-sims: A chinese multimodal sentiment analysis dataset with fine-grained annotation of modality},
  author={Yu, Wenmeng and Xu, Hua and Meng, Fanyang and Zhu, Yilin and Ma, Yixiao and Wu, Jiele and Zou, Jiyun and Yang, Kaicheng},
  booktitle={Proceedings of the 58th annual meeting of the association for computational linguistics},
  pages={3718--3727},
  year={2020}
}

@inproceedings{b21,
  title={M3tr: Multi-modal multi-label recognition with transformer},
  author={Zhao, Jiawei and Zhao, Yifan and Li, Jia},
  booktitle={Proceedings of the 29th ACM international conference on multimedia},
  pages={469--477},
  year={2021}
}

@article{b22,
  title={Multi-label multimodal emotion recognition with transformer-based fusion and emotion-level representation learning},
  author={Le, Hoai-Duy and Lee, Guee-Sang and Kim, Soo-Hyung and Kim, Seungwon and Yang, Hyung-Jeong},
  journal={IEEE Access},
  volume={11},
  pages={14742--14751},
  year={2023},
  publisher={IEEE}
}

@inproceedings{b23,
  title={Misa: Modality-invariant and-specific representations for multimodal sentiment analysis},
  author={Hazarika, Devamanyu and Zimmermann, Roger and Poria, Soujanya},
  booktitle={Proceedings of the 28th ACM international conference on multimedia},
  pages={1122--1131},
  year={2020}
}

@article{b24,
  title={Adversarial weight perturbation helps robust generalization},
  author={Wu, Dongxian and Xia, Shu-Tao and Wang, Yisen},
  journal={Advances in neural information processing systems},
  volume={33},
  pages={2958--2969},
  year={2020}
}

@article{b25,
  title={COLD fusion: Calibrated and ordinal latent distribution fusion for uncertainty-aware multimodal emotion recognition},
  author={Tellamekala, Mani Kumar and Amiriparian, Shahin and Schuller, Bj{\"o}rn W and Andr{\'e}, Elisabeth and Giesbrecht, Timo and Valstar, Michel},
  journal={IEEE Transactions on Pattern Analysis and Machine Intelligence},
  year={2023},
  publisher={IEEE}
}

@article{b26,
  title={Semantic-Guided Multimodal Sentiment Decoding with Adversarial Temporal-Invariant Learning},
  author={Xu, Guoyang and Xue, Junqi and Liu, Yuxin and Wang, Zirui and Zhang, Min and Song, Zhenxi and Zhang, Zhiguo},
  journal={arXiv preprint arXiv:2409.00143},
  year={2024}
}

@inproceedings{b27,
  title={Uncertainty-aware audiovisual activity recognition using deep bayesian variational inference},
  author={Subedar, Mahesh and Krishnan, Ranganath and Meyer, Paulo Lopez and Tickoo, Omesh and Huang, Jonathan},
  booktitle={Proceedings of the IEEE/CVF international conference on computer vision},
  pages={6301--6310},
  year={2019}
}

@inproceedings{b28,
  title={On calibration of modern neural networks},
  author={Guo, Chuan and Pleiss, Geoff and Sun, Yu and Weinberger, Kilian Q},
  booktitle={International conference on machine learning},
  pages={1321--1330},
  year={2017},
  organization={PMLR}
}

@inproceedings{b29,
  title={Confidence-aware learning for deep neural networks},
  author={Moon, Jooyoung and Kim, Jihyo and Shin, Younghak and Hwang, Sangheum},
  booktitle={international conference on machine learning},
  pages={7034--7044},
  year={2020},
  organization={PMLR}
}

@inproceedings{b30,
  title={Obtaining calibrated probability estimates from decision trees and naive bayesian classifiers},
  author={Zadrozny, Bianca and Elkan, Charles},
  booktitle={Icml},
  volume={1},
  pages={609--616},
  year={2001}
}

@article{b31,
  title={Improving model calibration with accuracy versus uncertainty optimization},
  author={Krishnan, Ranganath and Tickoo, Omesh},
  journal={Advances in Neural Information Processing Systems},
  volume={33},
  pages={18237--18248},
  year={2020}
}

@article{b32,
  title={Joint face detection and alignment using multitask cascaded convolutional networks},
  author={Zhang, Kaipeng and Zhang, Zhanpeng and Li, Zhifeng and Qiao, Yu},
  journal={IEEE signal processing letters},
  volume={23},
  number={10},
  pages={1499--1503},
  year={2016},
  publisher={IEEE}
}

@inproceedings{b33,
  title={COVAREP—A collaborative voice analysis repository for speech technologies},
  author={Degottex, Gilles and Kane, John and Drugman, Thomas and Raitio, Tuomo and Scherer, Stefan},
  booktitle={2014 ieee international conference on acoustics, speech and signal processing (icassp)},
  pages={960--964},
  year={2014},
  organization={IEEE}
}

@article{b34,
  title={IEMOCAP: Interactive emotional dyadic motion capture database},
  author={Busso, Carlos and Bulut, Murtaza and Lee, Chi-Chun and Kazemzadeh, Abe and Mower, Emily and Kim, Samuel and Chang, Jeannette N and Lee, Sungbok and Narayanan, Shrikanth S},
  journal={Language resources and evaluation},
  volume={42},
  pages={335--359},
  year={2008},
  publisher={Springer}
}

@article{b35,
  title={Meld: A multimodal multi-party dataset for emotion recognition in conversations},
  author={Poria, Soujanya and Hazarika, Devamanyu and Majumder, Navonil and Naik, Gautam and Cambria, Erik and Mihalcea, Rada},
  journal={arXiv preprint arXiv:1810.02508},
  year={2018}
}

@misc{anygpt,
      title={AnyGPT: Unified Multimodal LLM with Discrete Sequence Modeling}, 
      author={Jun Zhan and Junqi Dai and Jiasheng Ye and Yunhua Zhou and Dong Zhang and Zhigeng Liu and Xin Zhang and Ruibin Yuan and Ge Zhang and Linyang Li and Hang Yan and Jie Fu and Tao Gui and Tianxiang Sun and Yugang Jiang and Xipeng Qiu},
      year={2024},
      eprint={2402.12226},
      archivePrefix={arXiv},
      primaryClass={cs.CL},
      url={https://arxiv.org/abs/2402.12226}, 
}

@inproceedings{b42,
  title={Multi-attention recurrent network for human communication comprehension},
  author={Zadeh, Amir and Liang, Paul Pu and Poria, Soujanya and Vij, Prateek and Cambria, Erik and Morency, Louis-Philippe},
  booktitle={Proceedings of the AAAI Conference on Artificial Intelligence},
  volume={32},
  number={1},
  year={2018}
}

@inproceedings{b43,
  title={Words can shift: Dynamically adjusting word representations using nonverbal behaviors},
  author={Wang, Yansen and Shen, Ying and Liu, Zhun and Liang, Paul Pu and Zadeh, Amir and Morency, Louis-Philippe},
  booktitle={Proceedings of the AAAI conference on artificial intelligence},
  volume={33},
  number={01},
  pages={7216--7223},
  year={2019}
}

@article{b44,
  title={Learning factorized multimodal representations},
  author={Tsai, Yao-Hung Hubert and Liang, Paul Pu and Zadeh, Amir and Morency, Louis-Philippe and Salakhutdinov, Ruslan},
  journal={arXiv preprint arXiv:1806.06176},
  year={2018}
}

@inproceedings{b45,
  title={Blip-2: Bootstrapping language-image pre-training with frozen image encoders and large language models},
  author={Li, Junnan and Li, Dongxu and Savarese, Silvio and Hoi, Steven},
  booktitle={International conference on machine learning},
  pages={19730--19742},
  year={2023},
  organization={PMLR}
}

@article{b47,
  title={Auto-encoding variational bayes},
  author={Kingma, Diederik P},
  journal={arXiv preprint arXiv:1312.6114},
  year={2013}
}

@inproceedings{b48,
  title={Momentum contrast for unsupervised visual representation learning},
  author={He, Kaiming and Fan, Haoqi and Wu, Yuxin and Xie, Saining and Girshick, Ross},
  booktitle={Proceedings of the IEEE/CVF conference on computer vision and pattern recognition},
  pages={9729--9738},
  year={2020}
}

@article{b49,
  title={Supervised contrastive learning},
  author={Khosla, Prannay and Teterwak, Piotr and Wang, Chen and Sarna, Aaron and Tian, Yonglong and Isola, Phillip and Maschinot, Aaron and Liu, Ce and Krishnan, Dilip},
  journal={Advances in neural information processing systems},
  volume={33},
  pages={18661--18673},
  year={2020}
}

@article{b50,
  title={Unsupervised learning of visual features by contrasting cluster assignments},
  author={Caron, Mathilde and Misra, Ishan and Mairal, Julien and Goyal, Priya and Bojanowski, Piotr and Joulin, Armand},
  journal={Advances in neural information processing systems},
  volume={33},
  pages={9912--9924},
  year={2020}
}

@article{b51,
  title={Tensor fusion network for multimodal sentiment analysis},
  author={Zadeh, Amir and Chen, Minghai and Poria, Soujanya and Cambria, Erik and Morency, Louis-Philippe},
  journal={arXiv preprint arXiv:1707.07250},
  year={2017}
}

@inproceedings{b52,
  title={Stochastic gradient descent for non-smooth optimization: Convergence results and optimal averaging schemes},
  author={Shamir, Ohad and Zhang, Tong},
  booktitle={International conference on machine learning},
  pages={71--79},
  year={2013},
  organization={PMLR}
}

@article{b53,
  title={An empirical study of example forgetting during deep neural network learning},
  author={Toneva, Mariya and Sordoni, Alessandro and Combes, Remi Tachet des and Trischler, Adam and Bengio, Yoshua and Gordon, Geoffrey J},
  journal={arXiv preprint arXiv:1812.05159},
  year={2018}
}

@article{b54,
  title={Bias-reduced uncertainty estimation for deep neural classifiers},
  author={Geifman, Yonatan and Uziel, Guy and El-Yaniv, Ran},
  journal={arXiv preprint arXiv:1805.08206},
  year={2018}
}

@inproceedings{b55,
  title={An analysis of the softmax cross entropy loss for learning-to-rank with binary relevance},
  author={Bruch, Sebastian and Wang, Xuanhui and Bendersky, Michael and Najork, Marc},
  booktitle={Proceedings of the 2019 ACM SIGIR international conference on theory of information retrieval},
  pages={75--78},
  year={2019}
}

@article{b56,
  title={Adam: A method for stochastic optimization},
  author={Kingma, Diederik P},
  journal={arXiv preprint arXiv:1412.6980},
  year={2014}
}

@article{b57,
  title={Gpt-4 technical report},
  author={Achiam, Josh and Adler, Steven and Agarwal, Sandhini and Ahmad, Lama and Akkaya, Ilge and Aleman, Florencia Leoni and Almeida, Diogo and Altenschmidt, Janko and Altman, Sam and Anadkat, Shyamal and others},
  journal={arXiv preprint arXiv:2303.08774},
  year={2023}
}

@article{b58,
  title={Qwen2-VL: Enhancing Vision-Language Model's Perception of the World at Any Resolution},
  author={Wang, Peng and Bai, Shuai and Tan, Sinan and Wang, Shijie and Fan, Zhihao and Bai, Jinze and Chen, Keqin and Liu, Xuejing and Wang, Jialin and Ge, Wenbin and Fan, Yang and Dang, Kai and Du, Mengfei and Ren, Xuancheng and Men, Rui and Liu, Dayiheng and Zhou, Chang and Zhou, Jingren and Lin, Junyang},
  journal={arXiv preprint arXiv:2409.12191},
  year={2024}
}

@article{b59,
  title={Gpt-4v with emotion: A zero-shot benchmark for generalized emotion recognition},
  author={Lian, Zheng and Sun, Licai and Sun, Haiyang and Chen, Kang and Wen, Zhuofan and Gu, Hao and Liu, Bin and Tao, Jianhua},
  journal={Information Fusion},
  volume={108},
  pages={102367},
  year={2024},
  publisher={Elsevier}
}

@inproceedings{b60,
  title={Connectionist temporal classification: labelling unsegmented sequence data with recurrent neural networks},
  author={Graves, Alex and Fern{\'a}ndez, Santiago and Gomez, Faustino and Schmidhuber, J{\"u}rgen},
  booktitle={Proceedings of the 23rd international conference on Machine learning},
  pages={369--376},
  year={2006}
}
@article{b61,
  author  = {Laurens van der Maaten and Geoffrey Hinton},
  title   = {Visualizing Data using t-SNE},
  journal = {Journal of Machine Learning Research},
  year    = {2008},
  volume  = {9},
  number  = {86},
  pages   = {2579--2605},
  url     = {http://jmlr.org/papers/v9/vandermaaten08a.html}
}
@inproceedings{b62,
  title={Embracing Unimodal Aleatoric Uncertainty for Robust Multimodal Fusion},
  author={Gao, Zixian and Jiang, Xun and Xu, Xing and Shen, Fumin and Li, Yujie and Shen, Heng Tao},
  booktitle={Proceedings of the IEEE/CVF Conference on Computer Vision and Pattern Recognition},
  pages={26876--26885},
  year={2024}
}

@inproceedings{clip,
  title={Learning transferable visual models from natural language supervision},
  author={Radford, Alec and Kim, Jong Wook and Hallacy, Chris and Ramesh, Aditya and Goh, Gabriel and Agarwal, Sandhini and Sastry, Girish and Askell, Amanda and Mishkin, Pamela and Clark, Jack and others},
  booktitle={International conference on machine learning},
  pages={8748--8763},
  year={2021},
  organization={PMLR}
}

@inproceedings{onlinechat,
  title={Modelling emotional trajectories of individuals in an online chat},
  author={Galik, Maros and Rank, Stefan},
  booktitle={Multiagent System Technologies: 10th German Conference, MATES 2012, Trier, Germany, October 10-12, 2012. Proceedings 10},
  pages={96--105},
  year={2012},
  organization={Springer}
}

@article{dialoguegcn,
  title={Dialoguegcn: A graph convolutional neural network for emotion recognition in conversation},
  author={Ghosal, Deepanway and Majumder, Navonil and Poria, Soujanya and Chhaya, Niyati and Gelbukh, Alexander},
  journal={arXiv preprint arXiv:1908.11540},
  year={2019}
}

@article{uncertainty,
  title={What uncertainties do we need in bayesian deep learning for computer vision?},
  author={Kendall, Alex and Gal, Yarin},
  journal={Advances in neural information processing systems},
  volume={30},
  year={2017}
}

@inproceedings{chen2020simple,
  title={A simple framework for contrastive learning of visual representations},
  author={Chen, Ting and Kornblith, Simon and Norouzi, Mohammad and Hinton, Geoffrey},
  booktitle={International conference on machine learning},
  pages={1597--1607},
  year={2020},
  organization={PMLR}
}

@article{br,
  title={Learning multi-label scene classification},
  author={Boutell, Matthew R and Luo, Jiebo and Shen, Xipeng and Brown, Christopher M},
  journal={Pattern recognition},
  volume={37},
  number={9},
  pages={1757--1771},
  year={2004},
  publisher={Elsevier}
}
@article{lp,
  title={Multi-label classification: An overview},
  author={Tsoumakas, Grigorios and Katakis, Ioannis},
  journal={Data Warehousing and Mining: Concepts, Methodologies, Tools, and Applications},
  pages={64--74},
  year={2008},
  publisher={IGI Global}
}
@article{cc,
  title={Classifier chains for multi-label classification},
  author={Read, Jesse and Pfahringer, Bernhard and Holmes, Geoff and Frank, Eibe},
  journal={Machine learning},
  volume={85},
  pages={333--359},
  year={2011},
  publisher={Springer}
}
@article{sgm,
  title={SGM: sequence generation model for multi-label classification},
  author={Yang, Pengcheng and Sun, Xu and Li, Wei and Ma, Shuming and Wu, Wei and Wang, Houfeng},
  journal={arXiv preprint arXiv:1806.04822},
  year={2018}
}
@inproceedings{lsan,
  title={Label-specific document representation for multi-label text classification},
  author={Xiao, Lin and Huang, Xin and Chen, Boli and Jing, Liping},
  booktitle={Proceedings of the 2019 conference on empirical methods in natural language processing and the 9th international joint conference on natural language processing (EMNLP-IJCNLP)},
  pages={466--475},
  year={2019}
}
@inproceedings{mlgcn,
  title={Multi-View Multi-Label Learning with View-Specific Information Extraction.},
  author={Wu, Xuan and Chen, Qing-Guo and Hu, Yao and Wang, Dengbao and Chang, Xiaodong and Wang, Xiaobo and Zhang, Min-Ling},
  booktitle={IJCAI},
  pages={3884--3890},
  year={2019}
}

@article{do2008multivariate,
  title={The multivariate Gaussian distribution},
  author={Do, Chuong B},
  journal={Section Notes, Lecture on Machine Learning, CS},
  volume={229},
  year={2008},
  publisher={Stanford University Stanford, CA, USA}
}