@inproceedings{b23,
  title={Misa: Modality-invariant and-specific representations for multimodal sentiment analysis},
  author={Hazarika, Devamanyu and Zimmermann, Roger and Poria, Soujanya},
  booktitle={Proceedings of the 28th ACM international conference on multimedia},
  pages={1122--1131},
  year={2020}
}

@article{b24,
  title={Adversarial weight perturbation helps robust generalization},
  author={Wu, Dongxian and Xia, Shu-Tao and Wang, Yisen},
  journal={Advances in neural information processing systems},
  volume={33},
  pages={2958--2969},
  year={2020}
}

@article{b25,
  title={COLD fusion: Calibrated and ordinal latent distribution fusion for uncertainty-aware multimodal emotion recognition},
  author={Tellamekala, Mani Kumar and Amiriparian, Shahin and Schuller, Bj{\"o}rn W and Andr{\'e}, Elisabeth and Giesbrecht, Timo and Valstar, Michel},
  journal={IEEE Transactions on Pattern Analysis and Machine Intelligence},
  year={2023},
  publisher={IEEE}
}

@article{b26,
  title={Semantic-Guided Multimodal Sentiment Decoding with Adversarial Temporal-Invariant Learning},
  author={Xu, Guoyang and Xue, Junqi and Liu, Yuxin and Wang, Zirui and Zhang, Min and Song, Zhenxi and Zhang, Zhiguo},
  journal={arXiv preprint arXiv:2409.00143},
  year={2024}
}

@inproceedings{b27,
  title={Uncertainty-aware audiovisual activity recognition using deep bayesian variational inference},
  author={Subedar, Mahesh and Krishnan, Ranganath and Meyer, Paulo Lopez and Tickoo, Omesh and Huang, Jonathan},
  booktitle={Proceedings of the IEEE/CVF international conference on computer vision},
  pages={6301--6310},
  year={2019}
}

@inproceedings{b28,
  title={On calibration of modern neural networks},
  author={Guo, Chuan and Pleiss, Geoff and Sun, Yu and Weinberger, Kilian Q},
  booktitle={International conference on machine learning},
  pages={1321--1330},
  year={2017},
  organization={PMLR}
}

@inproceedings{b29,
  title={Confidence-aware learning for deep neural networks},
  author={Moon, Jooyoung and Kim, Jihyo and Shin, Younghak and Hwang, Sangheum},
  booktitle={international conference on machine learning},
  pages={7034--7044},
  year={2020},
  organization={PMLR}
}

@inproceedings{b3,
  title={Multi-modal multi-label emotion recognition with heterogeneous hierarchical message passing},
  author={Zhang, Dong and Ju, Xincheng and Zhang, Wei and Li, Junhui and Li, Shoushan and Zhu, Qiaoming and Zhou, Guodong},
  booktitle={Proceedings of the AAAI Conference on Artificial Intelligence},
  volume={35},
  number={16},
  pages={14338--14346},
  year={2021}
}

@inproceedings{b30,
  title={Obtaining calibrated probability estimates from decision trees and naive bayesian classifiers},
  author={Zadrozny, Bianca and Elkan, Charles},
  booktitle={Icml},
  volume={1},
  pages={609--616},
  year={2001}
}

@article{b31,
  title={Improving model calibration with accuracy versus uncertainty optimization},
  author={Krishnan, Ranganath and Tickoo, Omesh},
  journal={Advances in Neural Information Processing Systems},
  volume={33},
  pages={18237--18248},
  year={2020}
}

@inproceedings{b5,
  title={CARAT: Contrastive Feature Reconstruction and Aggregation for Multi-Modal Multi-Label Emotion Recognition},
  author={Peng, Cheng and Chen, Ke and Shou, Lidan and Chen, Gang},
  booktitle={Proceedings of the AAAI Conference on Artificial Intelligence},
  volume={38},
  number={13},
  pages={14581--14589},
  year={2024}
}

@inproceedings{b6,
  title={Learning robust multi-modal representation for multi-label emotion recognition via adversarial masking and perturbation},
  author={Ge, Shiping and Jiang, Zhiwei and Cheng, Zifeng and Wang, Cong and Yin, Yafeng and Gu, Qing},
  booktitle={Proceedings of the ACM Web Conference 2023},
  pages={1510--1518},
  year={2023}
}

@inproceedings{b7,
  title={Tailor versatile multi-modal learning for multi-label emotion recognition},
  author={Zhang, Yi and Chen, Mingyuan and Shen, Jundong and Wang, Chongjun},
  booktitle={Proceedings of the AAAI Conference on Artificial Intelligence},
  volume={36},
  number={8},
  pages={9100--9108},
  year={2022}
}

@inproceedings{b9,
  title={Multi-modal multi-label emotion detection with modality and label dependence},
  author={Zhang, Dong and Ju, Xincheng and Li, Junhui and Li, Shoushan and Zhu, Qiaoming and Zhou, Guodong},
  booktitle={Proceedings of the 2020 conference on empirical methods in natural language processing (EMNLP)},
  pages={3584--3593},
  year={2020}
}

