@article{Chpt_Mod_Ref_IoT1,
  title={A survey on {IoT} security:  {Application} areas, security threats, and solution architectures},
  author={Hassija, Vikas and Chamola, Vinay and Saxena, Vikas and Jain, Divyansh and Goyal, Pranav and Sikdar, Biplab},
  journal={IEEE Access},
  volume={7},
  pages={82721--82743},
  year={2019},
  publisher={IEEE}
}


@article{Int_0,
  title={Energy-efficient NOMA enabled heterogeneous cloud radio access networks},
  author={Zhou, Fuhui and Wu, Yongpeng and Hu, Rose Qingyang and Wang, Yuhao and Wong, Kat Kit},
  journal={IEEE Network},
  volume={32},
  number={2},
  pages={152--160},
  year={2018},
  publisher={IEEE}
}


@article{Eric_1,
  title={Ericsson mobility report},
  author={Obile, W},
  journal={Nov},
  year={2016}
}

@article{joung2014survey,
  title={A survey on power-amplifier-centric techniques for spectrum-and energy-efficient wireless communications},
  author={Joung, Jingon and Ho, Chin Keong and Adachi, Koichi and Sun, Sumei},
  journal={IEEE Communications Surveys \& Tutorials},
  volume={17},
  number={1},
  pages={315--333},
  year={2014},
  publisher={IEEE}
}

@article{neely2006energy,
  title={Energy optimal control for time-varying wireless networks},
  author={Neely, Michael J},
  journal={IEEE transactions on Information Theory},
  volume={52},
  number={7},
  pages={2915--2934},
  year={2006},
  publisher={IEEE}
}\textbf{}

@ARTICLE{9377648,
  author={Long, Ruizhe and Liang, Ying-Chang and Pei, Yiyang and Larsson, Erik G.},
  journal={IEEE Transactions on Wireless Communications}, 
  title={Active Reconfigurable Intelligent Surface-Aided Wireless Communications}, 
  year={2021},
  volume={20},
  number={8},
  pages={4962-4975},
  doi={10.1109/TWC.2021.3064024}}

@article{long2021active,
  title={Active reconfigurable intelligent surface-aided wireless communications},
  author={Long, Ruizhe and Liang, Ying-Chang and Pei, Yiyang and Larsson, Erik G},
  journal={IEEE Transactions on Wireless Communications},
  volume={20},
  number={8},
  pages={4962--4975},
  year={2021},
  publisher={IEEE}
}

@article{amato2018tunneling,
  title={Tunneling RFID tags for long-range and low-power microwave applications},
  author={Amato, Francesco and Peterson, Christopher W and Degnan, Brian P and Durgin, Gregory D},
  journal={IEEE Journal of Radio Frequency Identification},
  volume={2},
  number={2},
  pages={93--103},
  year={2018},
  publisher={IEEE}
}


@article{lee2016rf,
  title={RF power analysis on 5.8 GHz low-power amplifier using resonant tunneling diodes},
  author={Lee, Jongwon and Yang, Kyounghoon},
  journal={IEEE Microwave and Wireless Components Letters},
  volume={27},
  number={1},
  pages={61--63},
  year={2016},
  publisher={IEEE}
}

@article{Chpt_Mod_Ref_IoT4,
  title={A comprehensive survey on {Internet of Things} ({IoT}) toward {5G} wireless systems},
  author={Chettri, Lalit and Bera, Rabindranath},
  journal={IEEE Internet of Things Journal},
  volume={7},
  number={1},
  pages={16--32},
  year={2019},
  publisher={IEEE}
}

@inproceedings{Ref_IoT9,
  title={Computing optimal drone positions to wirelessly recharge {I}o{T} devices},
  author={Zorbas, Dimitrios and Douligeris, Christos},
  booktitle={IEEE Conference on Computer Communications Workshops (INFOCOM WKSHPS)},
  pages={628--633},
  year={2018},
  organization={}
}

@article{Ref_IoT10,
  title={Wireless power transfer and energy harvesting: {C}urrent status and future prospects},
  author={Huang, Jun and Zhou, Yide and Ning, Zhaolong and Gharavi, Hamid},
  journal={IEEE wireless communications},
  volume={26},
  number={4},
  pages={163--169},
  year={2019},
  publisher={IEEE}
}

@article{Ref_EH2,
  title={{Performance enhancement in the cell-free massive MIMO SWIPT system with active eavesdropping}},
  author={Wang, Xiaoyu and Gao, Yuanyuan and Zhang, Xianyu and Sha, Nan and Guo, Mingxi and Zang, Guozhen and Zhang, Guangna},
  journal={Physical Communication},
  volume={56},
  pages={101937},
  year={2023},
  publisher={Elsevier}
}

% \bibitem{Ref_EH1}
@article{Ref_EH1,
  title={Wireless power transferâ€”{A}n overview},
  author={Zhang, Zhen and Pang, Hongliang and Georgiadis, Apostolos and Cecati, Carlo},
  journal={IEEE Transactions on Industrial Electronics},
  volume={66},
  number={2},
  pages={1044--1058},
  year={2018},
  publisher={IEEE}
}

% \bibitem{Ref_RIS9}
@article{liang2019large,
  title={Large intelligent surface/antennas ({LISA}): Making reflective radios smart},
  author={Liang, Ying-Chang and Long, Ruizhe and Zhang, Qianqian and Chen, Jie and Cheng, Hei Victor and Guo, Huayan},
  journal={Journal of Communications and Information Networks},
  volume={4},
  number={2},
  pages={40--50},
  year={2019},
  publisher={PTP}
}

% \bibitem{Ref_RIS10}
@article{Ref_RIS10,
  title={Symbiotic radio: Cognitive backscattering communications for future wireless networks},
  author={Liang, Ying-Chang and Zhang, Qianqian and Larsson, Erik G and Li, Geoffrey Ye},
  journal={IEEE Transactions on Cognitive Communications and Networking},
  volume={6},
  number={4},
  pages={1242--1255},
  year={2020},
  publisher={IEEE}
}

% \bibitem{Ref_RIS2}
@article{Ref_RIS2,
  title={Active 3D Double-{RIS}-Aided Multi-User Communications: Two-Timescale-Based Separate Channel Estimation via Bayesian Learning},
  author={Yang, Songjie and Lyu, Wanting and Xiu, Yue and Zhang, Zhongpei and Yuen, Chau},
  journal={IEEE Transactions on Communications},
  year={2023},
  publisher={IEEE}
}

% \bibitem{Ref_RIS3}
@article{Ref_RIS3,
  title={Wireless communications through reconfigurable intelligent surfaces},
  author={Basar, Ertugrul and Di Renzo, Marco and De Rosny, Julien and Debbah, Merouane and Alouini, Mohamed-Slim and Zhang, Rui},
  journal={IEEE access},
  volume={7},
  pages={116753--116773},
  year={2019},
  publisher={IEEE}
}

% \bibitem{Ref_RIS4}
@inproceedings{Ref_RIS4,
  title={Beamforming optimization for intelligent reflecting surface with discrete phase shifts},
  author={Wu, Qingqing and Zhang, Rui},
  booktitle={ICASSP 2019-2019 IEEE International Conference on Acoustics, Speech and Signal Processing (ICASSP)},
  pages={7830--7833},
  year={2019},
}

% \bibitem{Ref_RIS5}
@article{Ref_RIS5,
  title={Environment-Aware Joint Active/Passive Beamforming for {RIS}-aided Communications Leveraging Channel Knowledge Map},
  author={Taghavi, Ehsan Moeen and Hashemi, Ramin and Rajatheva, Nandana and Latva-aho, Matti},
  journal={IEEE Communications Letters},
  year={2023},
  publisher={IEEE}
}

% \bibitem{Ref_RIS6}
@article{Ref_RIS6,
  title={Large intelligent surface-assisted wireless communication exploiting statistical {CSI}},
  author={Han, Yu and Tang, Wankai and Jin, Shi and Wen, Chao-Kai and Ma, Xiaoli},
  journal={IEEE Transactions on Vehicular Technology},
  volume={68},
  number={8},
  pages={8238--8242},
  year={2019},
  publisher={IEEE}
}

% \bibitem{Ref_RIS7}
@article{Ref_RIS7,
  title={Resource Management for Multiplexing {eMBB} and {URLLC} Services Over {RIS}-Aided {THz} Communication},
  author={Zarini, Hosein and Gholipoor, Narges and Mili, Mohammad Robat and Rasti, Mehdi and Tabassum, Hina and Hossain, Ekram},
  journal={IEEE Transactions on Communications},
  year={2023},
  publisher={IEEE}
}

% \bibitem{Ref_RIS8}
@article{Ref_RIS8,
  title={Active {RIS} assisted rate-splitting multiple access network: {S}pectral and energy efficiency tradeoff},
  author={Niu, Hehao and Lin, Zhi and An, Kang and Wang, Jiangzhou and Zheng, Gan and Al-Dhahir, Naofal and Wong, Kai-Kit},
  journal={IEEE Journal on Selected Areas in Communications},
  year={2023},
  publisher={IEEE}
}

% \bibitem{Ref_RIS_Shakil}
@inproceedings{Ref_RIS_Shakil,
  title={Adding Active Elements to Reconfigurable Intelligent Surfaces to Enhance Energy Harvesting for {IoT} Devices},
  author={Ahmed, Shakil and Kamal, Ahmed E and Selim, Mohamed Y},
  booktitle={IEEE Military Communications Conference (MILCOM)},
  pages={297--302},
  year={2021},
}


% \bibitem{Ref_RIS_Shakil1}
@inproceedings{Ref_RIS_Shakil1,
  title={Enhanced IoT Batteryless {D2D} Communications Using Reconfigurable Intelligent Surfaces},
  author={Ahmed, Shakil and Selim, Mohamed Y and Kamal, Ahmed E},
  booktitle={IEEE 47th Conference on Local Computer Networks (LCN)},
  pages={42--47},
  year={2022},
}



% \bibitem{Ref_RW_1.}
@article{Ref_RW_1.,
  title={Enabling large intelligent surfaces with compressive sensing and deep learning},
  author={Taha, Abdelrahman and Alrabeiah, Muhammad and Alkhateeb, Ahmed},
  journal={IEEE access},
  volume={9},
  pages={44304--44321},
  year={2021},
  publisher={IEEE}
}

% \bibitem{Ref_RW_1}
@article{Ref_RW_1,
  title={Symbiotic radio: A new communication paradigm for passive {I}nternet of {T}hings},
  author={Long, Ruizhe and Liang, Ying-Chang and Guo, Huayan and Yang, Gang and Zhang, Rui},
  journal={IEEE Internet of Things Journal},
  volume={7},
  number={2},
  pages={1350--1363},
  year={2019},
  publisher={IEEE}
}


% \bibitem{Ref_RW_2}
@article{Ref_RW_2,
  title={High-Gain Circularly Polarized Antenna Array for Full Incident Angle Coverage in {RF} Energy Harvesting},
  author={Derbal, Mohammed Cherif and Nedil, Mourad},
  journal={IEEE Access},
  volume={11},
  pages={28199--28207},
  year={2023},
  publisher={IEEE}
}

@article{Ref_RW_3,
  title={{RF} energy harvesting {I}o{T} system for museum ambience control with deep learning},
  author={Eltresy, Nermeen A and Dardeer, Osama M and Al-Habal, Awab and Elhariri, Esraa and Hassan, Ali H and Khattab, Ahmed and Elsheakh, Dalia N and Taie, Shereen A and Mostafa, Hassan and Elsadek, Hala A and others},
  journal={Sensors},
  volume={19},
  number={20},
  pages={4465},
  year={2019},
  publisher={MDPI}
}

% %\bibitem{Ref_RW_4}
@inproceedings{Ref_RW_4,
  title={A wearable rectenna to harvest low-power {RF} energy for wireless healthcare applications},
  author={Lin, Chih-Hsi and Chiu, Chien-Wen and Gong, Jian-Yuan},
  booktitle={2018 11th International Congress on Image and Signal Processing, BioMedical Engineering and Informatics (CISP-BMEI)},
  pages={1--5},
  year={2018},
  organization={IEEE}
}


% \bibitem{Ref_RW_5}
@inproceedings{Ref_RW_5,
  title={Opportunistic wireless crowd charging of {I}o{T} devices from smartphones},
  author={Dhungana, Aashish and Bulut, Eyuphan},
  booktitle={IEEE 16th International Conference on Distributed Computing in Sensor Systems (DCOSS)},
  pages={376--380},
  year={2020},
}


% \bibitem{Ref_RW_6}
@article{Ref_RW_6,
title = {Energy balancing in mobile opportunistic networks with wireless charging: Single and multi-hop approaches},
journal = {Ad Hoc Networks},
volume = {111},
pages = {1023-42},
year = {2021},
issn = {1570-8705},
author = {Aashish, Dhungana and Eyuphan, Bulut},
keywords = {Energy balancing, Wireless energy transfer, Mobile opportunistic network, Network lifetime},
abstract = {Leveraging peer-to-peer energy sharing solutions between nodes, energy balancing aims to balance energy among the nodes in a network towards prolonging the network lifetime especially when external energy supply is not available. Previous studies target an energy balance among the devices as fast as possible but they waste energy in the network during this process due to the excessive interactions between nodes. Moreover, they do not take into account different contact relations between the nodes in the network. In this paper, we address these issues and present efficient and loss-aware energy balancing protocols considering the contact graph heterogeneity between nodes and a time threshold for completing the energy balancing. We consider both the single hop and multi-hop based energy exchanges among nodes and design separate protocols for each. Through simulations, we show that the proposed algorithms outperform the state-of-the-art solution by reaching a better energy balance with a lower energy loss, and multi-hop based approach performs better than single hop based one. We also discuss the implications of energy balancing process on network lifetime through different use cases and provide the necessary modifications on the proposed system to maximize the network lifetime especially in disconnected networks.}
}

% \bibitem{Ref_RW_9}
@inproceedings{Ref_RW_9,
  title={Energy-Efficient Resource Allocation in Multiple {UAV}s-Assisted Energy Harvesting-Powered Two-Hop Cognitive Radio Network},
  author={Xiao, He and Wu, Chun and Jiang, Hong and Deng, Li-Ping and Luo, Ying and Zhang, Qiu-Yun},
  journal={IEEE Sensors Journal},
  volume={23},
  number={7},
  pages={7644--7655},
  year={2023},
  publisher={IEEE}
}


% \bibitem{Ref_RW_11}
@article{Ref_RW_11,
  title={A Hybrid Communication Scheme for Throughput Maximization in Backscatter-aided Energy Harvesting Cognitive Radio Networks},
  author={Zheng, Kechen and Wang, Jiahong and Liu, Xiaoying and Yao, Xin-Wei and Xu, Yang and Liu, Jia},
  journal={IEEE Internet of Things Journal},
  year={2023},
  publisher={IEEE}
}

% \bibitem{Ref_RW_12}
@article{Ref_RW_12,
  title={Information and energy cooperation in cognitive radio networks},
  author={Zheng, Gan and Ho, Zuleita and Jorswieck, Eduard A and Ottersten, Bj{\"o}rn},
  journal={IEEE Transactions on Signal Processing},
  volume={62},
  number={9},
  pages={2290--2303},
  year={2014},
  publisher={IEEE}
}

% \bibitem{Ref_RIS14}
@article{Ref_RIS14,
  title={Energy harvesting in wireless sensor networks: A taxonomic survey},
  author={Singh, Jaspreet and Kaur, Ranjit and Singh, Damanpreet},
  journal={International Journal of Energy Research},
  volume={45},
  number={1},
  pages={118--140},
  year={2021},
  publisher={Wiley Online Library}
}

% \bibitem{Ref_RW_13}
@article{Ref_RW_13,
  title={On the optimal number of reflecting elements for reconfigurable intelligent surfaces},
  author={Zappone, Alessio and Di Renzo, Marco and Xi, Xiaojun and Debbah, Merouane},
  journal={IEEE Wireless Communications Letters},
  volume={10},
  number={3},
  pages={464--468},
  year={2020},
  publisher={IEEE}
}


% \bibitem{Ref_RW_14}
@article{Ref_RW_14,
  title={Modeling and analysis of reconfigurable intelligent surfaces for indoor and outdoor applications in future wireless networks},
  author={Yildirim, Ibrahim and Uyrus, Ali and Basar, Ertugrul},
  journal={IEEE transactions on communications},
  volume={69},
  number={2},
  pages={1290--1301},
  year={2020},
  publisher={IEEE}
}

% \bibitem{Ref_RW_15}
@article{Ref_RW_15,
  title={A hybrid relay and intelligent reflecting surface network and its ergodic performance analysis},
  author={Abdullah, Zaid and Chen, Gaojie and Lambotharan, Sangarapillai and Chambers, Jonathon A},
  journal={IEEE Wireless Communications Letters},
  volume={9},
  number={10},
  pages={1653--1657},
  year={2020},
  publisher={IEEE}
}

% \bibitem{Ref_RW_1..}
@article{Ref_RW_1..,
  title={Performance Analysis of Active {RIS}-aided Systems in the Face of Imperfect {CSI} and Phase Shift Noise},
  author={Li, Qingchao and El-Hajjar, Mohammed and Hemadeh, Ibrahim and Jagyasi, Deepa and Shojaeifard, Arman and Hanzo, Lajos},
  journal={IEEE Transactions on Vehicular Technology},
  year={2023},
  publisher={IEEE}
}


% \bibitem{Ref_RW_17}
@article{Ref_RW_17,
  title={{RISMA}: Reconfigurable intelligent surfaces enabling beamforming for {IoT} massive access},
  author={Mursia, Placido and Sciancalepore, Vincenzo and Garcia-Saavedra, Andres and Cottatellucci, Laura and P{\'e}rez, Xavier Costa and Gesbert, David},
  journal={IEEE Journal on Selected Areas in Communications},
  volume={39},
  number={4},
  pages={1072--1085},
  year={2020},
  publisher={IEEE}
}


% \bibitem{Ref_RW_18}
@inproceedings{Ref_RW_18,
  title={Short-range ambient backscatter communication using reconfigurable intelligent surfaces},
  author={Nemati, Mahyar and Ding, Jie and Choi, Jinho},
  booktitle={IEEE Wireless Communications and Networking Conference (WCNC)},
  pages={1--6},
  year={2020},
}

% \bibitem{Ref_RW_19}
@article{Ref_RW_19,
  title={{UAV} trajectory and energy efficiency optimization in {RIS}-assisted multi-user air-to-ground communications networks},
  author={Yao, Yuanyuan and Lv, Ke and Huang, Sai and Li, Xuehua and Xiang, Wei},
  journal={Drones},
  volume={7},
  number={4},
  pages={272},
  year={2023},
  publisher={MDPI}
}

% \bibitem{Ref_RW_20}
@article{Ref_RW_20,
  title={Performance of {IRS}-Aided {FD} Two-Way Communication Network With Imperfect {SIC}},
  author={Kumar, Deepak and Singya, Praveen Kumar and Krejcar, Ondrej and Choi, Kwonhue and Bhatia, Vimal},
  journal={IEEE Transactions on Vehicular Technology},
  year={2023},
  publisher={IEEE}
}


@article{Ref_RW_7,
  title={Wireless information transfer with opportunistic energy harvesting},
  author={Liu, Liang and Zhang, Rui and Chua, Kee-Chaing},
  journal={IEEE Transactions on Wireless Communications},
  volume={12},
  number={1},
  pages={288--300},
  year={2012},
  publisher={IEEE}
}

% \bibitem{Ref_RW_8}
@article{Ref_RW_8,
  title={Optimal save-then-transmit protocol for energy harvesting wireless transmitters},
  author={Luo, Shixin and Zhang, Rui and Lim, Teng Joon},
  journal={IEEE Transactions on Wireless Communications},
  volume={12},
  number={3},
  pages={1196--1207},
  year={2013},
  publisher={IEEE}
}







% %\bibitem{Ref_RIS15}
@article{Ref_RIS15,
  title={Flow-based electromagnetic-type energy harvester using microplanar coil for {I}o{T} sensors application},
  author={Ahmad, Iftikhar and Ur Rehman, M Mohib and Khan, Masroor and Abbas, Ahmad and Ishfaq, Sarmad and Malik, Sohail},
  journal={International Journal of Energy Research},
  volume={43},
  number={10},
  pages={5384--5391},
  year={2019},
  publisher={Wiley Online Library}
}

% \bibitem{Ref_RIS16}
@article{Ref_RIS16,
  title={Miniaturized piezoelectric energy harvester for battery-free portable electronics},
  author={Wu, Xuan and Lee, Dong-Weon},
  journal={International Journal of Energy Research},
  volume={43},
  number={6},
  pages={2402--2409},
  year={2019},
  publisher={Wiley Online Library}
}




% %\bibitem{Ref_3GPP}
@article{Ref_3GPP,
  title={{LTE}-advanced},
  author={Wannstrom, Jeanette},
  journal={Third Generation Partnership Project (3GPP)},
  year={2013}
}

% \bibitem{Ref_Micro}
@article{Ref_Micro,
  title={Toward autonomous reconfigurable intelligent surfaces through wireless energy harvesting},
  author={Ntontin, Konstantinos and Boulogeorgos, Alexandros-Apostolos A and Bj{\"o}rnson, Emil and Selimis, Dimitrios and Martins, Wallace Alves and Kisseleff, Steven and Abadal, Sergi and Alarc{\'o}n, Eduard and Papazafeiropoulos, Anastasios and Lazarakis, Fotis and others},
  journal={arXiv preprint arXiv:2108.07953},
  year={2021}
}


% \bibitem{Ref_A.C.T}
@article{Ref_A.C.T,
  title={Exploration of intercell wireless millimeter-wave communication in the landscape of intelligent metasurfaces},
  author={Tasolamprou, Anna C and Pitilakis, Alexandros and Abadal, Sergi and Tsilipakos, Odysseas and Timoneda, Xavier and Taghvaee, Hamidreza and Mirmoosa, Mohammad Sajjad and Liu, Fu and Liaskos, Christos and Tsioliaridou, Ageliki and others},
  journal={IEEE access},
  volume={7},
  pages={122931--122948},
  year={2019},
  publisher={IEEE}
} 



% \bibitem{Ref_CL}
@inproceedings{Ref_CL,
  title={Realizing wireless communication through software-defined hypersurface environments},
  author={Liaskos, Christos and Nie, Shuai and Tsioliaridou, Ageliki and Pitsillides, Andreas and Ioannidis, Sotiris and Akyildiz, Ian},
  booktitle={IEEE 19th International Symposium on" A World of Wireless, Mobile and Multimedia Networks"(WoWMoM)},
  pages={14--15},
  year={2018},
}

% \bibitem{Ref_NEHModel}
@inproceedings{Ref_NEHModel,
  title={Non-orthogonal multiple access in a mm{W}ave based {I}o{T} wireless system with {SWIPT}},
  author={Sun, Haijian and Wang, Qun and Ahmed, Shakil and Hu, Rose Qingyang},
  booktitle={ IEEE 85th Vehicular Technology Conference (VTC Spring)},
  pages={1--5},
  year={2017},
}


% %\bibitem{Dinkelbach67}
% %W. Dinkelbach, ``On non-linear fractional programming,â€™â€™ \emph{Manage. Sci.}, vol. 13, no. 7, pp. 492â€“498, Mar. 1967

% \bibitem{Ref_Gams}
% @misc{Ref_Gams, title={}, url={https://www.gams.com/}, journal={GAMS}, author={GAMS}} 


 @article{number_bIoT,
  title={Sensing, computing, and communications for energy harvesting {IoT}s: A survey},
  author={Ma, Dong and Lan, Guohao and Hassan, Mahbub and Hu, Wen and Das, Sajal K},
  journal={IEEE Communications Surveys \& Tutorials},
  volume={22},
  number={2},
  pages={1222--1250},
  year={2019},
  publisher={IEEE}
}