@inproceedings{Achiam2023GPT4TR,
  title={GPT-4 Technical Report},
  author={OpenAI Josh Achiam and Steven Adler and Sandhini Agarwal and Lama Ahmad and Ilge Akkaya and Florencia Leoni Aleman and Diogo Almeida and Janko Altenschmidt and Sam Altman and Shyamal Anadkat and Red Avila and Igor Babuschkin and Suchir Balaji and Valerie Balcom and Paul Baltescu and Haim-ing Bao and Mo Bavarian and Jeff Belgum and Irwan Bello and Jake Berdine and Gabriel Bernadett-Shapiro and Christopher Berner and Lenny Bogdonoff and Oleg Boiko and Madelaine Boyd and Anna-Luisa Brakman and Greg Brockman and Tim Brooks and Miles Brundage and Kevin Button and Trevor Cai and Rosie Campbell and Andrew Cann and Brittany Carey and Chelsea Carlson and Rory Carmichael and Brooke Chan and Che Chang and Fotis Chantzis and Derek Chen and Sully Chen and Ruby Chen and Jason Chen and Mark Chen and Benjamin Chess and Chester Cho and Casey Chu and Hyung Won Chung and Dave Cummings and Jeremiah Currier and Yunxing Dai and Cory Decareaux and Thomas Degry and Noah Deutsch and Damien Deville and Arka Dhar and David Dohan and Steve Dowling and Sheila Dunning and Adrien Ecoffet and Atty Eleti and Tyna Eloundou and David Farhi and Liam Fedus and Niko Felix and Sim'on Posada Fishman and Juston Forte and Is-abella Fulford and Leo Gao and Elie Georges and Christian Gibson and Vik Goel and Tarun Gogineni and Gabriel Goh and Raphael Gontijo-Lopes and Jonathan Gordon and Morgan Grafstein and Scott Gray and Ryan Greene and Joshua Gross and Shixiang Shane Gu and Yufei Guo and Chris Hallacy and Jesse Han and Jeff Harris and Yuchen He and Mike Heaton and Johannes Heidecke and Chris Hesse and Alan Hickey and Wade Hickey and Peter Hoeschele and Brandon Houghton and Kenny Hsu and Shengli Hu and Xin Hu and Joost Huizinga and Shantanu Jain and Shawn Jain and Joanne Jang and Angela Jiang and Roger Jiang and Haozhun Jin and Denny Jin and Shino Jomoto and Billie Jonn and Heewoo Jun and Tomer Kaftan and Lukasz Kaiser and Ali Kamali and Ingmar Kanitscheider and Nitish Shirish Keskar and Tabarak Khan and Logan Kilpatrick and Jong Wook Kim and Christina Kim and Yongjik Kim and Hendrik Kirchner and Jamie Ryan Kiros and Matthew Knight and Daniel Kokotajlo and Lukasz Kondraciuk and Andrew Kondrich and Aris Konstantinidis and Kyle Kosic and Gretchen Krueger and Vishal Kuo and Michael Lampe and Ikai Lan and Teddy Lee and Jan Leike and Jade Leung and Daniel Levy and Chak Ming Li and Rachel Lim and Molly Lin and Stephanie Lin and Ma-teusz Litwin and Theresa Lopez and Ryan Lowe and Patricia Lue and Anna Makanju and Kim Malfacini and Sam Manning and Todor Markov and Yaniv Markovski and Bianca Martin and Katie Mayer and Andrew Mayne and Bob McGrew and Scott Mayer McKinney and Christine McLeavey and Paul McMillan and Jake McNeil and David Medina and Aalok Mehta and Jacob Menick and Luke Metz and Andrey Mishchenko and Pamela Mishkin and Vinnie Monaco and Evan Morikawa and Daniel P. Mossing and Tong Mu and Mira Murati and Oleg Murk and David M'ely and Ashvin Nair and Reiichiro Nakano and Rajeev Nayak and Arvind Neelakantan and Richard Ngo and Hyeonwoo Noh and Ouyang Long and Cullen O'Keefe and Jakub W. Pachocki and Alex Paino and Joe Palermo and Ashley Pantuliano and Giambattista Parascandolo and Joel Parish and Emy Parparita and Alexandre Passos and Mikhail Pavlov and Andrew Peng and Adam Perelman and Filipe de Avila Belbute Peres and Michael Petrov and Henrique Pond{\'e} de Oliveira Pinto and Michael Pokorny and Michelle Pokrass and Vitchyr H. Pong and Tolly Powell and Alethea Power and Boris Power and Elizabeth Proehl and Raul Puri and Alec Radford and Jack W. Rae and Aditya Ramesh and Cameron Raymond and Francis Real and Kendra Rimbach and Carl Ross and Bob Rotsted and Henri Roussez and Nick Ryder and Mario D. Saltarelli and Ted Sanders and Shibani Santurkar and Girish Sastry and Heather Schmidt and David Schnurr and John Schulman and Daniel Selsam and Kyla Sheppard and Toki Sherbakov and Jessica Shieh and Sarah Shoker and Pranav Shyam and Szymon Sidor and Eric Sigler and Maddie Simens and Jordan Sitkin and Katarina Slama and Ian Sohl and Benjamin D. Sokolowsky and Yang Song and Natalie Staudacher and Felipe Petroski Such and Natalie Summers and Ilya Sutskever and Jie Tang and Nikolas A. Tezak and Madeleine Thompson and Phil Tillet and Amin Tootoonchian and Elizabeth Tseng and Preston Tuggle and Nick Turley and Jerry Tworek and Juan Felipe Cer'on Uribe and Andrea Vallone and Arun Vijayvergiya and Chelsea Voss and Carroll L. Wainwright and Justin Jay Wang and Alvin Wang and Ben Wang and Jonathan Ward and Jason Wei and CJ Weinmann and Akila Welihinda and Peter Welinder and Jiayi Weng and Lilian Weng and Matt Wiethoff and Dave Willner and Clemens Winter and Samuel Wolrich and Hannah Wong and Lauren Workman and Sherwin Wu and Jeff Wu and Michael Wu and Kai Xiao and Tao Xu and Sarah Yoo and Kevin Yu and Qim-ing Yuan and Wojciech Zaremba and Rowan Zellers and Chong Zhang and Marvin Zhang and Shengjia Zhao and Tianhao Zheng and Juntang Zhuang and William Zhuk and Barret Zoph},
  year={2023},
  url={https://api.semanticscholar.org/CorpusID:257532815}
}

@misc{Arctic-SnowCoder,
      title={Arctic-SnowCoder: Demystifying High-Quality Data in Code Pretraining}, 
      author={Yuxiang Wei and Hojae Han and Rajhans Samdani},
      year={2024},
      eprint={2409.02326},
      archivePrefix={arXiv},
      primaryClass={cs.CL},
      url={https://arxiv.org/abs/2409.02326}, 
}

@inproceedings{Auto-Test-Meta,
  title={Automated unit test improvement using large language models at meta},
  author={Alshahwan, Nadia and Chheda, Jubin and Finogenova, Anastasia and Gokkaya, Beliz and Harman, Mark and Harper, Inna and Marginean, Alexandru and Sengupta, Shubho and Wang, Eddy},
  booktitle={Companion Proceedings of the 32nd ACM International Conference on the Foundations of Software Engineering},
  pages={185--196},
  year={2024}
}

@article{Bai2023QwenTR,
  title={Qwen Technical Report},
  author={Jinze Bai and Shuai Bai and Yunfei Chu and Zeyu Cui and Kai Dang and Xiaodong Deng and Yang Fan and Wenhang Ge and Yu Han and Fei Huang and Binyuan Hui and Luo Ji and Mei Li and Junyang Lin and Runji Lin and Dayiheng Liu and Gao Liu and Chengqiang Lu and K. Lu and Jianxin Ma and Rui Men and Xingzhang Ren and Xuancheng Ren and Chuanqi Tan and Sinan Tan and Jianhong Tu and Peng Wang and Shijie Wang and Wei Wang and Shengguang Wu and Benfeng Xu and Jin Xu and An Yang and Hao Yang and Jian Yang and Jian Yang and Shusheng Yang and Yang Yao and Bowen Yu and Yu Bowen and Hongyi Yuan and Zheng Yuan and Jianwei Zhang and Xing Zhang and Yichang Zhang and Zhenru Zhang and Chang Zhou and Jingren Zhou and Xiaohuan Zhou and Tianhang Zhu},
  journal={ArXiv},
  year={2023},
  volume={abs/2309.16609},
  url={https://api.semanticscholar.org/CorpusID:263134555}
}

@article{Chen2021EvaluatingLL,
  title={Evaluating Large Language Models Trained on Code},
  author={Mark Chen and Jerry Tworek and Heewoo Jun and Qiming Yuan and Henrique Pond{\'e} and Jared Kaplan and Harrison Edwards and Yura Burda and Nicholas Joseph and Greg Brockman and Alex Ray and Raul Puri and Gretchen Krueger and Michael Petrov and Heidy Khlaaf and Girish Sastry and Pamela Mishkin and Brooke Chan and Scott Gray and Nick Ryder and Mikhail Pavlov and Alethea Power and Lukasz Kaiser and Mohammad Bavarian and Clemens Winter and Philippe Tillet and Felipe Petroski Such and David W. Cummings and Matthias Plappert and Fotios Chantzis and Elizabeth Barnes and Ariel Herbert-Voss and William H. Guss and Alex Nichol and Igor Babuschkin and Suchir Balaji and Shantanu Jain and Andrew Carr and Jan Leike and Joshua Achiam and Vedant Misra and Evan Morikawa and Alec Radford and Matthew M. Knight and Miles Brundage and Mira Murati and Katie Mayer and Peter Welinder and Bob McGrew and Dario Amodei and Sam McCandlish and Ilya Sutskever and Wojciech Zaremba},
  journal={ArXiv},
  year={2021},
  volume={abs/2107.03374},
  url={https://api.semanticscholar.org/CorpusID:235755472}
}

@inproceedings{Devlin2019BERTPO,
  title={BERT: Pre-training of Deep Bidirectional Transformers for Language Understanding},
  author={Jacob Devlin and Ming-Wei Chang and Kenton Lee and Kristina Toutanova},
  booktitle={North American Chapter of the Association for Computational Linguistics},
  year={2019},
  url={https://api.semanticscholar.org/CorpusID:52967399}
}

@article{Fang2024LLMAC-Oneday,
  title={LLM Agents can Autonomously Exploit One-day Vulnerabilities},
  author={Richard Fang and Rohan Bindu and Akul Gupta and Daniel Kang},
  journal={ArXiv},
  year={2024},
  volume={abs/2404.08144},
  url={https://api.semanticscholar.org/CorpusID:269137506}
}

@article{Feng2020CodeBERTAP,
  title={CodeBERT: A Pre-Trained Model for Programming and Natural Languages},
  author={Zhangyin Feng and Daya Guo and Duyu Tang and Nan Duan and Xiaocheng Feng and Ming Gong and Linjun Shou and Bing Qin and Ting Liu and Daxin Jiang and Ming Zhou},
  journal={ArXiv},
  year={2020},
  volume={abs/2002.08155},
  url={https://api.semanticscholar.org/CorpusID:211171605}
}

@article{Huang2023AgentCoderMC,
  title={AgentCoder: Multi-Agent-based Code Generation with Iterative Testing and Optimisation},
  author={Dong Huang and Qingwen Bu and Jie M. Zhang and Michael Luck and Heming Cui},
  journal={ArXiv},
  year={2023},
  volume={abs/2312.13010},
  url={https://api.semanticscholar.org/CorpusID:266374622}
}

@article{Hui2024Qwen25CoderTR,
  title={Qwen2.5-Coder Technical Report},
  author={Binyuan Hui and Jian Yang and Zeyu Cui and Jiaxi Yang and Dayiheng Liu and Lei Zhang and Tianyu Liu and Jiajun Zhang and Bowen Yu and Kai Dang and An Yang and Rui Men and Fei Huang and Xingzhang Ren and Xuancheng Ren and Jingren Zhou and Junyang Lin},
  journal={ArXiv},
  year={2024},
  volume={abs/2409.12186},
  url={https://api.semanticscholar.org/CorpusID:272707390}
}

@article{Jiang2024ASO,
  title={A Survey on Large Language Models for Code Generation},
  author={Juyong Jiang and Fan Wang and Jiasi Shen and Sungju Kim and Sunghun Kim},
  journal={ArXiv},
  year={2024},
  volume={abs/2406.00515},
  url={https://api.semanticscholar.org/CorpusID:270214176}
}

@article{Rozire2023CodeLO,
  title={Code Llama: Open Foundation Models for Code},
  author={Baptiste Rozi{\`e}re and Jonas Gehring and Fabian Gloeckle and Sten Sootla and Itai Gat and Xiaoqing Tan and Yossi Adi and Jingyu Liu and Tal Remez and J{\'e}r{\'e}my Rapin and Artyom Kozhevnikov and I. Evtimov and Joanna Bitton and Manish P Bhatt and Cristian Cant{\'o}n Ferrer and Aaron Grattafiori and Wenhan Xiong and Alexandre D'efossez and Jade Copet and Faisal Azhar and Hugo Touvron and Louis Martin and Nicolas Usunier and Thomas Scialom and Gabriel Synnaeve},
  journal={ArXiv},
  year={2023},
  volume={abs/2308.12950},
  url={https://api.semanticscholar.org/CorpusID:261100919}
}

@article{Yang2024Qwen2TR,
  title={Qwen2 Technical Report},
  author={An Yang and Baosong Yang and Binyuan Hui and Bo Zheng and Bowen Yu and Chang Zhou and Chengpeng Li and Chengyuan Li and Dayiheng Liu and Fei Huang and Guanting Dong and Haoran Wei and Huan Lin and Jialong Tang and Jialin Wang and Jian Yang and Jianhong Tu and Jianwei Zhang and Jianxin Ma and Jin Xu and Jingren Zhou and Jinze Bai and Jinzheng He and Junyang Lin and Kai Dang and Keming Lu and Ke-Yang Chen and Kexin Yang and Mei Li and Min Xue and Na Ni and Pei Zhang and Peng Wang and Ru Peng and Rui Men and Ruize Gao and Runji Lin and Shijie Wang and Shuai Bai and Sinan Tan and Tianhang Zhu and Tianhao Li and Tianyu Liu and Wenbin Ge and Xiaodong Deng and Xiaohuan Zhou and Xingzhang Ren and Xinyu Zhang and Xipin Wei and Xuancheng Ren and Yang Fan and Yang Yao and Yichang Zhang and Yunyang Wan and Yunfei Chu and Zeyu Cui and Zhenru Zhang and Zhi-Wei Fan},
  journal={ArXiv},
  year={2024},
  volume={abs/2407.10671},
  url={https://api.semanticscholar.org/CorpusID:271212307}
}

@inproceedings{Yu2023WaveCoderWA,
  title={WaveCoder: Widespread And Versatile Enhancement For Code Large Language Models By Instruction Tuning},
  author={Zhaojian Yu and Xin Zhang and Ning Shang and Yangyu Huang and Can Xu and Yishujie Zhao and Wenxiang Hu and Qiufeng Yin},
  booktitle={Annual Meeting of the Association for Computational Linguistics},
  year={2023},
  url={https://api.semanticscholar.org/CorpusID:270258158}
}

@article{Zan2023CanPL,
  title={Can Programming Languages Boost Each Other via Instruction Tuning?},
  author={Daoguang Zan and Ailun Yu and Bo Shen and Jiaxin Zhang and Taihong Chen and Bing Geng and B. Chen and Jichuan Ji and Yafen Yao and Yongji Wang and Qianxiang Wang},
  journal={ArXiv},
  year={2023},
  volume={abs/2308.16824},
  url={https://api.semanticscholar.org/CorpusID:261397124}
}

@article{Zhu2022ASO,
  title={A Survey on Natural Language Processing for Programming},
  author={Qingfu Zhu and Xianzhen Luo and Fang Liu and Cuiyun Gao and Wanxiang Che},
  journal={ArXiv},
  year={2022},
  volume={abs/2212.05773},
  url={https://api.semanticscholar.org/CorpusID:254564474}
}

@article{bi2024deepseek,
  title={Deepseek llm: Scaling open-source language models with longtermism},
  author={Bi, Xiao and Chen, Deli and Chen, Guanting and Chen, Shanhuang and Dai, Damai and Deng, Chengqi and Ding, Honghui and Dong, Kai and Du, Qiushi and Fu, Zhe and others},
  journal={arXiv preprint arXiv:2401.02954},
  year={2024}
}

@article{chattester,
  title={No more manual tests? evaluating and improving chatgpt for unit test generation},
  author={Yuan, Zhiqiang and Lou, Yiling and Liu, Mingwei and Ding, Shiji and Wang, Kaixin and Chen, Yixuan and Peng, Xin},
  journal={arXiv preprint arXiv:2305.04207},
  year={2023}
}

@inproceedings{chatunitest,
  title={Chatunitest: A framework for llm-based test generation},
  author={Chen, Yinghao and Hu, Zehao and Zhi, Chen and Han, Junxiao and Deng, Shuiguang and Yin, Jianwei},
  booktitle={Companion Proceedings of the 32nd ACM International Conference on the Foundations of Software Engineering},
  pages={572--576},
  year={2024}
}

@article{chen2022codet,
  title={Codet: Code generation with generated tests},
  author={Chen, Bei and Zhang, Fengji and Nguyen, Anh and Zan, Daoguang and Lin, Zeqi and Lou, Jian-Guang and Chen, Weizhu},
  journal={arXiv preprint arXiv:2207.10397},
  year={2022}
}

@article{codeaware_prompt,
  title={Code-aware prompting: A study of coverage-guided test generation in regression setting using llm},
  author={Ryan, Gabriel and Jain, Siddhartha and Shang, Mingyue and Wang, Shiqi and Ma, Xiaofei and Ramanathan, Murali Krishna and Ray, Baishakhi},
  journal={Proceedings of the ACM on Software Engineering},
  volume={1},
  number={FSE},
  pages={951--971},
  year={2024},
  publisher={ACM New York, NY, USA}
}

@misc{deepseekai2024deepseekv2strongeconomicalefficient,
      title={DeepSeek-V2: A Strong, Economical, and Efficient Mixture-of-Experts Language Model}, 
      author={DeepSeek-AI and Aixin Liu and Bei Feng and Bin Wang and Bingxuan Wang and Bo Liu and Chenggang Zhao and Chengqi Dengr and Chong Ruan and Damai Dai and Daya Guo and Dejian Yang and Deli Chen and Dongjie Ji and Erhang Li and Fangyun Lin and Fuli Luo and Guangbo Hao and Guanting Chen and Guowei Li and H. Zhang and Hanwei Xu and Hao Yang and Haowei Zhang and Honghui Ding and Huajian Xin and Huazuo Gao and Hui Li and Hui Qu and J. L. Cai and Jian Liang and Jianzhong Guo and Jiaqi Ni and Jiashi Li and Jin Chen and Jingyang Yuan and Junjie Qiu and Junxiao Song and Kai Dong and Kaige Gao and Kang Guan and Lean Wang and Lecong Zhang and Lei Xu and Leyi Xia and Liang Zhao and Liyue Zhang and Meng Li and Miaojun Wang and Mingchuan Zhang and Minghua Zhang and Minghui Tang and Mingming Li and Ning Tian and Panpan Huang and Peiyi Wang and Peng Zhang and Qihao Zhu and Qinyu Chen and Qiushi Du and R. J. Chen and R. L. Jin and Ruiqi Ge and Ruizhe Pan and Runxin Xu and Ruyi Chen and S. S. Li and Shanghao Lu and Shangyan Zhou and Shanhuang Chen and Shaoqing Wu and Shengfeng Ye and Shirong Ma and Shiyu Wang and Shuang Zhou and Shuiping Yu and Shunfeng Zhou and Size Zheng and T. Wang and Tian Pei and Tian Yuan and Tianyu Sun and W. L. Xiao and Wangding Zeng and Wei An and Wen Liu and Wenfeng Liang and Wenjun Gao and Wentao Zhang and X. Q. Li and Xiangyue Jin and Xianzu Wang and Xiao Bi and Xiaodong Liu and Xiaohan Wang and Xiaojin Shen and Xiaokang Chen and Xiaosha Chen and Xiaotao Nie and Xiaowen Sun and Xiaoxiang Wang and Xin Liu and Xin Xie and Xingkai Yu and Xinnan Song and Xinyi Zhou and Xinyu Yang and Xuan Lu and Xuecheng Su and Y. Wu and Y. K. Li and Y. X. Wei and Y. X. Zhu and Yanhong Xu and Yanping Huang and Yao Li and Yao Zhao and Yaofeng Sun and Yaohui Li and Yaohui Wang and Yi Zheng and Yichao Zhang and Yiliang Xiong and Yilong Zhao and Ying He and Ying Tang and Yishi Piao and Yixin Dong and Yixuan Tan and Yiyuan Liu and Yongji Wang and Yongqiang Guo and Yuchen Zhu and Yuduan Wang and Yuheng Zou and Yukun Zha and Yunxian Ma and Yuting Yan and Yuxiang You and Yuxuan Liu and Z. Z. Ren and Zehui Ren and Zhangli Sha and Zhe Fu and Zhen Huang and Zhen Zhang and Zhenda Xie and Zhewen Hao and Zhihong Shao and Zhiniu Wen and Zhipeng Xu and Zhongyu Zhang and Zhuoshu Li and Zihan Wang and Zihui Gu and Zilin Li and Ziwei Xie},
      year={2024},
      eprint={2405.04434},
      archivePrefix={arXiv},
      primaryClass={cs.CL},
      url={https://arxiv.org/abs/2405.04434}, 
}

@article{empirical-unittest,
  title={An empirical evaluation of using large language models for automated unit test generation},
  author={Sch{\"a}fer, Max and Nadi, Sarah and Eghbali, Aryaz and Tip, Frank},
  journal={IEEE Transactions on Software Engineering},
  year={2023},
  publisher={IEEE}
}

@article{guo2024deepseekcoder,
  title={DeepSeek-Coder: When the Large Language Model Meets Programming--The Rise of Code Intelligence},
  author={Guo, Daya and Zhu, Qihao and Yang, Dejian and Xie, Zhenda and Dong, Kai and Zhang, Wentao and Chen, Guanting and Bi, Xiao and Wu, Yu and Li, YK and others},
  journal={arXiv preprint arXiv:2401.14196},
  year={2024}
}

@article{islam2024mapcoder,
  title={MapCoder: Multi-Agent Code Generation for Competitive Problem Solving},
  author={Islam, Md Ashraful and Ali, Mohammed Eunus and Parvez, Md Rizwan},
  journal={arXiv preprint arXiv:2405.11403},
  year={2024}
}

@article{li2023starcoder,
  title={Starcoder: may the source be with you!},
  author={Li, Raymond and Allal, Loubna Ben and Zi, Yangtian and Muennighoff, Niklas and Kocetkov, Denis and Mou, Chenghao and Marone, Marc and Akiki, Christopher and Li, Jia and Chim, Jenny and others},
  journal={arXiv preprint arXiv:2305.06161},
  year={2023}
}

@article{luo2023wizardcoder,
  title={Wizardcoder: Empowering code large language models with evol-instruct},
  author={Luo, Ziyang and Xu, Can and Zhao, Pu and Sun, Qingfeng and Geng, Xiubo and Hu, Wenxiang and Tao, Chongyang and Ma, Jing and Lin, Qingwei and Jiang, Daxin},
  journal={arXiv preprint arXiv:2306.08568},
  year={2023}
}

@article{nijkamp2022codegen,
  title={CodeGen: An Open Large Language Model for Code with Multi-Turn Program Synthesis},
  author={Nijkamp, Erik and Pang, Bo and Hayashi, Hiroaki and Tu, Lifu and Wang, Huan and Zhou, Yingbo and Savarese, Silvio and Xiong, Caiming},
  journal={ICLR},
  year={2023}
}

@article{pizzorno2024coverup,
  title={CoverUp: Coverage-Guided LLM-Based Test Generation},
  author={Pizzorno, Juan Altmayer and Berger, Emery D},
  journal={arXiv preprint arXiv:2403.16218},
  year={2024}
}

@article{siddiq2023generate_pray,
  title={Generate and pray: Using sallms to evaluate the security of llm generated code},
  author={Siddiq, Mohammed Latif and Santos, Joanna CS},
  journal={arXiv preprint arXiv:2311.00889},
  year={2023}
}

