@inproceedings{aitchison2021learning,
  title={Learning to deceive in multi-agent hidden role games},
  author={Aitchison, Matthew and Benke, Lyndon and Sweetser, Penny},
  booktitle={International Workshop on Deceptive AI},
  year={2021},
}

@article{akata2023playing,
  title={Playing repeated games with large language models},
  author={Akata, Elif and Schulz, Lion and Coda-Forno, Julian and Oh, Seong Joon and Bethge, Matthias and Schulz, Eric},
  journal={arXiv preprint arXiv:2305.16867},
  year={2023}
}

@article{allen2024real,
  title={The real dangers of generative ai},
  author={Allen, Danielle and Weyl, E Glen},
  journal={Journal of Democracy},
  volume={35},
  number={1},
  pages={147--162},
  year={2024},
  publisher={Johns Hopkins University Press}
}

@inproceedings{asgharnia2020deception,
  title={Deception in the game of guarding multiple territories: A machine learning approach},
  author={Asgharnia, Amirhossein and Schwartz, Howard M and Atia, Mohamed},
  booktitle={SMC},
  year={2020}
}

@article{bai2024efficient,
  title={Efficient Model-agnostic Alignment via Bayesian Persuasion},
  author={Bai, Fengshuo and Wang, Mingzhi and Zhang, Zhaowei and Chen, Boyuan and Xu, Yinda and Wen, Ying and Yang, Yaodong},
  journal={arXiv preprint arXiv:2405.18718},
  year={2024}
}

@misc{bai_voelkel_eichstaedt_willer_2023,
 title={Artificial Intelligence Can Persuade Humans on Political Issues},
 url={osf.io/stakv},
 DOI={10.31219/osf.io/stakv},
 publisher={OSF Preprints},
 author={Bai, Hui and Voelkel, Jan G and Eichstaedt, johannes C and Willer, Robb},
 year={2023},
 month={Feb}
}

@article{bar2023algorithmic,
  title={Algorithmic harm in consumer markets},
  author={Bar-Gill, Oren and Sunstein, Cass R and Talgam-Cohen, Inbal},
  journal={Journal of Legal Analysis},
  volume={15},
  number={1},
  pages={1--47},
  year={2023},
  publisher={Oxford University Press UK}
}

@article{bennett1980hypergames,
  title={Hypergames: developing a model of conflict},
  author={Bennett, Peter G},
  journal={Futures},
  volume={12},
  number={6},
  pages={489--507},
  year={1980},
  publisher={Elsevier}
}

@inproceedings{bernasconi2022sequential,
  title={Sequential information design: Learning to persuade in the dark},
  author={Bernasconi, Martino and Castiglioni, Matteo and Marchesi, Alberto and Gatti, Nicola and Trov{\`o}, Francesco},
  booktitle={NeurIPS},
  year={2022}
}

@article{bond1988evolution,
  title={The evolution of deception},
  author={Bond, Charles F and Robinson, Michael},
  journal={Journal of nonverbal behavior},
  volume={12},
  pages={295--307},
  year={1988},
  publisher={Springer}
}

@inproceedings{bontrager2019superstition,
  title={" Superstition" in the network: Deep reinforcement learning plays deceptive games},
  author={Bontrager, Philip and Khalifa, Ahmed and Anderson, Damien and Stephenson, Matthew and Salge, Christoph and Togelius, Julian},
  booktitle={AIIDE},
  year={2019}
}

@inproceedings{breum2024persuasive,
  title={The persuasive power of large language models},
  author={Breum, Simon Martin and Egdal, Daniel V{\ae}dele and Mortensen, Victor Gram and M{\o}ller, Anders Giovanni and Aiello, Luca Maria},
  booktitle={AAAI},
  year={2024}
}

@article{burtell2023artificial,
  title={Artificial influence: An analysis of AI-driven persuasion},
  author={Burtell, Matthew and Woodside, Thomas},
  journal={arXiv preprint arXiv:2303.08721},
  year={2023}
}

@article{carrasco2024large,
  title={Large Language Models are as persuasive as humans, but why? About the cognitive effort and moral-emotional language of LLM arguments},
  author={Carrasco-Farre, Carlos},
  journal={arXiv preprint arXiv:2404.09329},
  year={2024}
}

@article{carroll2011game,
  title={A game theoretic investigation of deception in network security},
  author={Carroll, Thomas E and Grosu, Daniel},
  journal={Security and Communication Networks},
  volume={4},
  number={10},
  pages={1162--1172},
  year={2011},
  publisher={Wiley Online Library}
}

@inproceedings{celli2020private,
  title={Private Bayesian persuasion with sequential games},
  author={Celli, Andrea and Coniglio, Stefano and Gatti, Nicola},
  booktitle={AAAI},
  year={2020}
}

@article{chelarescu2021deception,
  title={Deception in social learning: A multi-agent reinforcement learning perspective},
  author={Chelarescu, Paul},
  journal={arXiv preprint arXiv:2106.05402},
  year={2021}
}

@article{chen2023put,
  title={Put your money where your mouth is: Evaluating strategic planning and execution of llm agents in an auction arena},
  author={Chen, Jiangjie and Yuan, Siyu and Ye, Rong and Majumder, Bodhisattwa Prasad and Richardson, Kyle},
  journal={arXiv preprint arXiv:2310.05746},
  year={2023}
}

@article{duan2024gtbench,
  title={Gtbench: Uncovering the strategic reasoning limitations of llms via game-theoretic evaluations},
  author={Duan, Jinhao and Zhang, Renming and Diffenderfer, James and Kailkhura, Bhavya and Sun, Lichao and Stengel-Eskin, Elias and Bansal, Mohit and Chen, Tianlong and Xu, Kaidi},
  journal={arXiv preprint arXiv:2402.12348},
  year={2024}
}

@online{durmus2024persuasion,
author = {Esin Durmus and Liane Lovitt and Alex Tamkin and Stuart Ritchie and Jack Clark and Deep Ganguli},
title = {Measuring the Persuasiveness of Language Models},
date = {2024-04-09},
year = {2024},
url = {https://www.anthropic.com/news/measuring-model-persuasiveness},
}

@article{ettinger2010theory,
  title={A theory of deception},
  author={Ettinger, David and Jehiel, Philippe},
  journal={American Economic Journal: Microeconomics},
  volume={2},
  number={1},
  pages={1--20},
  year={2010},
  publisher={American Economic Association}
}

@inproceedings{fan2024can,
  title={Can large language models serve as rational players in game theory? a systematic analysis},
  author={Fan, Caoyun and Chen, Jindou and Jin, Yaohui and He, Hao},
  booktitle={AAAI},
  year={2024}
}

@article{floreano2007evolutionary,
  title={Evolutionary conditions for the emergence of communication in robots},
  author={Floreano, Dario and Mitri, Sara and Magnenat, St{\'e}phane and Keller, Laurent},
  journal={Current biology},
  volume={17},
  number={6},
  pages={514--519},
  year={2007},
  publisher={Elsevier}
}

@inproceedings{gan2022bayesian,
  title={Bayesian persuasion in sequential decision-making},
  author={Gan, Jiarui and Majumdar, Rupak and Radanovic, Goran and Singla, Adish},
  booktitle={AAAI},
  year={2022}
}

@inproceedings{gan2022sequential,
  title={Sequential decision making with information asymmetry},
  author={Gan, Jiarui and Majumdar, Rupak and Radanovic, Goran and Singla, Adish},
  booktitle={ICCT},
  year={2022}
}

@article{gandhi2023strategic,
  title={Strategic reasoning with language models},
  author={Gandhi, Kanishk and Sadigh, Dorsa and Goodman, Noah D},
  journal={arXiv preprint arXiv:2305.19165},
  year={2023}
}

@article{gharesifard2013stealthy,
  title={Stealthy deception in hypergames under informational asymmetry},
  author={Gharesifard, Bahman and Cort{\'e}s, Jorge},
  journal={IEEE Transactions on Systems, Man, and Cybernetics: Systems},
  volume={44},
  number={6},
  pages={785--795},
  year={2013},
  publisher={IEEE}
}

@article{ghiya2020learning,
  title={Learning complex multi-agent policies in presence of an adversary},
  author={Ghiya, Siddharth and Sycara, Katia},
  journal={arXiv preprint arXiv:2008.07698},
  year={2020}
}

@article{guo2024can,
  title={Can large language models play games? a case study of a self-play approach},
  author={Guo, Hongyi and Liu, Zhihan and Zhang, Yufeng and Wang, Zhaoran},
  journal={arXiv preprint arXiv:2403.05632},
  year={2024}
}

@article{guo2025deepseek,
  title={DeepSeek-R1: Incentivizing Reasoning Capability in LLMs via Reinforcement Learning},
  author={Guo, Daya and Yang, Dejian and Zhang, Haowei and Song, Junxiao and Zhang, Ruoyu and Xu, Runxin and Zhu, Qihao and Ma, Shirong and Wang, Peiyi and Bi, Xiao and others},
  journal={arXiv preprint arXiv:2501.12948},
  year={2025}
}

@article{han2024parameter,
  title={Parameter-efficient fine-tuning for large models: A comprehensive survey},
  author={Han, Zeyu and Gao, Chao and Liu, Jinyang and Zhang, Sai Qian and others},
  journal={arXiv preprint arXiv:2403.14608},
  year={2024}
}

@article{ho1978teams,
  title={Teams, signaling, and information theory},
  author={Ho, Yu-Chi and Kastner, Marica and Wong, Eugene},
  journal={IEEE Transactions on Automatic Control},
  volume={23},
  number={2},
  pages={305--312},
  year={1978},
  publisher={IEEE}
}

@article{hohenstein2023artificial,
  title={Artificial intelligence in communication impacts language and social relationships},
  author={Hohenstein, Jess and Kizilcec, Rene F and DiFranzo, Dominic and Aghajari, Zhila and Mieczkowski, Hannah and Levy, Karen and Naaman, Mor and Hancock, Jeffrey and Jung, Malte F},
  journal={Scientific Reports},
  volume={13},
  number={1},
  pages={5487},
  year={2023},
  publisher={Nature Publishing Group UK London}
}

@article{hua2024game,
  title={Game-theoretic LLM: Agent Workflow for Negotiation Games},
  author={Hua, Wenyue and Liu, Ollie and Li, Lingyao and Amayuelas, Alfonso and Chen, Julie and Jiang, Lucas and Jin, Mingyu and Fan, Lizhou and Sun, Fei and Wang, William and others},
  journal={arXiv preprint arXiv:2411.05990},
  year={2024}
}

@article{huang2024far,
  title={How Far Are We on the Decision-Making of LLMs? Evaluating LLMs' Gaming Ability in Multi-Agent Environments},
  author={Huang, Jen-tse and Li, Eric John and Lam, Man Ho and Liang, Tian and Wang, Wenxuan and Yuan, Youliang and Jiao, Wenxiang and Wang, Xing and Tu, Zhaopeng and Lyu, Michael R},
  journal={arXiv preprint arXiv:2403.11807},
  year={2024}
}

@inproceedings{hughes2018inequity,
  title={Inequity aversion improves cooperation in intertemporal social dilemmas},
  author={Hughes, Edward and Leibo, Joel Z and Phillips, Matthew and Tuyls, Karl and Due{\~n}ez-Guzman, Edgar and Garc{\'\i}a Casta{\~n}eda, Antonio and Dunning, Iain and Zhu, Tina and McKee, Kevin and Koster, Raphael and others},
  booktitle={NeurIPS},
  year={2018}
}

@inproceedings{jaques2019social,
  title={Social influence as intrinsic motivation for multi-agent deep reinforcement learning},
  author={Jaques, Natasha and Lazaridou, Angeliki and Hughes, Edward and Gulcehre, Caglar and Ortega, Pedro and Strouse, DJ and Leibo, Joel Z and De Freitas, Nando},
  booktitle={ICML},
  year={2019}
}

@inproceedings{jarrett2023language,
  title={Language agents as digital representatives in collective decision-making},
  author={Jarrett, Daniel and Pislar, Miruna and Bakker, Michiel A and Tessler, Michael Henry and Koster, Raphael and Balaguer, Jan and Elie, Romuald and Summerfield, Christopher and Tacchetti, Andrea},
  booktitle={NeurIPS Foundation Models for Decision Making Workshop},
  year={2023}
}

@article{karinshak2023working,
  title={Working with AI to persuade: Examining a large language model's ability to generate pro-vaccination messages},
  author={Karinshak, Elise and Liu, Sunny Xun and Park, Joon Sung and Hancock, Jeffrey T},
  journal={Proceedings of the ACM on Human-Computer Interaction},
  volume={7},
  number={CSCW1},
  pages={1--29},
  year={2023},
  publisher={ACM New York, NY, USA}
}

@inproceedings{kojima2022large,
  title={Large language models are zero-shot reasoners},
  author={Kojima, Takeshi and Gu, Shixiang Shane and Reid, Machel and Matsuo, Yutaka and Iwasawa, Yusuke},
  booktitle={NeurIPS},
  year={2022}
}

@article{kovach2015hypergame,
  title={Hypergame theory: a model for conflict, misperception, and deception},
  author={Kovach, Nicholas S and Gibson, Alan S and Lamont, Gary B},
  journal={Game Theory},
  volume={2015},
  number={1},
  pages={570639},
  year={2015},
  publisher={Wiley Online Library}
}

@article{kreps2022all,
  title={All the news that’s fit to fabricate: AI-generated text as a tool of media misinformation},
  author={Kreps, Sarah and McCain, R Miles and Brundage, Miles},
  journal={Journal of experimental political science},
  volume={9},
  number={1},
  pages={104--117},
  year={2022},
  publisher={Cambridge University Press}
}

@article{li2020effective,
  title={An effective maximum entropy exploration approach for deceptive game in reinforcement learning},
  author={Li, Chunmao and Wei, Xuanguang and Zhao, Yinliang and Geng, Xupeng},
  journal={Neurocomputing},
  volume={403},
  pages={98--108},
  year={2020},
  publisher={Elsevier}
}

@inproceedings{lin2023information,
  title={Information design in multi-agent reinforcement learning},
  author={Lin, Yue and Li, Wenhao and Zha, Hongyuan and Wang, Baoxiang},
  booktitle={NeurIPS},
  year={2023}
}

@article{liu2023llm+,
  title={Llm+ p: Empowering large language models with optimal planning proficiency},
  author={Liu, Bo and Jiang, Yuqian and Zhang, Xiaohan and Liu, Qiang and Zhang, Shiqi and Biswas, Joydeep and Stone, Peter},
  journal={arXiv preprint arXiv:2304.11477},
  year={2023}
}

@article{lore2023strategic,
  title={Strategic behavior of large language models: Game structure vs. contextual framing},
  author={Lor{\`e}, Nunzio and Heydari, Babak},
  journal={arXiv preprint arXiv:2309.05898},
  year={2023}
}

@article{lore2024strategic,
  title={Strategic behavior of large language models and the role of game structure versus contextual framing},
  author={Lor{\`e}, Nunzio and Heydari, Babak},
  journal={Scientific Reports},
  volume={14},
  number={1},
  pages={18490},
  year={2024},
  publisher={Nature Publishing Group UK London}
}

@inproceedings{lupu2020gifting,
  title={Gifting in multi-agent reinforcement learning},
  author={Lupu, Andrei and Precup, Doina},
  booktitle={AAMAS},
  year={2020}
}

@article{ma2023red,
  title={Red teaming game: A game-theoretic framework for red teaming language models},
  author={Ma, Chengdong and Yang, Ziran and Gao, Minquan and Ci, Hai and Gao, Jun and Pan, Xuehai and Yang, Yaodong},
  journal={arXiv preprint arXiv:2310.00322},
  year={2023}
}

@inproceedings{macnally2018action,
  title={Action selection for transparent planning},
  author={MacNally, Aleck M and Lipovetzky, Nir and Ramirez, Miquel and Pearce, Adrian R},
  booktitle={AAMAS},
  year={2018}
}

@article{majovsky2023artificial,
  title={Artificial intelligence can generate fraudulent but authentic-looking scientific medical articles: Pandora’s box has been opened},
  author={M{\'a}jovsk{\`y}, Martin and {\v{C}}ern{\`y}, Martin and Kasal, Mat{\v{e}}j and Komarc, Martin and Netuka, David},
  journal={Journal of medical Internet research},
  volume={25},
  pages={e46924},
  year={2023},
  publisher={JMIR Publications Toronto, Canada}
}

@article{mao2023alympics,
  title={Alympics: Language agents meet game theory},
  author={Mao, Shaoguang and Cai, Yuzhe and Xia, Yan and Wu, Wenshan and Wang, Xun and Wang, Fengyi and Ge, Tao and Wei, Furu},
  journal={arXiv preprint arXiv:2311.03220},
  year={2023}
}

@inproceedings{masters2017deceptive,
  title={Deceptive Path-Planning},
  author={Masters, Peta and Sardina, Sebastian},
  booktitle={IJCAI},
  pages={4368--4375},
  year={2017}
}

@article{matz2024potential,
  title={The potential of generative AI for personalized persuasion at scale},
  author={Matz, SC and Teeny, JD and Vaid, Sumer S and Peters, H and Harari, GM and Cerf, M},
  journal={Scientific Reports},
  volume={14},
  number={1},
  pages={4692},
  year={2024},
  publisher={Nature Publishing Group UK London}
}

@article{meta2022human,
  title={Human-level play in the game of Diplomacy by combining language models with strategic reasoning},
  author={FAIR, Meta Fundamental AI Research Diplomacy Team and Bakhtin, Anton and Brown, Noam and Dinan, Emily and Farina, Gabriele and Flaherty, Colin and Fried, Daniel and Goff, Andrew and Gray, Jonathan and Hu, Hengyuan and others},
  journal={Science},
  volume={378},
  number={6624},
  pages={1067--1074},
  year={2022},
  publisher={American Association for the Advancement of Science}
}

@inproceedings{ndousse2021emergent,
  title={Emergent social learning via multi-agent reinforcement learning},
  author={Ndousse, Kamal K and Eck, Douglas and Levine, Sergey and Jaques, Natasha},
  booktitle={ICML},
  year={2021}
}

@misc{o1,
  author       = {OpenAI},
  title        = {Learning to Reason with LLMs},
  howpublished = {\url{https://openai.com/index/learning-to-reason-with-llms/}},
  year         = {2024},
  note         = {Accessed: 2024-10-02}
}

@article{pauli2024measuring,
  title={Measuring and Benchmarking Large Language Models' Capabilities to Generate Persuasive Language},
  author={Pauli, Amalie Brogaard and Augenstein, Isabelle and Assent, Ira},
  journal={arXiv preprint arXiv:2406.17753},
  year={2024}
}

@article{ramani2024persuasion,
  title={Persuasion Games using Large Language Models},
  author={Ramani, Ganesh Prasath and Karande, Shirish and Bhatia, Yash and others},
  journal={arXiv preprint arXiv:2408.15879},
  year={2024}
}

@article{salvi2024conversational,
  title={On the conversational persuasiveness of large language models: A randomized controlled trial},
  author={Salvi, Francesco and Ribeiro, Manoel Horta and Gallotti, Riccardo and West, Robert},
  journal={arXiv preprint arXiv:2403.14380},
  year={2024}
}

@article{shin2023enhancing,
  title={Enhancing Human Persuasion With Large Language Models},
  author={Shin, Minkyu and Kim, Jin},
  journal={arXiv preprint arXiv:2311.16466},
  year={2023}
}

@article{shin2024large,
  title={Large language models can enhance persuasion through linguistic feature alignment},
  author={Shin, Minkyu and Kim, Jin},
  journal={Available at SSRN 4725351},
  year={2024}
}

@article{silva2024large,
  title={Large Language Models Playing Mixed Strategy Nash Equilibrium Games},
  author={Silva, Alonso},
  journal={arXiv preprint arXiv:2406.10574},
  year={2024}
}

@inproceedings{strouse2018learning,
  title={Learning to share and hide intentions using information regularization},
  author={Strouse, DJ and Kleiman-Weiner, Max and Tenenbaum, Josh and Botvinick, Matt and Schwab, David J},
  booktitle={NeurIPS},
  year={2018}
}

@article{vane2002using,
  title={Using hypergames to increase planned payoff and reduce risk},
  author={Vane, Russell and Lehner, Paul},
  journal={Autonomous Agents and Multi-Agent Systems},
  volume={5},
  pages={365--380},
  year={2002},
  publisher={Springer}
}

@article{wojtowicz2024and,
  title={When and Why is Persuasion Hard? A Computational Complexity Result},
  author={Wojtowicz, Zachary},
  journal={arXiv preprint arXiv:2408.07923},
  year={2024}
}

@inproceedings{wu2022sequential,
  title={Sequential Information Design: Markov Persuasion Process and Its Efficient Reinforcement Learning},
  author={Wu, Jibang and Zhang, Zixuan and Feng, Zhe and Wang, Zhaoran and Yang, Zhuoran and Jordan, Michael I and Xu, Haifeng},
  booktitle={EC},
  year={2022}
}

@inproceedings{xu2023magic,
  title={Magic: Investigation of large language model powered multi-agent in cognition, adaptability, rationality and collaboration},
  author={Xu, Lin and Hu, Zhiyuan and Zhou, Daquan and Ren, Hongyu and Dong, Zhen and Keutzer, Kurt and Ng, See-Kiong and Feng, Jiashi},
  booktitle={ICLR Workshop on Large Language Model (LLM) Agents},
  year={2024}
}

@article{xu2023parameter,
  title={Parameter-efficient fine-tuning methods for pretrained language models: A critical review and assessment},
  author={Xu, Lingling and Xie, Haoran and Qin, Si-Zhao Joe and Tao, Xiaohui and Wang, Fu Lee},
  journal={arXiv preprint arXiv:2312.12148},
  year={2023}
}

@inproceedings{yang2020learning,
  title={Learning to incentivize other learning agents},
  author={Yang, Jiachen and Li, Ang and Farajtabar, Mehrdad and Sunehag, Peter and Hughes, Edward and Zha, Hongyuan},
  booktitle={NeurIPS},
  year={2020}
}

@inproceedings{zelikman2022star,
  title={Star: Bootstrapping reasoning with reasoning},
  author={Zelikman, Eric and Wu, Yuhuai and Mu, Jesse and Goodman, Noah},
  booktitle={NeurIPS},
  year={2022}
}

@article{zelikman2024quiet,
  title={Quiet-star: Language models can teach themselves to think before speaking},
  author={Zelikman, Eric and Harik, Georges and Shao, Yijia and Jayasiri, Varuna and Haber, Nick and Goodman, Noah D},
  journal={arXiv preprint arXiv:2403.09629},
  year={2024}
}

@article{zhang2024k,
  title={K-Level Reasoning with Large Language Models},
  author={Zhang, Yadong and Mao, Shaoguang and Ge, Tao and Wang, Xun and Xia, Yan and Lan, Man and Wei, Furu},
  journal={arXiv preprint arXiv:2402.01521},
  year={2024}
}

@article{zhang2024llm,
  title={LLM as a Mastermind: A Survey of Strategic Reasoning with Large Language Models},
  author={Zhang, Yadong and Mao, Shaoguang and Ge, Tao and Wang, Xun and de Wynter, Adrian and Xia, Yan and Wu, Wenshan and Song, Ting and Lan, Man and Wei, Furu},
  journal={arXiv preprint arXiv:2404.01230},
  year={2024}
}

@article{zhou2020design,
  title={The design and implementation of xiaoice, an empathetic social chatbot},
  author={Zhou, Li and Gao, Jianfeng and Li, Di and Shum, Heung-Yeung},
  journal={Computational Linguistics},
  volume={46},
  number={1},
  pages={53--93},
  year={2020},
  publisher={MIT Press One Rogers Street, Cambridge, MA 02142-1209, USA journals-info~…}
}

