@inproceedings{gan2022sequential,
  title={Sequential decision making with information asymmetry},
  author={Gan, Jiarui and Majumdar, Rupak and Radanovic, Goran and Singla, Adish},
  booktitle={ICCT},
  year={2022}
}

@inproceedings{gan2022bayesian,
  title={Bayesian persuasion in sequential decision-making},
  author={Gan, Jiarui and Majumdar, Rupak and Radanovic, Goran and Singla, Adish},
  booktitle={AAAI},
  year={2022}
}

@inproceedings{wu2022sequential,
  title={Sequential Information Design: Markov Persuasion Process and Its Efficient Reinforcement Learning},
  author={Wu, Jibang and Zhang, Zixuan and Feng, Zhe and Wang, Zhaoran and Yang, Zhuoran and Jordan, Michael I and Xu, Haifeng},
  booktitle={EC},
  year={2022}
}

@inproceedings{celli2020private,
  title={Private Bayesian persuasion with sequential games},
  author={Celli, Andrea and Coniglio, Stefano and Gatti, Nicola},
  booktitle={AAAI},
  year={2020}
}

@inproceedings{lin2023information,
  title={Information design in multi-agent reinforcement learning},
  author={Lin, Yue and Li, Wenhao and Zha, Hongyuan and Wang, Baoxiang},
  booktitle={NeurIPS},
  year={2023}
}

@article{shin2024large,
  title={Large language models can enhance persuasion through linguistic feature alignment},
  author={Shin, Minkyu and Kim, Jin},
  journal={Available at SSRN 4725351},
  year={2024}
}

@article{carrasco2024large,
  title={Large Language Models are as persuasive as humans, but why? About the cognitive effort and moral-emotional language of LLM arguments},
  author={Carrasco-Farre, Carlos},
  journal={arXiv preprint arXiv:2404.09329},
  year={2024}
}

@inproceedings{breum2024persuasive,
  title={The persuasive power of large language models},
  author={Breum, Simon Martin and Egdal, Daniel V{\ae}dele and Mortensen, Victor Gram and M{\o}ller, Anders Giovanni and Aiello, Luca Maria},
  booktitle={AAAI},
  year={2024}
}

@article{ramani2024persuasion,
  title={Persuasion Games using Large Language Models},
  author={Ramani, Ganesh Prasath and Karande, Shirish and Bhatia, Yash and others},
  journal={arXiv preprint arXiv:2408.15879},
  year={2024}
}

@article{pauli2024measuring,
  title={Measuring and Benchmarking Large Language Models' Capabilities to Generate Persuasive Language},
  author={Pauli, Amalie Brogaard and Augenstein, Isabelle and Assent, Ira},
  journal={arXiv preprint arXiv:2406.17753},
  year={2024}
}

@misc{bai_voelkel_eichstaedt_willer_2023,
 title={Artificial Intelligence Can Persuade Humans on Political Issues},
 url={osf.io/stakv},
 DOI={10.31219/osf.io/stakv},
 publisher={OSF Preprints},
 author={Bai, Hui and Voelkel, Jan G and Eichstaedt, johannes C and Willer, Robb},
 year={2023},
 month={Feb}
}

@article{karinshak2023working,
  title={Working with AI to persuade: Examining a large language model's ability to generate pro-vaccination messages},
  author={Karinshak, Elise and Liu, Sunny Xun and Park, Joon Sung and Hancock, Jeffrey T},
  journal={Proceedings of the ACM on Human-Computer Interaction},
  volume={7},
  number={CSCW1},
  pages={1--29},
  year={2023},
  publisher={ACM New York, NY, USA}
}

@article{zhou2020design,
  title={The design and implementation of xiaoice, an empathetic social chatbot},
  author={Zhou, Li and Gao, Jianfeng and Li, Di and Shum, Heung-Yeung},
  journal={Computational Linguistics},
  volume={46},
  number={1},
  pages={53--93},
  year={2020},
  publisher={MIT Press One Rogers Street, Cambridge, MA 02142-1209, USA journals-info~…}
}

@article{meta2022human,
  title={Human-level play in the game of Diplomacy by combining language models with strategic reasoning},
  author={FAIR, Meta Fundamental AI Research Diplomacy Team and Bakhtin, Anton and Brown, Noam and Dinan, Emily and Farina, Gabriele and Flaherty, Colin and Fried, Daniel and Goff, Andrew and Gray, Jonathan and Hu, Hengyuan and others},
  journal={Science},
  volume={378},
  number={6624},
  pages={1067--1074},
  year={2022},
  publisher={American Association for the Advancement of Science}
}

@article{hohenstein2023artificial,
  title={Artificial intelligence in communication impacts language and social relationships},
  author={Hohenstein, Jess and Kizilcec, Rene F and DiFranzo, Dominic and Aghajari, Zhila and Mieczkowski, Hannah and Levy, Karen and Naaman, Mor and Hancock, Jeffrey and Jung, Malte F},
  journal={Scientific Reports},
  volume={13},
  number={1},
  pages={5487},
  year={2023},
  publisher={Nature Publishing Group UK London}
}

@article{salvi2024conversational,
  title={On the conversational persuasiveness of large language models: A randomized controlled trial},
  author={Salvi, Francesco and Ribeiro, Manoel Horta and Gallotti, Riccardo and West, Robert},
  journal={arXiv preprint arXiv:2403.14380},
  year={2024}
}

@article{majovsky2023artificial,
  title={Artificial intelligence can generate fraudulent but authentic-looking scientific medical articles: Pandora’s box has been opened},
  author={M{\'a}jovsk{\`y}, Martin and {\v{C}}ern{\`y}, Martin and Kasal, Mat{\v{e}}j and Komarc, Martin and Netuka, David},
  journal={Journal of medical Internet research},
  volume={25},
  pages={e46924},
  year={2023},
  publisher={JMIR Publications Toronto, Canada}
}

@article{matz2024potential,
  title={The potential of generative AI for personalized persuasion at scale},
  author={Matz, SC and Teeny, JD and Vaid, Sumer S and Peters, H and Harari, GM and Cerf, M},
  journal={Scientific Reports},
  volume={14},
  number={1},
  pages={4692},
  year={2024},
  publisher={Nature Publishing Group UK London}
}

@online{durmus2024persuasion,
author = {Esin Durmus and Liane Lovitt and Alex Tamkin and Stuart Ritchie and Jack Clark and Deep Ganguli},
title = {Measuring the Persuasiveness of Language Models},
date = {2024-04-09},
year = {2024},
url = {https://www.anthropic.com/news/measuring-model-persuasiveness},
}

@article{burtell2023artificial,
  title={Artificial influence: An analysis of AI-driven persuasion},
  author={Burtell, Matthew and Woodside, Thomas},
  journal={arXiv preprint arXiv:2303.08721},
  year={2023}
}

@article{shin2023enhancing,
  title={Enhancing Human Persuasion With Large Language Models},
  author={Shin, Minkyu and Kim, Jin},
  journal={arXiv preprint arXiv:2311.16466},
  year={2023}
}

@article{allen2024real,
  title={The real dangers of generative ai},
  author={Allen, Danielle and Weyl, E Glen},
  journal={Journal of Democracy},
  volume={35},
  number={1},
  pages={147--162},
  year={2024},
  publisher={Johns Hopkins University Press}
}

@article{kreps2022all,
  title={All the news that’s fit to fabricate: AI-generated text as a tool of media misinformation},
  author={Kreps, Sarah and McCain, R Miles and Brundage, Miles},
  journal={Journal of experimental political science},
  volume={9},
  number={1},
  pages={104--117},
  year={2022},
  publisher={Cambridge University Press}
}

@article{bar2023algorithmic,
  title={Algorithmic harm in consumer markets},
  author={Bar-Gill, Oren and Sunstein, Cass R and Talgam-Cohen, Inbal},
  journal={Journal of Legal Analysis},
  volume={15},
  number={1},
  pages={1--47},
  year={2023},
  publisher={Oxford University Press UK}
}

@article{wojtowicz2024and,
  title={When and Why is Persuasion Hard? A Computational Complexity Result},
  author={Wojtowicz, Zachary},
  journal={arXiv preprint arXiv:2408.07923},
  year={2024}
}

@article{ho1978teams,
  title={Teams, signaling, and information theory},
  author={Ho, Yu-Chi and Kastner, Marica and Wong, Eugene},
  journal={IEEE Transactions on Automatic Control},
  volume={23},
  number={2},
  pages={305--312},
  year={1978},
  publisher={IEEE}
}

@article{carroll2011game,
  title={A game theoretic investigation of deception in network security},
  author={Carroll, Thomas E and Grosu, Daniel},
  journal={Security and Communication Networks},
  volume={4},
  number={10},
  pages={1162--1172},
  year={2011},
  publisher={Wiley Online Library}
}

@article{floreano2007evolutionary,
  title={Evolutionary conditions for the emergence of communication in robots},
  author={Floreano, Dario and Mitri, Sara and Magnenat, St{\'e}phane and Keller, Laurent},
  journal={Current biology},
  volume={17},
  number={6},
  pages={514--519},
  year={2007},
  publisher={Elsevier}
}

@article{bennett1980hypergames,
  title={Hypergames: developing a model of conflict},
  author={Bennett, Peter G},
  journal={Futures},
  volume={12},
  number={6},
  pages={489--507},
  year={1980},
  publisher={Elsevier}
}

@article{kovach2015hypergame,
  title={Hypergame theory: a model for conflict, misperception, and deception},
  author={Kovach, Nicholas S and Gibson, Alan S and Lamont, Gary B},
  journal={Game Theory},
  volume={2015},
  number={1},
  pages={570639},
  year={2015},
  publisher={Wiley Online Library}
}

@article{vane2002using,
  title={Using hypergames to increase planned payoff and reduce risk},
  author={Vane, Russell and Lehner, Paul},
  journal={Autonomous Agents and Multi-Agent Systems},
  volume={5},
  pages={365--380},
  year={2002},
  publisher={Springer}
}

@article{gharesifard2013stealthy,
  title={Stealthy deception in hypergames under informational asymmetry},
  author={Gharesifard, Bahman and Cort{\'e}s, Jorge},
  journal={IEEE Transactions on Systems, Man, and Cybernetics: Systems},
  volume={44},
  number={6},
  pages={785--795},
  year={2013},
  publisher={IEEE}
}

@inproceedings{strouse2018learning,
  title={Learning to share and hide intentions using information regularization},
  author={Strouse, DJ and Kleiman-Weiner, Max and Tenenbaum, Josh and Botvinick, Matt and Schwab, David J},
  booktitle={NeurIPS},
  year={2018}
}

@article{ettinger2010theory,
  title={A theory of deception},
  author={Ettinger, David and Jehiel, Philippe},
  journal={American Economic Journal: Microeconomics},
  volume={2},
  number={1},
  pages={1--20},
  year={2010},
  publisher={American Economic Association}
}

@inproceedings{macnally2018action,
  title={Action selection for transparent planning},
  author={MacNally, Aleck M and Lipovetzky, Nir and Ramirez, Miquel and Pearce, Adrian R},
  booktitle={AAMAS},
  year={2018}
}

@inproceedings{masters2017deceptive,
  title={Deceptive Path-Planning},
  author={Masters, Peta and Sardina, Sebastian},
  booktitle={IJCAI},
  pages={4368--4375},
  year={2017}
}

@article{bond1988evolution,
  title={The evolution of deception},
  author={Bond, Charles F and Robinson, Michael},
  journal={Journal of nonverbal behavior},
  volume={12},
  pages={295--307},
  year={1988},
  publisher={Springer}
}

@inproceedings{asgharnia2020deception,
  title={Deception in the game of guarding multiple territories: A machine learning approach},
  author={Asgharnia, Amirhossein and Schwartz, Howard M and Atia, Mohamed},
  booktitle={SMC},
  year={2020}
}

@inproceedings{bontrager2019superstition,
  title={" Superstition" in the network: Deep reinforcement learning plays deceptive games},
  author={Bontrager, Philip and Khalifa, Ahmed and Anderson, Damien and Stephenson, Matthew and Salge, Christoph and Togelius, Julian},
  booktitle={AIIDE},
  year={2019}
}

@article{li2020effective,
  title={An effective maximum entropy exploration approach for deceptive game in reinforcement learning},
  author={Li, Chunmao and Wei, Xuanguang and Zhao, Yinliang and Geng, Xupeng},
  journal={Neurocomputing},
  volume={403},
  pages={98--108},
  year={2020},
  publisher={Elsevier}
}

@article{ghiya2020learning,
  title={Learning complex multi-agent policies in presence of an adversary},
  author={Ghiya, Siddharth and Sycara, Katia},
  journal={arXiv preprint arXiv:2008.07698},
  year={2020}
}

@article{chelarescu2021deception,
  title={Deception in social learning: A multi-agent reinforcement learning perspective},
  author={Chelarescu, Paul},
  journal={arXiv preprint arXiv:2106.05402},
  year={2021}
}

@inproceedings{yang2020learning,
  title={Learning to incentivize other learning agents},
  author={Yang, Jiachen and Li, Ang and Farajtabar, Mehrdad and Sunehag, Peter and Hughes, Edward and Zha, Hongyuan},
  booktitle={NeurIPS},
  year={2020}
}

@inproceedings{lupu2020gifting,
  title={Gifting in multi-agent reinforcement learning},
  author={Lupu, Andrei and Precup, Doina},
  booktitle={AAMAS},
  year={2020}
}

@inproceedings{jaques2019social,
  title={Social influence as intrinsic motivation for multi-agent deep reinforcement learning},
  author={Jaques, Natasha and Lazaridou, Angeliki and Hughes, Edward and Gulcehre, Caglar and Ortega, Pedro and Strouse, DJ and Leibo, Joel Z and De Freitas, Nando},
  booktitle={ICML},
  year={2019}
}

@inproceedings{hughes2018inequity,
  title={Inequity aversion improves cooperation in intertemporal social dilemmas},
  author={Hughes, Edward and Leibo, Joel Z and Phillips, Matthew and Tuyls, Karl and Due{\~n}ez-Guzman, Edgar and Garc{\'\i}a Casta{\~n}eda, Antonio and Dunning, Iain and Zhu, Tina and McKee, Kevin and Koster, Raphael and others},
  booktitle={NeurIPS},
  year={2018}
}

@inproceedings{ndousse2021emergent,
  title={Emergent social learning via multi-agent reinforcement learning},
  author={Ndousse, Kamal K and Eck, Douglas and Levine, Sergey and Jaques, Natasha},
  booktitle={ICML},
  year={2021}
}

@inproceedings{zhang2022polynomial,
  title={Polynomial-time optimal equilibria with a mediator in extensive-form games},
  author={Zhang, Brian and Sandholm, Tuomas},
  booktitle={NeurIPS},
  year={2022}
}

@inproceedings{zhang2024computing,
  title={Computing optimal equilibria and mechanisms via learning in zero-sum extensive-form games},
  author={Zhang, Brian and Farina, Gabriele and Anagnostides, Ioannis and Cacciamani, Federico and McAleer, Stephen and Haupt, Andreas and Celli, Andrea and Gatti, Nicola and Conitzer, Vincent and Sandholm, Tuomas},
  booktitle={NeurIPS},
  year={2024}
}

@inproceedings{
yang2024large,
title={Large Language Models as Optimizers},
author={Chengrun Yang and Xuezhi Wang and Yifeng Lu and Hanxiao Liu and Quoc V Le and Denny Zhou and Xinyun Chen},
booktitle={ICLR},
year={2024},
url={https://openreview.net/forum?id=Bb4VGOWELI}
}

@article{kamenica2011bayesian,
  title={Bayesian persuasion},
  author={Kamenica, Emir and Gentzkow, Matthew},
  journal={American Economic Review},
  volume={101},
  number={6},
  pages={2590--2615},
  year={2011},
  publisher={American Economic Association}
}

@article{kamenica2019bayesian,
  title={Bayesian persuasion and information design},
  author={Kamenica, Emir},
  journal={Annual Review of Economics},
  volume={11},
  number={1},
  pages={249--272},
  year={2019},
  publisher={Annual Reviews}
}

@inproceedings{psro,
  title={A unified game-theoretic approach to multiagent reinforcement learning},
  author={Lanctot, Marc and Zambaldi, Vinicius and Gruslys, Audrunas and Lazaridou, Angeliki and Tuyls, Karl and P{\'e}rolat, Julien and Silver, David and Graepel, Thore},
  booktitle={NeurIPS},
  year={2017}
}

@article{rayo2010optimal,
  title={Optimal information disclosure},
  author={Rayo, Luis and Segal, Ilya},
  journal={Journal of political Economy},
  volume={118},
  number={5},
  pages={949--987},
  year={2010},
  publisher={University of Chicago Press Chicago, IL}
}

@article{nash1950bargaining,
  title={The bargaining problem},
  author={Nash, John F and others},
  journal={Econometrica},
  volume={18},
  number={2},
  pages={155--162},
  year={1950}
}


@article{nash1953two,
  title={Two-person cooperative games},
  author={Nash, John},
  journal={Econometrica: Journal of the Econometric Society},
  pages={128--140},
  year={1953},
  publisher={JSTOR}
}

@inbook{Maschler_Solan_Zamir_2013, 
  place={Cambridge}, 
  title={Bargaining games}, 
  booktitle={Game Theory}, 
  publisher={Cambridge University Press}, 
  author={Maschler, Michael and Solan, Eilon and Zamir, Shmuel}, 
  year={2013}, 
  pages={622–658}
}

@article{gemp2024states,
  title={States as strings as strategies: Steering language models with game-theoretic solvers},
  author={Gemp, Ian and Bachrach, Yoram and Lanctot, Marc and Patel, Roma and Dasagi, Vibhavari and Marris, Luke and Piliouras, Georgios and Tuyls, Karl},
  journal={arXiv preprint arXiv:2402.01704},
  year={2024}
}

@article{romera2024mathematical,
  title={Mathematical discoveries from program search with large language models},
  author={Romera-Paredes, Bernardino and Barekatain, Mohammadamin and Novikov, Alexander and Balog, Matej and Kumar, M Pawan and Dupont, Emilien and Ruiz, Francisco JR and Ellenberg, Jordan S and Wang, Pengming and Fawzi, Omar and others},
  journal={Nature},
  volume={625},
  number={7995},
  pages={468--475},
  year={2024},
  publisher={Nature Publishing Group UK London}
}

@inproceedings{shinn2024reflexion,
  title={Reflexion: Language agents with verbal reinforcement learning},
  author={Shinn, Noah and Cassano, Federico and Gopinath, Ashwin and Narasimhan, Karthik and Yao, Shunyu},
  booktitle={NeurIPS},
  year={2024}
}

@inproceedings{assos2023online,
  title={Online learning and solving infinite games with an erm oracle},
  author={Assos, Angelos and Attias, Idan and Dagan, Yuval and Daskalakis, Constantinos and Fishelson, Maxwell K},
  booktitle={COLT},
  year={2023}
}

@article{bergemann2016bayes,
  title={Bayes correlated equilibrium and the comparison of information structures in games},
  author={Bergemann, Dirk and Morris, Stephen},
  journal={Theoretical Economics},
  volume={11},
  number={2},
  pages={487--522},
  year={2016},
  publisher={Wiley Online Library}
}

@article{makris2023information,
  title={Information design in multistage games},
  author={Makris, Miltiadis and Renou, Ludovic},
  journal={Theoretical Economics},
  volume={18},
  number={4},
  pages={1475--1509},
  year={2023},
  publisher={Wiley Online Library}
}

@inproceedings{leibo2017multi,
  title={Multi-agent Reinforcement Learning in Sequential Social Dilemmas},
  author={Leibo, Joel Z and Zambaldi, Vinicius and Lanctot, Marc and Marecki, Janusz and Graepel, Thore},
  booktitle={AAMAS},
  year={2017}
}

@inproceedings{mckee2020social,
  title={Social Diversity and Social Preferences in Mixed-Motive Reinforcement Learning},
  author={McKee, Kevin R and Gemp, Ian and McWilliams, Brian and Du{\`e}{\~n}ez-Guzm{\'a}n, Edgar A and Hughes, Edward and Leibo, Joel Z},
  booktitle={AAMAS},
  year={2020}
}

@inproceedings{leibo2021scalable,
  title={Scalable evaluation of multi-agent reinforcement learning with melting pot},
  author={Leibo, Joel Z and Due{\~n}ez-Guzman, Edgar A and Vezhnevets, Alexander and Agapiou, John P and Sunehag, Peter and Koster, Raphael and Matyas, Jayd and Beattie, Charlie and Mordatch, Igor and Graepel, Thore},
  booktitle={ICML},
  year={2021},
  organization={PMLR}
}

@article{dafoe2020open,
  title={Open problems in cooperative ai},
  author={Dafoe, Allan and Hughes, Edward and Bachrach, Yoram and Collins, Tantum and McKee, Kevin R and Leibo, Joel Z and Larson, Kate and Graepel, Thore},
  journal={arXiv preprint arXiv:2012.08630},
  year={2020}
}

@article{zheng2022ai,
  title={The AI Economist: Taxation policy design via two-level deep multiagent reinforcement learning},
  author={Zheng, Stephan and Trott, Alexander and Srinivasa, Sunil and Parkes, David C and Socher, Richard},
  journal={Science advances},
  volume={8},
  number={18},
  pages={eabk2607},
  year={2022},
  publisher={American Association for the Advancement of Science}
}

@inproceedings{wang2024carbon,
  title={Carbon Market Simulation with Adaptive Mechanism Design},
  author={Wang, Han and Li, Wenhao and Zha, Hongyuan and Wang, Baoxiang},
  booktitle={IJCAI Demostrations Track},
  year={2024}
}

@inproceedings{hua2023learning,
  title={Learning Optimal" Pigovian Tax" in Sequential Social Dilemmas},
  author={Hua, Yun and Gao, Shang and Li, Wenhao and Jin, Bo and Wang, Xiangfeng and Zha, Hongyuan},
  booktitle={AAMAS},
  year={2023}
}

@inproceedings{bernasconi2022sequential,
  title={Sequential information design: Learning to persuade in the dark},
  author={Bernasconi, Martino and Castiglioni, Matteo and Marchesi, Alberto and Gatti, Nicola and Trov{\`o}, Francesco},
  booktitle={NeurIPS},
  year={2022}
}

@article{bergemann2019information,
  title={Information design: A unified perspective},
  author={Bergemann, Dirk and Morris, Stephen},
  journal={Journal of Economic Literature},
  volume={57},
  number={1},
  pages={44--95},
  year={2019},
  publisher={American Economic Association 2014 Broadway, Suite 305, Nashville, TN 37203-2425}
}

@inproceedings{foerster2016learning,
  title={Learning to communicate with deep multi-agent reinforcement learning},
  author={Foerster, Jakob and Assael, Ioannis Alexandros and De Freitas, Nando and Whiteson, Shimon},
  booktitle={NeurIPS},
  year={2016}
}

@article{zhu2022survey,
  title={A survey of multi-agent reinforcement learning with communication},
  author={Zhu, Changxi and Dastani, Mehdi and Wang, Shihan},
  journal={arXiv preprint arXiv:2203.08975},
  year={2022}
}

@article{sheng2022learning,
  title={Learning structured communication for multi-agent reinforcement learning},
  author={Sheng, Junjie and Wang, Xiangfeng and Jin, Bo and Yan, Junchi and Li, Wenhao and Chang, Tsung-Hui and Wang, Jun and Zha, Hongyuan},
  journal={Autonomous Agents and Multi-Agent Systems},
  volume={36},
  number={2},
  pages={50},
  year={2022},
  publisher={Springer}
}

@inproceedings{
lo2023cheap,
title={Cheap Talk Discovery and Utilization in Multi-Agent Reinforcement Learning},
author={Yat Long Lo and Christian Schroeder de Witt and Samuel Sokota and Jakob Nicolaus Foerster and Shimon Whiteson},
booktitle={ICLR},
year={2023},
url={https://openreview.net/forum?id=cddbeL1HWaD}
}

@article{mccloskey1995one,
  title={One quarter of GDP is persuasion},
  author={McCloskey, Donald and Klamer, Arjo},
  journal={The American Economic Review},
  volume={85},
  number={2},
  pages={191--195},
  year={1995},
  publisher={JSTOR}
}

@article{antioch2013persuasion,
  title={Persuasion is now 30 per cent of US GDP: Revisiting McCloskey and Klamer after a quarter of a century},
  author={Antioch, Gerry},
  journal={Economic Round-up},
  pages={1--10},
  year={2013}
}

@article{boleslavsky2015grading,
  title={Grading standards and education quality},
  author={Boleslavsky, Raphael and Cotton, Christopher},
  journal={American Economic Journal: Microeconomics},
  volume={7},
  number={2},
  pages={248--279},
  year={2015},
  publisher={American Economic Association 2014 Broadway, Suite 305, Nashville, TN 37203-2425}
}

@article{lazear2006speeding,
  title={Speeding, terrorism, and teaching to the test},
  author={Lazear, Edward P},
  journal={The Quarterly Journal of Economics},
  volume={121},
  number={3},
  pages={1029--1061},
  year={2006},
  publisher={MIT Press}
}

@article{yoder2022designing,
  title={Designing incentives for heterogeneous researchers},
  author={Yoder, Nathan},
  journal={Journal of Political Economy},
  volume={130},
  number={8},
  pages={2018--2054},
  year={2022},
  publisher={The University of Chicago Press Chicago, IL}
}

@article{romanyuk2019cream,
  title={Cream skimming and information design in matching markets},
  author={Romanyuk, Gleb and Smolin, Alex},
  journal={American Economic Journal: Microeconomics},
  volume={11},
  number={2},
  pages={250--276},
  year={2019},
  publisher={American Economic Association 2014 Broadway, Suite 305, Nashville, TN 37203-2425}
}

@inproceedings{das2017reducing,
  title={Reducing congestion through information design},
  author={Das, Sanmay and Kamenica, Emir and Mirka, Renee},
  booktitle={2017 55th annual allerton conference on communication, control, and computing (allerton)},
  pages={1279--1284},
  year={2017},
  organization={IEEE}
}

@article{bergemann2013robust,
  title={Robust predictions in games with incomplete information},
  author={Bergemann, Dirk and Morris, Stephen},
  journal={Econometrica},
  volume={81},
  number={4},
  pages={1251--1308},
  year={2013},
  publisher={Wiley Online Library}
}

@article{kolotilin2018optimal,
  title={Optimal information disclosure: A linear programming approach},
  author={Kolotilin, Anton},
  journal={Theoretical Economics},
  volume={13},
  number={2},
  pages={607--635},
  year={2018},
  publisher={Wiley Online Library}
}

@article{dworczak2019simple,
  title={The simple economics of optimal persuasion},
  author={Dworczak, Piotr and Martini, Giorgio},
  journal={Journal of Political Economy},
  volume={127},
  number={5},
  pages={1993--2048},
  year={2019},
  publisher={The University of Chicago Press Chicago, IL}
}

@article{koessler2023informed,
  title={Informed information design},
  author={Koessler, Fr{\'e}d{\'e}ric and Skreta, Vasiliki},
  journal={Journal of Political Economy},
  volume={131},
  number={11},
  pages={3186--3232},
  year={2023},
  publisher={The University of Chicago Press Chicago, IL}
}

@inproceedings{bacchiocchi2024markov,
  title={Markov Persuasion Processes: How to Persuade Multiple Agents From Scratch},
  author={Bacchiocchi, Francesco and Stradi, Francesco Emanuele and Castiglioni, Matteo and Gatti, Nicola and Marchesi, Alberto},
  booktitle={ICML Workshop: Aligning Reinforcement Learning Experimentalists and Theorists},
  year={2024}
}

@article{dughmi2017algorithmic,
  title={Algorithmic information structure design: a survey},
  author={Dughmi, Shaddin},
  journal={ACM SIGecom Exchanges},
  volume={15},
  number={2},
  pages={2--24},
  year={2017},
  publisher={ACM New York, NY, USA}
}

@article{zhao2023survey,
  title={A survey of large language models},
  author={Zhao, Wayne Xin and Zhou, Kun and Li, Junyi and Tang, Tianyi and Wang, Xiaolei and Hou, Yupeng and Min, Yingqian and Zhang, Beichen and Zhang, Junjie and Dong, Zican and others},
  journal={arXiv preprint arXiv:2303.18223},
  year={2023}
}

@article{myerson1979incentive,
  title={Incentive compatibility and the bargaining problem},
  author={Myerson, Roger B},
  journal={Econometrica: journal of the Econometric Society},
  pages={61--73},
  year={1979},
  publisher={JSTOR}
}

@article{yang2020overview,
  title={An overview of multi-agent reinforcement learning from game theoretical perspective},
  author={Yang, Yaodong and Wang, Jun},
  journal={arXiv preprint arXiv:2011.00583},
  year={2020}
}

@article{zhang2021multi,
  title={Multi-agent reinforcement learning: A selective overview of theories and algorithms},
  author={Zhang, Kaiqing and Yang, Zhuoran and Ba{\c{s}}ar, Tamer},
  journal={Handbook of reinforcement learning and control},
  pages={321--384},
  year={2021},
  publisher={Springer}
}

@article{bighashdel2024policy,
  title={Policy Space Response Oracles: A Survey},
  author={Bighashdel, Ariyan and Wang, Yongzhao and McAleer, Stephen and Savani, Rahul and Oliehoek, Frans A},
  journal={arXiv preprint arXiv:2403.02227},
  year={2024}
}

@article{tuyls2012multiagent,
  title={Multiagent learning: Basics, challenges, and prospects},
  author={Tuyls, Karl and Weiss, Gerhard},
  journal={Ai Magazine},
  volume={33},
  number={3},
  pages={41--41},
  year={2012}
}

@inproceedings{czarnecki2020real,
  title={Real world games look like spinning tops},
  author={Czarnecki, Wojciech M and Gidel, Gauthier and Tracey, Brendan and Tuyls, Karl and Omidshafiei, Shayegan and Balduzzi, David and Jaderberg, Max},
  booktitle={NeurIPS},
  year={2020}
}

@article{sanjaya2022measuring,
  title={Measuring the non-transitivity in chess},
  author={Sanjaya, Ricky and Wang, Jun and Yang, Yaodong},
  journal={Algorithms},
  volume={15},
  number={5},
  pages={152},
  year={2022},
  publisher={MDPI}
}

@inproceedings{lanctot2017unified,
  title={A unified game-theoretic approach to multiagent reinforcement learning},
  author={Lanctot, Marc and Zambaldi, Vinicius and Gruslys, Audrunas and Lazaridou, Angeliki and Tuyls, Karl and P{\'e}rolat, Julien and Silver, David and Graepel, Thore},
  booktitle={NeurIPS},
  year={2017}
}

@inproceedings{ng1999policy,
  title={Policy invariance under reward transformations: Theory and application to reward shaping},
  author={Ng, Andrew Y and Harada, Daishi and Russell, Stuart},
  booktitle={ICML},
  year={1999}
}

@inproceedings{gupta2022unpacking,
  title={Unpacking reward shaping: Understanding the benefits of reward engineering on sample complexity},
  author={Gupta, Abhishek and Pacchiano, Aldo and Zhai, Yuexiang and Kakade, Sham and Levine, Sergey},
  booktitle={NeurIPS},
  year={2022}
}

@inproceedings{rabinowitz2018machine,
  title={Machine theory of mind},
  author={Rabinowitz, Neil and Perbet, Frank and Song, Francis and Zhang, Chiyuan and Eslami, SM Ali and Botvinick, Matthew},
  booktitle={ICML},
  year={2018},
  organization={PMLR}
}

@article{albrecht2018autonomous,
  title={Autonomous agents modelling other agents: A comprehensive survey and open problems},
  author={Albrecht, Stefano V and Stone, Peter},
  journal={Artificial Intelligence},
  volume={258},
  pages={66--95},
  year={2018},
  publisher={Elsevier}
}

@article{han2024parameter,
  title={Parameter-efficient fine-tuning for large models: A comprehensive survey},
  author={Han, Zeyu and Gao, Chao and Liu, Jinyang and Zhang, Sai Qian and others},
  journal={arXiv preprint arXiv:2403.14608},
  year={2024}
}

@article{xu2023parameter,
  title={Parameter-efficient fine-tuning methods for pretrained language models: A critical review and assessment},
  author={Xu, Lingling and Xie, Haoran and Qin, Si-Zhao Joe and Tao, Xiaohui and Wang, Fu Lee},
  journal={arXiv preprint arXiv:2312.12148},
  year={2023}
}

@inproceedings{zelikman2022star,
  title={Star: Bootstrapping reasoning with reasoning},
  author={Zelikman, Eric and Wu, Yuhuai and Mu, Jesse and Goodman, Noah},
  booktitle={NeurIPS},
  year={2022}
}

@article{zelikman2024quiet,
  title={Quiet-star: Language models can teach themselves to think before speaking},
  author={Zelikman, Eric and Harik, Georges and Shao, Yijia and Jayasiri, Varuna and Haber, Nick and Goodman, Noah D},
  journal={arXiv preprint arXiv:2403.09629},
  year={2024}
}

@misc{o1,
  author       = {OpenAI},
  title        = {Learning to Reason with LLMs},
  howpublished = {\url{https://openai.com/index/learning-to-reason-with-llms/}},
  year         = {2024},
  note         = {Accessed: 2024-10-02}
}

@inproceedings{aitchison2021learning,
  title={Learning to deceive in multi-agent hidden role games},
  author={Aitchison, Matthew and Benke, Lyndon and Sweetser, Penny},
  booktitle={International Workshop on Deceptive AI},
  year={2021},
}

@inproceedings{kojima2022large,
  title={Large language models are zero-shot reasoners},
  author={Kojima, Takeshi and Gu, Shixiang Shane and Reid, Machel and Matsuo, Yutaka and Iwasawa, Yusuke},
  booktitle={NeurIPS},
  year={2022}
}

@article{liu2023llm+,
  title={Llm+ p: Empowering large language models with optimal planning proficiency},
  author={Liu, Bo and Jiang, Yuqian and Zhang, Xiaohan and Liu, Qiang and Zhang, Shiqi and Biswas, Joydeep and Stone, Peter},
  journal={arXiv preprint arXiv:2304.11477},
  year={2023}
}

@article{lore2023strategic,
  title={Strategic behavior of large language models: Game structure vs. contextual framing},
  author={Lor{\`e}, Nunzio and Heydari, Babak},
  journal={arXiv preprint arXiv:2309.05898},
  year={2023}
}

@article{gandhi2023strategic,
  title={Strategic reasoning with language models},
  author={Gandhi, Kanishk and Sadigh, Dorsa and Goodman, Noah D},
  journal={arXiv preprint arXiv:2305.19165},
  year={2023}
}

@inproceedings{
jacob2024the,
title={The Consensus Game: Language Model Generation via Equilibrium Search},
author={Athul Paul Jacob and Yikang Shen and Gabriele Farina and Jacob Andreas},
booktitle={ICLR},
year={2024},
url={https://openreview.net/forum?id=n9xeGcI4Yg}
}

@article{akata2023playing,
  title={Playing repeated games with large language models},
  author={Akata, Elif and Schulz, Lion and Coda-Forno, Julian and Oh, Seong Joon and Bethge, Matthias and Schulz, Eric},
  journal={arXiv preprint arXiv:2305.16867},
  year={2023}
}

@article{chen2023put,
  title={Put your money where your mouth is: Evaluating strategic planning and execution of llm agents in an auction arena},
  author={Chen, Jiangjie and Yuan, Siyu and Ye, Rong and Majumder, Bodhisattwa Prasad and Richardson, Kyle},
  journal={arXiv preprint arXiv:2310.05746},
  year={2023}
}

@inproceedings{jarrett2023language,
  title={Language agents as digital representatives in collective decision-making},
  author={Jarrett, Daniel and Pislar, Miruna and Bakker, Michiel A and Tessler, Michael Henry and Koster, Raphael and Balaguer, Jan and Elie, Romuald and Summerfield, Christopher and Tacchetti, Andrea},
  booktitle={NeurIPS Foundation Models for Decision Making Workshop},
  year={2023}
}

@inproceedings{fan2024can,
  title={Can large language models serve as rational players in game theory? a systematic analysis},
  author={Fan, Caoyun and Chen, Jindou and Jin, Yaohui and He, Hao},
  booktitle={AAAI},
  year={2024}
}

@article{mao2023alympics,
  title={Alympics: Language agents meet game theory},
  author={Mao, Shaoguang and Cai, Yuzhe and Xia, Yan and Wu, Wenshan and Wang, Xun and Wang, Fengyi and Ge, Tao and Wei, Furu},
  journal={arXiv preprint arXiv:2311.03220},
  year={2023}
}

@article{silva2024large,
  title={Large Language Models Playing Mixed Strategy Nash Equilibrium Games},
  author={Silva, Alonso},
  journal={arXiv preprint arXiv:2406.10574},
  year={2024}
}

@article{zhang2024llm,
  title={LLM as a Mastermind: A Survey of Strategic Reasoning with Large Language Models},
  author={Zhang, Yadong and Mao, Shaoguang and Ge, Tao and Wang, Xun and de Wynter, Adrian and Xia, Yan and Wu, Wenshan and Song, Ting and Lan, Man and Wei, Furu},
  journal={arXiv preprint arXiv:2404.01230},
  year={2024}
}

@inproceedings{xu2023magic,
  title={Magic: Investigation of large language model powered multi-agent in cognition, adaptability, rationality and collaboration},
  author={Xu, Lin and Hu, Zhiyuan and Zhou, Daquan and Ren, Hongyu and Dong, Zhen and Keutzer, Kurt and Ng, See-Kiong and Feng, Jiashi},
  booktitle={ICLR Workshop on Large Language Model (LLM) Agents},
  year={2024}
}

@article{zhang2024k,
  title={K-Level Reasoning with Large Language Models},
  author={Zhang, Yadong and Mao, Shaoguang and Ge, Tao and Wang, Xun and Xia, Yan and Lan, Man and Wei, Furu},
  journal={arXiv preprint arXiv:2402.01521},
  year={2024}
}

@article{huang2024far,
  title={How Far Are We on the Decision-Making of LLMs? Evaluating LLMs' Gaming Ability in Multi-Agent Environments},
  author={Huang, Jen-tse and Li, Eric John and Lam, Man Ho and Liang, Tian and Wang, Wenxuan and Yuan, Youliang and Jiao, Wenxiang and Wang, Xing and Tu, Zhaopeng and Lyu, Michael R},
  journal={arXiv preprint arXiv:2403.11807},
  year={2024}
}

@article{ma2023red,
  title={Red teaming game: A game-theoretic framework for red teaming language models},
  author={Ma, Chengdong and Yang, Ziran and Gao, Minquan and Ci, Hai and Gao, Jun and Pan, Xuehai and Yang, Yaodong},
  journal={arXiv preprint arXiv:2310.00322},
  year={2023}
}

@inproceedings{agnew2024illusion,
  title={The illusion of artificial inclusion},
  author={Agnew, William and Bergman, A Stevie and Chien, Jennifer and D{\'\i}az, Mark and El-Sayed, Seliem and Pittman, Jaylen and Mohamed, Shakir and McKee, Kevin R},
  booktitle={CHI},
  year={2024}
}

@article{koessler2022interactive,
  title={Interactive information design},
  author={Koessler, Fr{\'e}d{\'e}ric and Laclau, Marie and Tomala, Tristan},
  journal={Mathematics of Operations Research},
  volume={47},
  number={1},
  pages={153--175},
  year={2022},
  publisher={INFORMS}
}

@article{koessler2022long,
  title={Long information design},
  author={Koessler, Frederic and Laclau, Marie and Renault, J{\'e}r{\^o}me and Tomala, Tristan},
  journal={Theoretical Economics},
  volume={17},
  number={2},
  pages={883--927},
  year={2022},
  publisher={Wiley Online Library}
}

@inproceedings{castiglioni2021multi,
  title={Multi-receiver online bayesian persuasion},
  author={Castiglioni, Matteo and Marchesi, Alberto and Celli, Andrea and Gatti, Nicola},
  booktitle={ICML},
  year={2021},
  organization={PMLR}
}

@inproceedings{hossain2024multi,
  title={Multi-Sender Persuasion--A Computational Perspective},
  author={Hossain, Safwan and Wang, Tonghan and Lin, Tao and Chen, Yiling and Parkes, David C and Xu, Haifeng},
  booktitle={ICML},
  year={2024}
}

@article{bai2024efficient,
  title={Efficient Model-agnostic Alignment via Bayesian Persuasion},
  author={Bai, Fengshuo and Wang, Mingzhi and Zhang, Zhaowei and Chen, Boyuan and Xu, Yinda and Wen, Ying and Yang, Yaodong},
  journal={arXiv preprint arXiv:2405.18718},
  year={2024}
}

@inproceedings{wellman2006methods,
  title={Methods for empirical game-theoretic analysis},
  author={Wellman, Michael P},
  booktitle={AAAI},
  year={2006}
}

@article{tao2024survey,
  title={A survey on self-evolution of large language models},
  author={Tao, Zhengwei and Lin, Ting-En and Chen, Xiancai and Li, Hangyu and Wu, Yuchuan and Li, Yongbin and Jin, Zhi and Huang, Fei and Tao, Dacheng and Zhou, Jingren},
  journal={arXiv preprint arXiv:2404.14387},
  year={2024}
}

@inproceedings{
huang2023large,
title={Large Language Models Can Self-Improve},
author={Jiaxin Huang and Shixiang Shane Gu and Le Hou and Yuexin Wu and Xuezhi Wang and Hongkun Yu and Jiawei Han},
booktitle={EMNLP},
year={2023}
}

@article{crawford1982strategic,
  title={Strategic information transmission},
  author={Crawford, Vincent P and Sobel, Joel},
  journal={Econometrica: Journal of the Econometric Society},
  pages={1431--1451},
  year={1982},
  publisher={JSTOR}
}

@article{hua2024game,
  title={Game-theoretic LLM: Agent Workflow for Negotiation Games},
  author={Hua, Wenyue and Liu, Ollie and Li, Lingyao and Amayuelas, Alfonso and Chen, Julie and Jiang, Lucas and Jin, Mingyu and Fan, Lizhou and Sun, Fei and Wang, William and others},
  journal={arXiv preprint arXiv:2411.05990},
  year={2024}
}

@article{guo2024can,
  title={Can large language models play games? a case study of a self-play approach},
  author={Guo, Hongyi and Liu, Zhihan and Zhang, Yufeng and Wang, Zhaoran},
  journal={arXiv preprint arXiv:2403.05632},
  year={2024}
}

@article{guo2025deepseek,
  title={DeepSeek-R1: Incentivizing Reasoning Capability in LLMs via Reinforcement Learning},
  author={Guo, Daya and Yang, Dejian and Zhang, Haowei and Song, Junxiao and Zhang, Ruoyu and Xu, Runxin and Zhu, Qihao and Ma, Shirong and Wang, Peiyi and Bi, Xiao and others},
  journal={arXiv preprint arXiv:2501.12948},
  year={2025}
}

@article{lore2024strategic,
  title={Strategic behavior of large language models and the role of game structure versus contextual framing},
  author={Lor{\`e}, Nunzio and Heydari, Babak},
  journal={Scientific Reports},
  volume={14},
  number={1},
  pages={18490},
  year={2024},
  publisher={Nature Publishing Group UK London}
}

@article{duan2024gtbench,
  title={Gtbench: Uncovering the strategic reasoning limitations of llms via game-theoretic evaluations},
  author={Duan, Jinhao and Zhang, Renming and Diffenderfer, James and Kailkhura, Bhavya and Sun, Lichao and Stengel-Eskin, Elias and Bansal, Mohit and Chen, Tianlong and Xu, Kaidi},
  journal={arXiv preprint arXiv:2402.12348},
  year={2024}
}