@inproceedings{LeCun2010unroll,
  title={Learning fast approximations of sparse coding},
  author={Gregor, Karol and LeCun, Yann},
  booktitle={Proceedings of the 27th international conference on international conference on machine learning},
  pages={399--406},
  year={2010}
}

@article{aggarwal2018modl,
  title={{MoDL}: Model-based deep learning architecture for inverse problems},
  author={Aggarwal, Hemant K and Mani, Merry P and Jacob, Mathews},
  journal={IEEE Trans Med Imaging},
  volume={38},
  number={2},
  pages={394--405},
  year={2018},
  publisher={IEEE}
}

@article{beck2009fast,
  title={A fast iterative shrinkage-thresholding algorithm for linear inverse problems},
  author={Beck, Amir and Teboulle, Marc},
  journal={SIAM journal on imaging sciences},
  volume={2},
  number={1},
  pages={183--202},
  year={2009},
  publisher={SIAM}
}

@article{boyd2011distributed,
  title={Distributed optimization and statistical learning via the alternating direction method of multipliers},
  author={Boyd, Stephen and Parikh, Neal and Chu, Eric and Peleato, Borja and Eckstein, Jonathan and others},
  journal={Foundations and Trends{\textregistered} in Machine learning},
  volume={3},
  number={1},
  pages={1--122},
  year={2011},
  publisher={Now Publishers, Inc.}
}

@article{chen2023soul,
  title={{SOUL-Net}: A sparse and low-rank unrolling network for spectral {CT} image reconstruction},
  author={Chen, Xiang and Xia, Wenjun and Yang, Ziyuan and Chen, Hu and Liu, Yan and Zhou, Jiliu and Wang, Zhe and Chen, Yang and Wen, Bihan and Zhang, Yi},
  journal={IEEE Transactions on Neural Networks and Learning Systems},
  year={2023},
  publisher={IEEE}
}

@article{donoho1995noising,
  title={De-noising by soft-thresholding},
  author={Donoho, David L},
  journal={IEEE transactions on information theory},
  volume={41},
  number={3},
  pages={613--627},
  year={1995},
  publisher={IEEE}
}

@article{fabian2022humus,
  title={{HUMUS-Net}: Hybrid unrolled multi-scale network architecture for accelerated {MRI} reconstruction},
  author={Fabian, Zalan and Tinaz, Berk and Soltanolkotabi, Mahdi},
  journal={Advances in Neural Information Processing Systems},
  volume={35},
  pages={25306--25319},
  year={2022}
}

@article{huang2021deep,
  title={Deep low-rank plus sparse network for dynamic {MR} imaging},
  author={Huang, Wenqi and Ke, Ziwen and Cui, Zhuo-Xu and Cheng, Jing and Qiu, Zhilang and Jia, Sen and Ying, Leslie and Zhu, Yanjie and Liang, Dong},
  journal={Medical Image Analysis},
  volume={73},
  pages={102190},
  year={2021},
  publisher={Elsevier}
}

@article{liang2020deep,
  title={Deep magnetic resonance image reconstruction: Inverse problems meet neural networks},
  author={Liang, Dong and Cheng, Jing and Ke, Ziwen and Ying, Leslie},
  journal={IEEE Signal Processing Magazine},
  volume={37},
  number={1},
  pages={141--151},
  year={2020},
  publisher={IEEE}
}

@article{monga2021algorithm,
  title={Algorithm unrolling: Interpretable, efficient deep learning for signal and image processing},
  author={Monga, Vishal and Li, Yuelong and Eldar, Yonina C},
  journal={IEEE Signal Processing Magazine},
  volume={38},
  number={2},
  pages={18--44},
  year={2021},
  publisher={IEEE}
}

@article{muckley2021results,
  title={Results of the 2020 {fastMRI} challenge for machine learning {MR} image reconstruction},
  author={Muckley, Matthew J and Riemenschneider, Bruno and others},
  journal={IEEE Trans Med Imaging},
  volume={40},
  number={9},
  pages={2306--2317},
  year={2021},
  publisher={IEEE}
}

@article{ref_DCCNN,
  title={A deep cascade of convolutional neural networks for dynamic {MR} image reconstruction},
  author={Schlemper, Jo and Caballero, Jose and Hajnal, Joseph V and Price, Anthony N and Rueckert, Daniel},
  journal={IEEE Trans Med Imaging},
  volume={37},
  number={2},
  pages={491--503},
  year={2017},
  publisher={IEEE}
}

@inproceedings{ref_ISTANET,
  title={{ISTA-Net}: Interpretable optimization-inspired deep network for image compressive sensing},
  author={Zhang, Jian and Ghanem, Bernard},
  booktitle={IEEE CVPR conference},
  pages={1828--1837},
  year={2018}
}

@article{ref_slrnet,
  title={Learned low-rank priors in dynamic {MR} imaging},
  author={Ke, Ziwen and Huang, Wenqi and Cui, Zhuo-Xu and Cheng, Jing and Jia, Sen and Wang, Haifeng and Liu, Xin and Zheng, Hairong and Ying, Leslie and Zhu, Yanjie and others},
  journal={IEEE Trans Med Imaging},
  volume={40},
  number={12},
  pages={3698--3710},
  year={2021},
  publisher={IEEE}
}

@article{ref_tsvd,
  title={Factorization strategies for third-order tensors},
  author={Kilmer, Misha E and Martin, Carla D},
  journal={Linear Algebra and its Applications},
  volume={435},
  number={3},
  pages={641--658},
  year={2011},
  publisher={Elsevier}
}

@inproceedings{sriram2020end,
  title={End-to-end variational networks for accelerated {MRI} reconstruction},
  author={Sriram, Anuroop and Zbontar, Jure and Murrell, Tullie and Defazio, Aaron and Zitnick, C Lawrence and Yakubova, Nafissa and Knoll, Florian and Johnson, Patricia},
  booktitle={Medical Image Computing and Computer Assisted Intervention--MICCAI 2020: 23rd International Conference, Lima, Peru, October 4--8, 2020, Proceedings, Part II 23},
  pages={64--73},
  year={2020},
  organization={Springer}
}

@article{vornehm2025cinevn,
  title={CineVN: Variational network reconstruction for rapid functional cardiac cine MRI},
  author={Vornehm, Marc and Wetzl, Jens and Giese, Daniel and F{\"u}rnrohr, Florian and Pang, Jianing and Chow, Kelvin and Gebker, Rolf and Ahmad, Rizwan and Knoll, Florian},
  journal={Magnetic Resonance in Medicine},
  volume={93},
  number={1},
  pages={138--150},
  year={2025},
  publisher={Wiley Online Library}
}

@article{xiang2021fista,
  title={{FISTA-Net}: Learning a fast iterative shrinkage thresholding network for inverse problems in imaging},
  author={Xiang, Jinxi and Dong, Yonggui and Yang, Yunjie},
  journal={IEEE Transactions on Medical Imaging},
  volume={40},
  number={5},
  pages={1329--1339},
  year={2021},
  publisher={IEEE}
}

@INPROCEEDINGS{zhang2023tlr,
  author={Zhang, Yinghao and Li, Peng and Hu, Yue},
  booktitle={2023 IEEE 20th International Symposium on Biomedical Imaging}, 
  title={Dynamic {MRI} Using Learned Transform-Based Tensor Low-Rank Network ({LT2LR-NET})}, 
  year={2023},
  volume={},
  number={},
  pages={1-4},
  doi={10.1109/ISBI53787.2023.10230437}}

@article{zhang2024t2lr,
  title={{T$^2$LR-Net}: An unrolling network learning transformed tensor low-rank prior for dynamic {MR} image reconstruction},
  author={Zhang, Yinghao and Li, Peng and Hu, Yue},
  journal={Computers in Biology and Medicine},
  pages={108034},
  year={2024},
  publisher={Elsevier}
}

@inproceedings{zhong2024jslrnet,
  title={{JSLRNet}: Joint Sparse and Low-Rank Unfolding Network for {MR} Image Reconstruction},
  author={Zhong, Yuxiang and Huang, Meiyong and Li, Junjie and Wang, Yunling and Hu, Zhanli and Li, Ye and Liang, Dong and Zheng, Hairong and Zhang, Na},
  booktitle={Medical Imaging with Deep Learning},
  year={2024}
}

