@article{huang2011composite,
  title={Composite splitting algorithms for convex optimization},
  author={Huang, Junzhou and Zhang, Shaoting and Li, Hongsheng and Metaxas, Dimitris},
  journal={Computer Vision and Image Understanding},
  volume={115},
  number={12},
  pages={1610--1622},
  year={2011},
  publisher={Elsevier}
}

@article{combettes2008proximal,
  title={A proximal decomposition method for solving convex variational inverse problems},
  author={Combettes, Patrick L and Pesquet, Jean-Christophe},
  journal={Inverse problems},
  volume={24},
  number={6},
  pages={065014},
  year={2008},
  publisher={IOP Publishing}
}


@article{muckley2021results,
  title={Results of the 2020 {fastMRI} challenge for machine learning {MR} image reconstruction},
  author={Muckley, Matthew J and Riemenschneider, Bruno and others},
  journal={IEEE Trans Med Imaging},
  volume={40},
  number={9},
  pages={2306--2317},
  year={2021},
  publisher={IEEE}
}

@article{lustig2008compressed,
  title={Compressed sensing {MRI}},
  author={Lustig, Michael and Donoho, David L and Santos, Juan M and Pauly, John M},
  journal={IEEE signal processing magazine},
  volume={25},
  number={2},
  pages={72--82},
  year={2008},
  publisher={IEEE}
}

@article{lustig2007sparse,
  title={Sparse {MRI}: The application of compressed sensing for rapid {MR} imaging},
  author={Lustig, Michael and Donoho, David and Pauly, John M},
  journal={Magnetic Resonance in Medicine},
  volume={58},
  number={6},
  pages={1182--1195},
  year={2007},
  publisher={Wiley Online Library}
}

@article{boyd2011distributed,
  title={Distributed optimization and statistical learning via the alternating direction method of multipliers},
  author={Boyd, Stephen and Parikh, Neal and Chu, Eric and Peleato, Borja and Eckstein, Jonathan and others},
  journal={Foundations and Trends{\textregistered} in Machine learning},
  volume={3},
  number={1},
  pages={1--122},
  year={2011},
  publisher={Now Publishers, Inc.}
}

@article{jung2009k,
  title={{k-t FOCUSS}: a general compressed sensing framework for high resolution dynamic {MRI}},
  author={Jung, Hong and Sung, Kyunghyun and Nayak, Krishna S and Kim, Eung Yeop and Ye, Jong Chul},
  journal={Magnetic Resonance in Medicine},
  volume={61},
  number={1},
  pages={103--116},
  year={2009},
  publisher={Wiley Online Library}
}

@article{ravishankar2010mr,
  title={{MR} image reconstruction from highly undersampled k-space data by dictionary learning},
  author={Ravishankar, Saiprasad and Bresler, Yoram},
  journal={IEEE transactions on medical imaging},
  volume={30},
  number={5},
  pages={1028--1041},
  year={2010},
  publisher={IEEE}
}

@article{huang2011efficient,
  title={Efficient {MR} image reconstruction for compressed {MR} imaging},
  author={Huang, Junzhou and Zhang, Shaoting and Metaxas, Dimitris},
  journal={Medical Image Analysis},
  volume={15},
  number={5},
  pages={670--679},
  year={2011},
  publisher={Elsevier}
}

@article{lingala2011accelerated,
  title={Accelerated dynamic {MRI} exploiting sparsity and low-rank structure: {k-t SLR}},
  author={Lingala, Sajan Goud and Hu, Yue and DiBella, Edward and Jacob, Mathews},
  journal={IEEE Trans Med Imaging},
  volume={30},
  number={5},
  pages={1042--1054},
  year={2011},
  publisher={IEEE}
}

@inproceedings{liang2007spatiotemporal,
  title={Spatiotemporal imagingwith partially separable functions},
  author={Liang, Zhi-Pei},
  booktitle={2007 4th IEEE international symposium on biomedical imaging: from nano to macro},
  pages={988--991},
  year={2007},
  organization={IEEE}
}

@inproceedings{trzasko2013exploiting,
  title={Exploiting local low-rank structure in higher-dimensional {MRI} applications},
  author={Trzasko, Joshua D},
  booktitle={Wavelets and Sparsity XV},
  volume={8858},
  pages={551--558},
  year={2013},
  organization={SPIE}
}

@article{he2016accelerated,
  title={Accelerated high-dimensional {MR} imaging with sparse sampling using low-rank tensors},
  author={He, Jingfei and Liu, Qiegen and Christodoulou, Anthony G and Ma, Chao and Lam, Fan and Liang, Zhi-Pei},
  journal={IEEE Trans Med Imaging},
  volume={35},
  number={9},
  pages={2119--2129},
  year={2016},
  publisher={IEEE}
}

@article{wang2022one,
  title={One-dimensional deep low-rank and sparse network for accelerated {MRI}},
  author={Wang, Zi and Qian, Chen and Guo, Di and Sun, Hongwei and Li, Rushuai and Zhao, Bo and Qu, Xiaobo},
  journal={IEEE Transactions on Medical Imaging},
  volume={42},
  number={1},
  pages={79--90},
  year={2022},
  publisher={IEEE}
}

@article{hu2011fast,
  title={A fast majorize--minimize algorithm for the recovery of sparse and low-rank matrices},
  author={Hu, Yue and Lingala, Sajan Goud and Jacob, Mathews},
  journal={IEEE Transactions on Image Processing},
  volume={21},
  number={2},
  pages={742--753},
  year={2011},
  publisher={IEEE}
}


@article{otazo2015low,
  title={Low-rank plus sparse matrix decomposition for accelerated dynamic {MRI} with separation of background and dynamic components},
  author={Otazo, Ricardo and Candes, Emmanuel and Sodickson, Daniel K},
  journal={Magnetic resonance in medicine},
  volume={73},
  number={3},
  pages={1125--1136},
  year={2015},
  publisher={Wiley Online Library}
}

@article{afonso2010admm,
  title={Fast image recovery using variable splitting and constrained optimization},
  author={Afonso, Manya V and Bioucas-Dias, Jos{\'e} M and Figueiredo, M{\'a}rio AT},
  journal={IEEE Trans Image Processing},
  volume={19},
  number={9},
  pages={2345--2356},
  year={2010},
  publisher={IEEE}
}

@article{beck2009fast,
  title={A fast iterative shrinkage-thresholding algorithm for linear inverse problems},
  author={Beck, Amir and Teboulle, Marc},
  journal={SIAM journal on imaging sciences},
  volume={2},
  number={1},
  pages={183--202},
  year={2009},
  publisher={SIAM}
}

@article{donoho1995noising,
  title={De-noising by soft-thresholding},
  author={Donoho, David L},
  journal={IEEE transactions on information theory},
  volume={41},
  number={3},
  pages={613--627},
  year={1995},
  publisher={IEEE}
}

@inproceedings{LeCun2010unroll,
  title={Learning fast approximations of sparse coding},
  author={Gregor, Karol and LeCun, Yann},
  booktitle={Proceedings of the 27th international conference on international conference on machine learning},
  pages={399--406},
  year={2010}
}

@article{monga2021algorithm,
  title={Algorithm unrolling: Interpretable, efficient deep learning for signal and image processing},
  author={Monga, Vishal and Li, Yuelong and Eldar, Yonina C},
  journal={IEEE Signal Processing Magazine},
  volume={38},
  number={2},
  pages={18--44},
  year={2021},
  publisher={IEEE}
}

@article{liang2020deep,
  title={Deep magnetic resonance image reconstruction: Inverse problems meet neural networks},
  author={Liang, Dong and Cheng, Jing and Ke, Ziwen and Ying, Leslie},
  journal={IEEE Signal Processing Magazine},
  volume={37},
  number={1},
  pages={141--151},
  year={2020},
  publisher={IEEE}
}

@inproceedings{ref_ISTANET,
  title={{ISTA-Net}: Interpretable optimization-inspired deep network for image compressive sensing},
  author={Zhang, Jian and Ghanem, Bernard},
  booktitle={IEEE CVPR conference},
  pages={1828--1837},
  year={2018}
}

@article{ref_DCCNN,
  title={A deep cascade of convolutional neural networks for dynamic {MR} image reconstruction},
  author={Schlemper, Jo and Caballero, Jose and Hajnal, Joseph V and Price, Anthony N and Rueckert, Daniel},
  journal={IEEE Trans Med Imaging},
  volume={37},
  number={2},
  pages={491--503},
  year={2017},
  publisher={IEEE}
}

@inproceedings{sriram2020end,
  title={End-to-end variational networks for accelerated {MRI} reconstruction},
  author={Sriram, Anuroop and Zbontar, Jure and Murrell, Tullie and Defazio, Aaron and Zitnick, C Lawrence and Yakubova, Nafissa and Knoll, Florian and Johnson, Patricia},
  booktitle={Medical Image Computing and Computer Assisted Intervention--MICCAI 2020: 23rd International Conference, Lima, Peru, October 4--8, 2020, Proceedings, Part II 23},
  pages={64--73},
  year={2020},
  organization={Springer}
}

@article{fabian2022humus,
  title={{HUMUS-Net}: Hybrid unrolled multi-scale network architecture for accelerated {MRI} reconstruction},
  author={Fabian, Zalan and Tinaz, Berk and Soltanolkotabi, Mahdi},
  journal={Advances in Neural Information Processing Systems},
  volume={35},
  pages={25306--25319},
  year={2022}
}

@article{xiang2021fista,
  title={{FISTA-Net}: Learning a fast iterative shrinkage thresholding network for inverse problems in imaging},
  author={Xiang, Jinxi and Dong, Yonggui and Yang, Yunjie},
  journal={IEEE Transactions on Medical Imaging},
  volume={40},
  number={5},
  pages={1329--1339},
  year={2021},
  publisher={IEEE}
}

@article{ref_slrnet,
  title={Learned low-rank priors in dynamic {MR} imaging},
  author={Ke, Ziwen and Huang, Wenqi and Cui, Zhuo-Xu and Cheng, Jing and Jia, Sen and Wang, Haifeng and Liu, Xin and Zheng, Hairong and Ying, Leslie and Zhu, Yanjie and others},
  journal={IEEE Trans Med Imaging},
  volume={40},
  number={12},
  pages={3698--3710},
  year={2021},
  publisher={IEEE}
}

@INPROCEEDINGS{zhang2023tlr,
  author={Zhang, Yinghao and Li, Peng and Hu, Yue},
  booktitle={2023 IEEE 20th International Symposium on Biomedical Imaging}, 
  title={Dynamic {MRI} Using Learned Transform-Based Tensor Low-Rank Network ({LT2LR-NET})}, 
  year={2023},
  volume={},
  number={},
  pages={1-4},
  doi={10.1109/ISBI53787.2023.10230437}}

@article{zhang2024t2lr,
  title={{T$^2$LR-Net}: An unrolling network learning transformed tensor low-rank prior for dynamic {MR} image reconstruction},
  author={Zhang, Yinghao and Li, Peng and Hu, Yue},
  journal={Computers in Biology and Medicine},
  pages={108034},
  year={2024},
  publisher={Elsevier}
}


@article{ref_tsvd,
  title={Factorization strategies for third-order tensors},
  author={Kilmer, Misha E and Martin, Carla D},
  journal={Linear Algebra and its Applications},
  volume={435},
  number={3},
  pages={641--658},
  year={2011},
  publisher={Elsevier}
}


@article{aggarwal2018modl,
  title={{MoDL}: Model-based deep learning architecture for inverse problems},
  author={Aggarwal, Hemant K and Mani, Merry P and Jacob, Mathews},
  journal={IEEE Trans Med Imaging},
  volume={38},
  number={2},
  pages={394--405},
  year={2018},
  publisher={IEEE}
}

@article{huang2021deep,
  title={Deep low-rank plus sparse network for dynamic {MR} imaging},
  author={Huang, Wenqi and Ke, Ziwen and Cui, Zhuo-Xu and Cheng, Jing and Qiu, Zhilang and Jia, Sen and Ying, Leslie and Zhu, Yanjie and Liang, Dong},
  journal={Medical Image Analysis},
  volume={73},
  pages={102190},
  year={2021},
  publisher={Elsevier}
}

@INPROCEEDINGS{zhang2023dusnet,
  author={Zhang, Yinghao and Li, Xiaodi and Li, Weihang and Hu, Yue},
  booktitle={2023 IEEE International Conference on Image Processing (ICIP)}, 
  title={Deep Unrolling Shrinkage Network for Dynamic {MR} Imaging}, 
  year={2023},
  volume={},
  number={},
  pages={1145-1149},
  doi={10.1109/ICIP49359.2023.10223077}}


@article{ref_ocmr,
  title={{OCMR} (v1. 0)--Open-Access Multi-Coil k-Space Dataset for Cardiovascular Magnetic Resonance Imaging},
  author={Chen, Chong and Liu, Yingmin and Schniter, Philip and Tong, Matthew and Zareba, Karolina and Simonetti, Orlando and Potter, Lee and Ahmad, Rizwan},
  journal={arXiv preprint arXiv:2008.03410},
  year={2020}
}

@article{ref_multicoil,
  title={{ESPIRiT}—an eigenvalue approach to autocalibrating parallel {MRI}: where {SENSE} meets {GRAPPA}},
  author={Uecker, Martin and Lai, Peng and Murphy, Mark J and Virtue, Patrick and Elad, Michael and Pauly, John M and Vasanawala, Shreyas S and Lustig, Michael},
  journal={Magnetic resonance in medicine},
  volume={71},
  number={3},
  pages={990--1001},
  year={2014},
  publisher={Wiley Online Library}
}

@article{roemer1990nmr,
  title={The {NMR} phased array},
  author={Roemer, Peter B and Edelstein, William A and Hayes, Cecil E and Souza, Steven P and Mueller, Otward M},
  journal={Magnetic resonance in medicine},
  volume={16},
  number={2},
  pages={192--225},
  year={1990},
  publisher={Wiley Online Library}
}


@article{ahmad2015variable,
  title={Variable density incoherent spatiotemporal acquisition ({VISTA}) for highly accelerated cardiac {MRI}},
  author={Ahmad, Rizwan and Xue, Hui and Giri, Shivraman and Ding, Yu and Craft, Jason and Simonetti, Orlando P},
  journal={Magnetic resonance in medicine},
  volume={74},
  number={5},
  pages={1266--1278},
  year={2015},
  publisher={Wiley Online Library}
}


@article{wang2023cmrxrecon,
  title={{CMRxRecon}: an open cardiac {MRI} dataset for the competition of accelerated image reconstruction},
  author={Wang, Chengyan and Lyu, Jun and Wang, Shuo and Qin, Chen and Guo, Kunyuan and Zhang, Xinyu and Yu, Xiaotong and Li, Yan and Wang, Fanwen and Jin, Jianhua and others},
  journal={arXiv preprint arXiv:2309.10836},
  year={2023}
}


@article{knoll2020advancing,
  title={Advancing machine learning for {MR} image reconstruction with an open competition: Overview of the 2019 {fastMRI} challenge},
  author={Knoll, Florian and Murrell, Tullie and Sriram, Anuroop and Yakubova, Nafissa and Zbontar, Jure and Rabbat, Michael and Defazio, Aaron and Muckley, Matthew J and Sodickson, Daniel K and Zitnick, C Lawrence and others},
  journal={Magnetic resonance in medicine},
  volume={84},
  number={6},
  pages={3054--3070},
  year={2020},
  publisher={Wiley Online Library}
}


@article{zbontar2018fastmri,
  title={{fastMRI}: An open dataset and benchmarks for accelerated {MRI}},
  author={Zbontar, Jure and Knoll, Florian and Sriram, Anuroop and Murrell, Tullie and Huang, Zhengnan and Muckley, Matthew J and Defazio, Aaron and Stern, Ruben and Johnson, Patricia and Bruno, Mary and others},
  journal={arXiv preprint arXiv:1811.08839},
  year={2018}
}

@article{kingma2014adam,
  title={{Adam}: A method for stochastic optimization},
  author={Kingma, Diederik P and Ba, Jimmy},
  journal={arXiv preprint arXiv:1412.6980},
  year={2014}
}

@article{zeiler2012adadelta,
  title={Adadelta: an adaptive learning rate method},
  author={Zeiler, Matthew D},
  journal={arXiv preprint arXiv:1212.5701},
  year={2012}
}

@inproceedings{abadi2016tensorflow,
  title={{TensorFlow}: A System for {Large-Scale} Machine Learning},
  author={Abadi, Mart{\'\i}n and Barham, Paul and Chen, Jianmin and Chen, Zhifeng and Davis, Andy and Dean, Jeffrey and Devin, Matthieu and Ghemawat, Sanjay and Irving, Geoffrey and Isard, Michael and others},
  booktitle={12th USENIX symposium on operating systems design and implementation},
  pages={265--283},
  year={2016}
}

@article{zhao2019deep,
  title={Deep residual shrinkage networks for fault diagnosis},
  author={Zhao, Minghang and Zhong, Shisheng and Fu, Xuyun and Tang, Baoping and Pecht, Michael},
  journal={IEEE Transactions on Industrial Informatics},
  volume={16},
  number={7},
  pages={4681--4690},
  year={2019},
  publisher={IEEE}
}

@article{wang2021robust,
  title={Robust differentiable {SVD}},
  author={Wang, Wei and Dang, Zheng and Hu, Yinlin and Fua, Pascal and Salzmann, Mathieu},
  journal={IEEE Transactions on Pattern Analysis and Machine Intelligence},
  volume={44},
  number={9},
  pages={5472--5487},
  year={2021},
  publisher={IEEE}
}

@article{dosovitskiy2020image,
  title={An image is worth 16x16 words: Transformers for image recognition at scale},
  author={Dosovitskiy, Alexey and Beyer, Lucas and Kolesnikov, Alexander and Weissenborn, Dirk and Zhai, Xiaohua and Unterthiner, Thomas and Dehghani, Mostafa and Minderer, Matthias and Heigold, Georg and Gelly, Sylvain and others},
  journal={arXiv preprint arXiv:2010.11929},
  year={2020}
}

@inproceedings{zhang2020video,
  title={Video synthesis via transform-based tensor neural network},
  author={Zhang, Yimeng and Liu, Xiao-Yang and Wu, Bo and Walid, Anwar},
  booktitle={Proceedings of the 28th ACM International Conference on Multimedia},
  pages={2454--2462},
  year={2020}
}

@article{chen2023soul,
  title={{SOUL-Net}: A sparse and low-rank unrolling network for spectral {CT} image reconstruction},
  author={Chen, Xiang and Xia, Wenjun and Yang, Ziyuan and Chen, Hu and Liu, Yan and Zhou, Jiliu and Wang, Zhe and Chen, Yang and Wen, Bihan and Zhang, Yi},
  journal={IEEE Transactions on Neural Networks and Learning Systems},
  year={2023},
  publisher={IEEE}
}

@inproceedings{zhong2024jslrnet,
  title={{JSLRNet}: Joint Sparse and Low-Rank Unfolding Network for {MR} Image Reconstruction},
  author={Zhong, Yuxiang and Huang, Meiyong and Li, Junjie and Wang, Yunling and Hu, Zhanli and Li, Ye and Liang, Dong and Zheng, Hairong and Zhang, Na},
  booktitle={Medical Imaging with Deep Learning},
  year={2024}
}

@article{kolda2009tensor,
  title={Tensor decompositions and applications},
  author={Kolda, Tamara G and Bader, Brett W},
  journal={SIAM review},
  volume={51},
  number={3},
  pages={455--500},
  year={2009},
  publisher={SIAM}
}

@article{lu2019tensor,
  title={Tensor robust principal component analysis with a new tensor nuclear norm},
  author={Lu, Canyi and Feng, Jiashi and Chen, Yudong and Liu, Wei and Lin, Zhouchen and Yan, Shuicheng},
  journal={IEEE transactions on pattern analysis and machine intelligence},
  volume={42},
  number={4},
  pages={925--938},
  year={2019},
  publisher={IEEE}
}
@article{cheng2021learning,
  title={Learning data consistency and its application to dynamic MR imaging},
  author={Cheng, Jing and Cui, Zhuo-Xu and Huang, Wenqi and Ke, Ziwen and Ying, Leslie and Wang, Haifeng and Zhu, Yanjie and Liang, Dong},
  journal={IEEE transactions on medical imaging},
  volume={40},
  number={11},
  pages={3140--3153},
  year={2021},
  publisher={IEEE}
}

@article{li2024cooperative,
  title={Cooperative-Net: An end-to-end multi-task interaction network for unified reconstruction and segmentation of MR image},
  author={Li, Xiaodi and Hu, Yue},
  journal={Computer Methods and Programs in Biomedicine},
  volume={245},
  pages={108045},
  year={2024},
  publisher={Elsevier}
}
@inproceedings{sun2019joint,
  title={Joint CS-MRI reconstruction and segmentation with a unified deep network},
  author={Sun, Liyan and Fan, Zhiwen and Ding, Xinghao and Huang, Yue and Paisley, John},
  booktitle={Information Processing in Medical Imaging: 26th International Conference, IPMI 2019, Hong Kong, China, June 2--7, 2019, Proceedings 26},
  pages={492--504},
  year={2019},
  organization={Springer}
}
@inproceedings{pramanik2022joint,
  title={Joint calibrationless reconstruction and segmentation of parallel MRI},
  author={Pramanik, Aniket and Jacob, Mathews},
  booktitle={European Conference on Computer Vision},
  pages={437--453},
  year={2022},
  organization={Springer}
}
@article{vornehm2025cinevn,
  title={CineVN: Variational network reconstruction for rapid functional cardiac cine MRI},
  author={Vornehm, Marc and Wetzl, Jens and Giese, Daniel and F{\"u}rnrohr, Florian and Pang, Jianing and Chow, Kelvin and Gebker, Rolf and Ahmad, Rizwan and Knoll, Florian},
  journal={Magnetic Resonance in Medicine},
  volume={93},
  number={1},
  pages={138--150},
  year={2025},
  publisher={Wiley Online Library}
}
@article{poblador2021real,
  title={Real-time motion and retrospective coil sensitivity correction for CEST using volumetric navigators (vNavs) at 7T},
  author={Poblador Rodriguez, Esau and Moser, Philipp and Auno, Sami and Eckstein, Korbinian and Dymerska, Barbara and van der Kouwe, Andre and Gruber, Stephan and Trattnig, Siegfried and Bogner, Wolfgang},
  journal={Magnetic Resonance in Medicine},
  volume={85},
  number={4},
  pages={1909--1923},
  year={2021},
  publisher={Wiley Online Library}
}
@article{zhou2006chemical,
  title={Chemical exchange saturation transfer imaging and spectroscopy},
  author={Zhou, Jinyuan and van Zijl, Peter CM},
  journal={Progress in Nuclear Magnetic Resonance Spectroscopy},
  volume={48},
  number={2-3},
  pages={109--136},
  year={2006},
  publisher={Elsevier}
}
