@article{chiang2023vicuna,
  title={Vicuna: An open-source chatbot impressing gpt-4 with 90\%* chatgpt quality},
  author={Chiang, Wei-Lin and Li, Zhuohan and Lin, Zi and Sheng, Ying and Wu, Zhanghao and Zhang, Hao and Zheng, Lianmin and Zhuang, Siyuan and Zhuang, Yonghao and Gonzalez, Joseph E and others},
  journal={See https://vicuna. lmsys. org (accessed 14 April 2023)},
  volume={2},
  number={3},
  pages={6},
  year={2023}
}

@article{hsu2019measuring,
  title={Measuring the effects of non-identical data distribution for federated visual classification},
  author={Hsu, Tzu-Ming Harry and Qi, Hang and Brown, Matthew},
  journal={arXiv preprint arXiv:1909.06335},
  year={2019}
}

@inproceedings{karimireddy2020scaffold,
  title={Scaffold: Stochastic controlled averaging for federated learning},
  author={Karimireddy, Sai Praneeth and Kale, Satyen and Mohri, Mehryar and Reddi, Sashank and Stich, Sebastian and Suresh, Ananda Theertha},
  booktitle={International conference on machine learning},
  pages={5132--5143},
  year={2020},
  organization={PMLR}
}

@article{li2020federated,
  title={Federated optimization in heterogeneous networks},
  author={Li, Tian and Sahu, Anit Kumar and Zaheer, Manzil and Sanjabi, Maziar and Talwalkar, Ameet and Smith, Virginia},
  journal={Proceedings of Machine learning and systems},
  volume={2},
  pages={429--450},
  year={2020}
}

@inproceedings{mcmahan2017communication,
  title={Communication-efficient learning of deep networks from decentralized data},
  author={McMahan, Brendan and Moore, Eider and Ramage, Daniel and Hampson, Seth and y Arcas, Blaise Aguera},
  booktitle={Artificial intelligence and statistics},
  pages={1273--1282},
  year={2017},
  organization={PMLR}
}

@inproceedings{reddiadaptive,
  title={Adaptive Federated Optimization},
  author={Reddi, Sashank J and Charles, Zachary and Zaheer, Manzil and Garrett, Zachary and Rush, Keith and Kone{\v{c}}n{\`y}, Jakub and Kumar, Sanjiv and McMahan, Hugh Brendan},
  booktitle={International Conference on Learning Representations}
}

@article{ye2024fedllm,
  title={FedLLM-Bench: Realistic Benchmarks for Federated Learning of Large Language Models},
  author={Ye, Rui and Ge, Rui and Zhu, Xinyu and Chai, Jingyi and Du, Yaxin and Liu, Yang and Wang, Yanfeng and Chen, Siheng},
  journal={arXiv preprint arXiv:2406.04845},
  year={2024}
}

@inproceedings{ye2024openfedllm,
  title={Openfedllm: Training large language models on decentralized private data via federated learning},
  author={Ye, Rui and Wang, Wenhao and Chai, Jingyi and Li, Dihan and Li, Zexi and Xu, Yinda and Du, Yaxin and Wang, Yanfeng and Chen, Siheng},
  booktitle={Proceedings of the 30th ACM SIGKDD Conference on Knowledge Discovery and Data Mining},
  pages={6137--6147},
  year={2024}
}

@article{zheng2023judging,
  title={Judging llm-as-a-judge with mt-bench and chatbot arena},
  author={Zheng, Lianmin and Chiang, Wei-Lin and Sheng, Ying and Zhuang, Siyuan and Wu, Zhanghao and Zhuang, Yonghao and Lin, Zi and Li, Zhuohan and Li, Dacheng and Xing, Eric and others},
  journal={Advances in Neural Information Processing Systems},
  volume={36},
  pages={46595--46623},
  year={2023}
}

@article{zou2023universal,
  title={Universal and transferable adversarial attacks on aligned language models},
  author={Zou, Andy and Wang, Zifan and Carlini, Nicholas and Nasr, Milad and Kolter, J Zico and Fredrikson, Matt},
  journal={arXiv preprint arXiv:2307.15043},
  year={2023}
}

