@inproceedings{langley00,
 author    = {P. Langley},
 title     = {Crafting Papers on Machine Learning},
 year      = {2000},
 pages     = {1207--1216},
 editor    = {Pat Langley},
 booktitle     = {Proceedings of the 17th International Conference
              on Machine Learning (ICML 2000)},
 address   = {Stanford, CA},
 publisher = {Morgan Kaufmann}
}

@article{batzolis2021conditional,
  title={Conditional image generation with score-based diffusion models},
  author={Batzolis, Georgios and Stanczuk, Jan and Sch{\"o}nlieb, Carola-Bibiane and Etmann, Christian},
  journal={arXiv preprint arXiv:2111.13606},
  year={2021}
}

@article{song2021maximum,
  title={Maximum likelihood training of score-based diffusion models},
  author={Song, Yang and Durkan, Conor and Murray, Iain and Ermon, Stefano},
  journal={Advances in neural information processing systems},
  volume={34},
  pages={1415--1428},
  year={2021}
}

@book{villani2009optimal,
  title={Optimal transport: old and new},
  author={Villani, C{\'e}dric and others},
  volume={338},
  year={2009},
  publisher={Springer}
}

@TechReport{mitchell80,
  author = 	 "T. M. Mitchell",
  title = 	 "The Need for Biases in Learning Generalizations",
  institution =  "Computer Science Department, Rutgers University",
  year = 	 "1980",
  address =	 "New Brunswick, MA",
}

@phdthesis{kearns89,
  author = {M. J. Kearns},
  title =  {Computational Complexity of Machine Learning},
  school = {Department of Computer Science, Harvard University},
  year =   {1989}
}

@Book{MachineLearningI,
  editor = 	 "R. S. Michalski and J. G. Carbonell and T.
		  M. Mitchell",
  title = 	 "Machine Learning: An Artificial Intelligence
		  Approach, Vol. I",
  publisher = 	 "Tioga",
  year = 	 "1983",
  address =	 "Palo Alto, CA"
}

@Book{DudaHart2nd,
  author =       "R. O. Duda and P. E. Hart and D. G. Stork",
  title =        "Pattern Classification",
  publisher =    "John Wiley and Sons",
  edition =      "2nd",
  year =         "2000"
}

@misc{anonymous,
  title= {Suppressed for Anonymity},
  author= {Author, N. N.},
  year= {2021}
}

@InCollection{Newell81,
  author =       "A. Newell and P. S. Rosenbloom",
  title =        "Mechanisms of Skill Acquisition and the Law of
                  Practice", 
  booktitle =    "Cognitive Skills and Their Acquisition",
  pages =        "1--51",
  publisher =    "Lawrence Erlbaum Associates, Inc.",
  year =         "1981",
  editor =       "J. R. Anderson",
  chapter =      "1",
  address =      "Hillsdale, NJ"
}


@Article{Samuel59,
  author = 	 "A. L. Samuel",
  title = 	 "Some Studies in Machine Learning Using the Game of
		  Checkers",
  journal =	 "IBM Journal of Research and Development",
  year =	 "1959",
  volume =	 "3",
  number =	 "3",
  pages =	 "211--229"
}

@article{idql,
  title={Idql: Implicit q-learning as an actor-critic method with diffusion policies},
  author={Hansen-Estruch, Philippe and Kostrikov, Ilya and Janner, Michael and Kuba, Jakub Grudzien and Levine, Sergey},
  journal={arXiv preprint arXiv:2304.10573},
  year={2023}
}

@inproceedings{ball2023efficient,
  title={Efficient online reinforcement learning with offline data},
  author={Ball, Philip J and Smith, Laura and Kostrikov, Ilya and Levine, Sergey},
  booktitle={International Conference on Machine Learning},
  pages={1577--1594},
  year={2023},
  organization={PMLR}
}

@inproceedings{haarnoja2018soft,
  title={Soft actor-critic: Off-policy maximum entropy deep reinforcement learning with a stochastic actor},
  author={Haarnoja, Tuomas and Zhou, Aurick and Abbeel, Pieter and Levine, Sergey},
  booktitle={International conference on machine learning},
  pages={1861--1870},
  year={2018},
  organization={PMLR}
}

@inproceedings{janner2022planning,
  title={Planning with Diffusion for Flexible Behavior Synthesis},
  author={Janner, Michael and Du, Yilun and Tenenbaum, Joshua and Levine, Sergey},
  booktitle={International Conference on Machine Learning},
  pages={9902--9915},
  year={2022},
  organization={PMLR}
}

@article{li2024learning,
  title={Learning Multimodal Behaviors from Scratch with Diffusion Policy Gradient},
  author={Li, Zechu and Krohn, Rickmer and Chen, Tao and Ajay, Anurag and Agrawal, Pulkit and Chalvatzaki, Georgia},
  journal={arXiv preprint arXiv:2406.00681},
  year={2024}
}

@article{yang2023policy,
  title={Policy representation via diffusion probability model for reinforcement learning},
  author={Yang, Long and Huang, Zhixiong and Lei, Fenghao and Zhong, Yucun and Yang, Yiming and Fang, Cong and Wen, Shiting and Zhou, Binbin and Lin, Zhouchen},
  journal={arXiv preprint arXiv:2305.13122},
  year={2023}
}

@article{wang2022diffusion,
  title={Diffusion policies as an expressive policy class for offline reinforcement learning},
  author={Wang, Zhendong and Hunt, Jonathan J and Zhou, Mingyuan},
  journal={arXiv preprint arXiv:2208.06193},
  year={2022}
}

@article{ankile2024imitation,
  title={From Imitation to Refinement--Residual RL for Precise Assembly},
  author={Ankile, Lars and Simeonov, Anthony and Shenfeld, Idan and Torne, Marcel and Agrawal, Pulkit},
  journal={arXiv preprint arXiv:2407.16677},
  year={2024}
}

@inproceedings{DBLP:conf/rss/RajeswaranKGVST18,
  author       = {Aravind Rajeswaran and
                  Vikash Kumar and
                  Abhishek Gupta and
                  Giulia Vezzani and
                  John Schulman and
                  Emanuel Todorov and
                  Sergey Levine},
  editor       = {Hadas Kress{-}Gazit and
                  Siddhartha S. Srinivasa and
                  Tom Howard and
                  Nikolay Atanasov},
  title        = {Learning Complex Dexterous Manipulation with Deep Reinforcement Learning
                  and Demonstrations},
  booktitle    = {Robotics: Science and Systems XIV, Carnegie Mellon University, Pittsburgh,
                  Pennsylvania, USA, June 26-30, 2018},
  year         = {2018},
  doi          = {10.15607/RSS.2018.XIV.049},
  timestamp    = {Fri, 04 Aug 2023 08:25:46 +0200},
  biburl       = {https://dblp.org/rec/conf/rss/RajeswaranKGVST18.bib},
  bibsource    = {dblp computer science bibliography, https://dblp.org}
}

@inproceedings{DBLP:conf/iclr/BlackJDKL24,
  author       = {Kevin Black and
                  Michael Janner and
                  Yilun Du and
                  Ilya Kostrikov and
                  Sergey Levine},
  title        = {Training Diffusion Models with Reinforcement Learning},
  booktitle    = {The Twelfth International Conference on Learning Representations,
                  {ICLR} 2024, Vienna, Austria, May 7-11, 2024},
  publisher    = {OpenReview.net},
  year         = {2024},
  timestamp    = {Wed, 07 Aug 2024 17:11:53 +0200},
  biburl       = {https://dblp.org/rec/conf/iclr/BlackJDKL24.bib},
  bibsource    = {dblp computer science bibliography, https://dblp.org}
}

@inproceedings{DBLP:conf/icml/ParkM024,
  author       = {Younghyo Park and
                  Gabriel B. Margolis and
                  Pulkit Agrawal},
  title        = {Position: Automatic Environment Shaping is the Next Frontier in {RL}},
  booktitle    = {Forty-first International Conference on Machine Learning, {ICML} 2024,
                  Vienna, Austria, July 21-27, 2024},
  publisher    = {OpenReview.net},
  year         = {2024},
  timestamp    = {Mon, 02 Sep 2024 16:55:25 +0200},
  biburl       = {https://dblp.org/rec/conf/icml/ParkM024.bib},
  bibsource    = {dblp computer science bibliography, https://dblp.org}
}

@article{kober2013reinforcement,
  title={Reinforcement learning in robotics: A survey},
  author={Kober, Jens and Bagnell, J Andrew and Peters, Jan},
  journal={The International Journal of Robotics Research},
  volume={32},
  number={11},
  pages={1238--1274},
  year={2013},
  publisher={SAGE Publications Sage UK: London, England}
}

@inproceedings{ross2010efficient,
  title={Efficient reductions for imitation learning},
  author={Ross, St{\'e}phane and Bagnell, Drew},
  booktitle={Proceedings of the thirteenth international conference on artificial intelligence and statistics},
  pages={661--668},
  year={2010},
  organization={JMLR Workshop and Conference Proceedings}
}

@inproceedings{DBLP:conf/iclr/AjayDGTJA23,
  author       = {Anurag Ajay and
                  Yilun Du and
                  Abhi Gupta and
                  Joshua B. Tenenbaum and
                  Tommi S. Jaakkola and
                  Pulkit Agrawal},
  title        = {Is Conditional Generative Modeling all you need for Decision Making?},
  booktitle    = {The Eleventh International Conference on Learning Representations,
                  {ICLR} 2023, Kigali, Rwanda, May 1-5, 2023},
  publisher    = {OpenReview.net},
  year         = {2023},
  timestamp    = {Wed, 24 Jul 2024 16:50:34 +0200},
  biburl       = {https://dblp.org/rec/conf/iclr/AjayDGTJA23.bib},
  bibsource    = {dblp computer science bibliography, https://dblp.org}
}

@inproceedings{DBLP:conf/rss/ZhaoKLF23,
  author       = {Tony Z. Zhao and
                  Vikash Kumar and
                  Sergey Levine and
                  Chelsea Finn},
  editor       = {Kostas E. Bekris and
                  Kris Hauser and
                  Sylvia L. Herbert and
                  Jingjin Yu},
  title        = {Learning Fine-Grained Bimanual Manipulation with Low-Cost Hardware},
  booktitle    = {Robotics: Science and Systems XIX, Daegu, Republic of Korea, July
                  10-14, 2023},
  year         = {2023},
  doi          = {10.15607/RSS.2023.XIX.016},
  timestamp    = {Thu, 20 Jul 2023 15:37:49 +0200},
  biburl       = {https://dblp.org/rec/conf/rss/ZhaoKLF23.bib},
  bibsource    = {dblp computer science bibliography, https://dblp.org}
}

@inproceedings{DBLP:conf/nips/KwonFL22,
  author       = {Dohyun Kwon and
                  Ying Fan and
                  Kangwook Lee},
  editor       = {Sanmi Koyejo and
                  S. Mohamed and
                  A. Agarwal and
                  Danielle Belgrave and
                  K. Cho and
                  A. Oh},
  title        = {Score-based Generative Modeling Secretly Minimizes the Wasserstein
                  Distance},
  booktitle    = {Advances in Neural Information Processing Systems 35: Annual Conference
                  on Neural Information Processing Systems 2022, NeurIPS 2022, New Orleans,
                  LA, USA, November 28 - December 9, 2022},
  year         = {2022},
  timestamp    = {Mon, 14 Oct 2024 15:42:04 +0200},
  biburl       = {https://dblp.org/rec/conf/nips/KwonFL22.bib},
  bibsource    = {dblp computer science bibliography, https://dblp.org}
}

@article{DBLP:journals/corr/abs-2311-11003,
  author       = {Xuefeng Gao and
                  Hoang M. Nguyen and
                  Lingjiong Zhu},
  title        = {Wasserstein Convergence Guarantees for a General Class of Score-Based
                  Generative Models},
  journal      = {CoRR},
  volume       = {abs/2311.11003},
  year         = {2023},
  doi          = {10.48550/ARXIV.2311.11003},
  eprinttype    = {arXiv},
  eprint       = {2311.11003},
  timestamp    = {Sun, 04 Aug 2024 19:45:58 +0200},
  biburl       = {https://dblp.org/rec/journals/corr/abs-2311-11003.bib},
  bibsource    = {dblp computer science bibliography, https://dblp.org}
}

@article{dp,
  title={Diffusion policy: Visuomotor policy learning via action diffusion},
  author={Chi, Cheng and Xu, Zhenjia and Feng, Siyuan and Cousineau, Eric and Du, Yilun and Burchfiel, Benjamin and Tedrake, Russ and Song, Shuran},
  journal={The International Journal of Robotics Research},
  pages={02783649241273668},
  year={2023},
  publisher={SAGE Publications Sage UK: London, England}
}

@article{ddim,
  title={Denoising diffusion implicit models},
  author={Song, Jiaming and Meng, Chenlin and Ermon, Stefano},
  journal={arXiv preprint arXiv:2010.02502},
  year={2020}
}

@article{ddpm,
  title={Denoising diffusion probabilistic models},
  author={Ho, Jonathan and Jain, Ajay and Abbeel, Pieter},
  journal={Advances in neural information processing systems},
  volume={33},
  pages={6840--6851},
  year={2020}
}

@inproceedings{ajayconditional,
  title={Is Conditional Generative Modeling all you need for Decision Making?},
  author={Ajay, Anurag and Du, Yilun and Gupta, Abhi and Tenenbaum, Joshua B and Jaakkola, Tommi S and Agrawal, Pulkit},
  booktitle={The Eleventh International Conference on Learning Representations}
}



@article{chen2021decision,
  title={Decision transformer: Reinforcement learning via sequence modeling},
  author={Chen, Lili and Lu, Kevin and Rajeswaran, Aravind and Lee, Kimin and Grover, Aditya and Laskin, Misha and Abbeel, Pieter and Srinivas, Aravind and Mordatch, Igor},
  journal={Advances in neural information processing systems},
  volume={34},
  pages={15084--15097},
  year={2021}
}

@article{goo2022know,
  title={Know your boundaries: The necessity of explicit behavioral cloning in offline rl},
  author={Goo, Wonjoon and Niekum, Scott},
  journal={arXiv preprint arXiv:2206.00695},
  year={2022}
}



@article{dppo,
  title={Diffusion policy policy optimization},
  author={Ren, Allen Z and Lidard, Justin and Ankile, Lars L and Simeonov, Anthony and Agrawal, Pulkit and Majumdar, Anirudha and Burchfiel, Benjamin and Dai, Hongkai and Simchowitz, Max},
  journal={arXiv preprint arXiv:2409.00588},
  year={2024}
}

@article{fan2024reinforcement,
  title={Reinforcement learning for fine-tuning text-to-image diffusion models},
  author={Fan, Ying and Watkins, Olivia and Du, Yuqing and Liu, Hao and Ryu, Moonkyung and Boutilier, Craig and Abbeel, Pieter and Ghavamzadeh, Mohammad and Lee, Kangwook and Lee, Kimin},
  journal={Advances in Neural Information Processing Systems},
  volume={36},
  year={2024}
}

@article{black2023training,
  title={Training diffusion models with reinforcement learning},
  author={Black, Kevin and Janner, Michael and Du, Yilun and Kostrikov, Ilya and Levine, Sergey},
  journal={arXiv preprint arXiv:2305.13301},
  year={2023}
}

@article{gu2022keypoint,
  title={Keypoint-guided optimal transport with applications in heterogeneous domain adaptation},
  author={Gu, Xiang and Yang, Yucheng and Zeng, Wei and Sun, Jian and Xu, Zongben},
  journal={Advances in Neural Information Processing Systems},
  volume={35},
  pages={14972--14985},
  year={2022}
}

@article{dessein2018regularized,
  title={Regularized optimal transport and the rot mover's distance},
  author={Dessein, Arnaud and Papadakis, Nicolas and Rouas, Jean-Luc},
  journal={Journal of Machine Learning Research},
  volume={19},
  number={15},
  pages={1--53},
  year={2018}
}

@article{cuturi2013sinkhorn,
  title={Sinkhorn distances: Lightspeed computation of optimal transport},
  author={Cuturi, Marco},
  journal={Advances in neural information processing systems},
  volume={26},
  year={2013}
}

@ARTICLE{6795935,
  author={Vincent, Pascal},
  journal={Neural Computation}, 
  title={A Connection Between Score Matching and Denoising Autoencoders}, 
  year={2011},
  volume={23},
  number={7},
  pages={1661-1674},
  keywords={},
  doi={10.1162/NECO_a_00142}}


@article{kwon2022score,
  title={Score-based generative modeling secretly minimizes the wasserstein distance},
  author={Kwon, Dohyun and Fan, Ying and Lee, Kangwook},
  journal={Advances in Neural Information Processing Systems},
  volume={35},
  pages={20205--20217},
  year={2022}
}

@article{song2020denoising,
  title={Denoising diffusion implicit models},
  author={Song, Jiaming and Meng, Chenlin and Ermon, Stefano},
  journal={arXiv preprint arXiv:2010.02502},
  year={2020}
}

@article{song2020score,
  title={Score-based generative modeling through stochastic differential equations},
  author={Song, Yang and Sohl-Dickstein, Jascha and Kingma, Diederik P and Kumar, Abhishek and Ermon, Stefano and Poole, Ben},
  journal={arXiv preprint arXiv:2011.13456},
  year={2020}
}

@inproceedings{DBLP:conf/nips/MuLXYLLTHJ021,
  author       = {Tongzhou Mu and
                  Zhan Ling and
                  Fanbo Xiang and
                  Derek Yang and
                  Xuanlin Li and
                  Stone Tao and
                  Zhiao Huang and
                  Zhiwei Jia and
                  Hao Su},
  editor       = {Joaquin Vanschoren and
                  Sai{-}Kit Yeung},
  title        = {ManiSkill: Generalizable Manipulation Skill Benchmark with Large-Scale
                  Demonstrations},
  booktitle    = {Proceedings of the Neural Information Processing Systems Track on
                  Datasets and Benchmarks 1, NeurIPS Datasets and Benchmarks 2021, December
                  2021, virtual},
  year         = {2021},
  timestamp    = {Tue, 17 May 2022 17:49:03 +0200},
  biburl       = {https://dblp.org/rec/conf/nips/MuLXYLLTHJ021.bib},
  bibsource    = {dblp computer science bibliography, https://dblp.org}
}

@article{DBLP:journals/corr/abs-2305-12821,
  author       = {Minho Heo and
                  Youngwoon Lee and
                  Doohyun Lee and
                  Joseph J. Lim},
  title        = {FurnitureBench: Reproducible Real-World Benchmark for Long-Horizon
                  Complex Manipulation},
  journal      = {CoRR},
  volume       = {abs/2305.12821},
  year         = {2023},
  doi          = {10.48550/ARXIV.2305.12821},
  eprinttype    = {arXiv},
  eprint       = {2305.12821},
  timestamp    = {Fri, 26 May 2023 11:29:33 +0200},
  biburl       = {https://dblp.org/rec/journals/corr/abs-2305-12821.bib},
  bibsource    = {dblp computer science bibliography, https://dblp.org}
}

@article{mandlekar2021matters,
  title={What matters in learning from offline human demonstrations for robot manipulation},
  author={Mandlekar, Ajay and Xu, Danfei and Wong, Josiah and Nasiriany, Soroush and Wang, Chen and Kulkarni, Rohun and Fei-Fei, Li and Savarese, Silvio and Zhu, Yuke and Mart{\'\i}n-Mart{\'\i}n, Roberto},
  journal={arXiv preprint arXiv:2108.03298},
  year={2021}
}

@article{gupta2019relay,
  title={Relay policy learning: Solving long-horizon tasks via imitation and reinforcement learning},
  author={Gupta, Abhishek and Kumar, Vikash and Lynch, Corey and Levine, Sergey and Hausman, Karol},
  journal={arXiv preprint arXiv:1910.11956},
  year={2019}
}



@article{mees2022calvin,
  title={Calvin: A benchmark for language-conditioned policy learning for long-horizon robot manipulation tasks},
  author={Mees, Oier and Hermann, Lukas and Rosete-Beas, Erick and Burgard, Wolfram},
  journal={IEEE Robotics and Automation Letters},
  volume={7},
  number={3},
  pages={7327--7334},
  year={2022},
  publisher={IEEE}
}

@inproceedings{kakade2002approximately,
  title={Approximately optimal approximate reinforcement learning},
  author={Kakade, Sham and Langford, John},
  booktitle={Proceedings of the Nineteenth International Conference on Machine Learning},
  pages={267--274},
  year={2002}
}

@article{asadulaev2025rethinking,
  title={Rethinking Optimal Transport in Offline Reinforcement Learning},
  author={Asadulaev, Arip and Korst, Rostislav and Korotin, Aleksandr and Egiazarian, Vage and Filchenkov, Andrey and Burnaev, Evgeny},
  journal={Advances in Neural Information Processing Systems},
  volume={37},
  pages={123592--123607},
  year={2025}
}

@article{mark2024policy,
  title={Policy Agnostic RL: Offline RL and Online RL Fine-Tuning of Any Class and Backbone},
  author={Mark, Max Sobol and Gao, Tian and Sampaio, Georgia Gabriela and Srirama, Mohan Kumar and Sharma, Archit and Finn, Chelsea and Kumar, Aviral},
  journal={arXiv preprint arXiv:2412.06685},
  year={2024}
}

@article{chen2023diffusion,
  title={Diffusion model-augmented behavioral cloning},
  author={Chen, Shang-Fu and Wang, Hsiang-Chun and Hsu, Ming-Hao and Lai, Chun-Mao and Sun, Shao-Hua},
  journal={arXiv preprint arXiv:2302.13335},
  year={2023}
}

@article{lu2022dpm,
  title={Dpm-solver: A fast ode solver for diffusion probabilistic model sampling in around 10 steps},
  author={Lu, Cheng and Zhou, Yuhao and Bao, Fan and Chen, Jianfei and Li, Chongxuan and Zhu, Jun},
  journal={Advances in Neural Information Processing Systems},
  volume={35},
  pages={5775--5787},
  year={2022}
}

@article{montesuma2024recent,
  title={Recent advances in optimal transport for machine learning},
  author={Montesuma, Eduardo Fernandes and Mboula, Fred Maurice Ngol{\`e} and Souloumiac, Antoine},
  journal={IEEE Transactions on Pattern Analysis and Machine Intelligence},
  year={2024},
  publisher={IEEE}
}

@article{gu2023optimal,
  title={Optimal transport-guided conditional score-based diffusion model},
  author={Gu, Xiang and Yang, Liwei and Sun, Jian and Xu, Zongben},
  journal={Advances in Neural Information Processing Systems},
  volume={36},
  pages={36540--36552},
  year={2023}
}

@article{daniels2021score,
  title={Score-based generative neural networks for large-scale optimal transport},
  author={Daniels, Max and Maunu, Tyler and Hand, Paul},
  journal={Advances in neural information processing systems},
  volume={34},
  pages={12955--12965},
  year={2021}
}

@article{hu2023imitation,
  title={Imitation Bootstrapped Reinforcement Learning},
  author={Hu, Hengyuan and Mirchandani, Suvir and Sadigh, Dorsa},
  journal={arXiv preprint arXiv:2311.02198},
  year={2023}
}

@article{nakamoto2024cal,
  title={Cal-ql: Calibrated offline rl pre-training for efficient online fine-tuning},
  author={Nakamoto, Mitsuhiko and Zhai, Simon and Singh, Anikait and Sobol Mark, Max and Ma, Yi and Finn, Chelsea and Kumar, Aviral and Levine, Sergey},
  journal={Advances in Neural Information Processing Systems},
  volume={36},
  year={2024}
}

@inproceedings{seguy2018large,
  title={Large-Scale Optimal Transport and Mapping Estimation},
  author={Seguy, Vivien and Damodaran, Bharath Bhushan and Flamary, Remi and Courty, Nicolas and Rolet, Antoine and Blondel, Mathieu},
  booktitle={ICLR 2018-International Conference on Learning Representations},
  pages={1--15},
  year={2018}
}