@inproceedings{DBLP:conf/iclr/BlackJDKL24,
  author       = {Kevin Black and
                  Michael Janner and
                  Yilun Du and
                  Ilya Kostrikov and
                  Sergey Levine},
  title        = {Training Diffusion Models with Reinforcement Learning},
  booktitle    = {The Twelfth International Conference on Learning Representations,
                  {ICLR} 2024, Vienna, Austria, May 7-11, 2024},
  publisher    = {OpenReview.net},
  year         = {2024},
  timestamp    = {Wed, 07 Aug 2024 17:11:53 +0200},
  biburl       = {https://dblp.org/rec/conf/iclr/BlackJDKL24.bib},
  bibsource    = {dblp computer science bibliography, https://dblp.org}
}

@inproceedings{ajayconditional,
  title={Is Conditional Generative Modeling all you need for Decision Making?},
  author={Ajay, Anurag and Du, Yilun and Gupta, Abhi and Tenenbaum, Joshua B and Jaakkola, Tommi S and Agrawal, Pulkit},
  booktitle={The Eleventh International Conference on Learning Representations}
}

@article{ankile2024imitation,
  title={From Imitation to Refinement--Residual RL for Precise Assembly},
  author={Ankile, Lars and Simeonov, Anthony and Shenfeld, Idan and Torne, Marcel and Agrawal, Pulkit},
  journal={arXiv preprint arXiv:2407.16677},
  year={2024}
}

@article{chen2021decision,
  title={Decision transformer: Reinforcement learning via sequence modeling},
  author={Chen, Lili and Lu, Kevin and Rajeswaran, Aravind and Lee, Kimin and Grover, Aditya and Laskin, Misha and Abbeel, Pieter and Srinivas, Aravind and Mordatch, Igor},
  journal={Advances in neural information processing systems},
  volume={34},
  pages={15084--15097},
  year={2021}
}

@article{ddim,
  title={Denoising diffusion implicit models},
  author={Song, Jiaming and Meng, Chenlin and Ermon, Stefano},
  journal={arXiv preprint arXiv:2010.02502},
  year={2020}
}

@article{ddpm,
  title={Denoising diffusion probabilistic models},
  author={Ho, Jonathan and Jain, Ajay and Abbeel, Pieter},
  journal={Advances in neural information processing systems},
  volume={33},
  pages={6840--6851},
  year={2020}
}

@article{dp,
  title={Diffusion policy: Visuomotor policy learning via action diffusion},
  author={Chi, Cheng and Xu, Zhenjia and Feng, Siyuan and Cousineau, Eric and Du, Yilun and Burchfiel, Benjamin and Tedrake, Russ and Song, Shuran},
  journal={The International Journal of Robotics Research},
  pages={02783649241273668},
  year={2023},
  publisher={SAGE Publications Sage UK: London, England}
}

@article{dppo,
  title={Diffusion policy policy optimization},
  author={Ren, Allen Z and Lidard, Justin and Ankile, Lars L and Simeonov, Anthony and Agrawal, Pulkit and Majumdar, Anirudha and Burchfiel, Benjamin and Dai, Hongkai and Simchowitz, Max},
  journal={arXiv preprint arXiv:2409.00588},
  year={2024}
}

@article{fan2024reinforcement,
  title={Reinforcement learning for fine-tuning text-to-image diffusion models},
  author={Fan, Ying and Watkins, Olivia and Du, Yuqing and Liu, Hao and Ryu, Moonkyung and Boutilier, Craig and Abbeel, Pieter and Ghavamzadeh, Mohammad and Lee, Kangwook and Lee, Kimin},
  journal={Advances in Neural Information Processing Systems},
  volume={36},
  year={2024}
}

@article{goo2022know,
  title={Know your boundaries: The necessity of explicit behavioral cloning in offline rl},
  author={Goo, Wonjoon and Niekum, Scott},
  journal={arXiv preprint arXiv:2206.00695},
  year={2022}
}

@article{idql,
  title={Idql: Implicit q-learning as an actor-critic method with diffusion policies},
  author={Hansen-Estruch, Philippe and Kostrikov, Ilya and Janner, Michael and Kuba, Jakub Grudzien and Levine, Sergey},
  journal={arXiv preprint arXiv:2304.10573},
  year={2023}
}

@inproceedings{janner2022planning,
  title={Planning with Diffusion for Flexible Behavior Synthesis},
  author={Janner, Michael and Du, Yilun and Tenenbaum, Joshua and Levine, Sergey},
  booktitle={International Conference on Machine Learning},
  pages={9902--9915},
  year={2022},
  organization={PMLR}
}

@article{li2024learning,
  title={Learning Multimodal Behaviors from Scratch with Diffusion Policy Gradient},
  author={Li, Zechu and Krohn, Rickmer and Chen, Tao and Ajay, Anurag and Agrawal, Pulkit and Chalvatzaki, Georgia},
  journal={arXiv preprint arXiv:2406.00681},
  year={2024}
}

@article{wang2022diffusion,
  title={Diffusion policies as an expressive policy class for offline reinforcement learning},
  author={Wang, Zhendong and Hunt, Jonathan J and Zhou, Mingyuan},
  journal={arXiv preprint arXiv:2208.06193},
  year={2022}
}

@article{yang2023policy,
  title={Policy representation via diffusion probability model for reinforcement learning},
  author={Yang, Long and Huang, Zhixiong and Lei, Fenghao and Zhong, Yucun and Yang, Yiming and Fang, Cong and Wen, Shiting and Zhou, Binbin and Lin, Zhouchen},
  journal={arXiv preprint arXiv:2305.13122},
  year={2023}
}

