@misc{Devlin2018,
    title={BERT: Pre-training of Deep Bidirectional Transformers for Language Understanding},
    author={Devlin, J. and Chang, M. and Lee, K. and Toutanova, K.},
    year={2018},
    eprint={1810.04805},
    archivePrefix={arXiv},
    primaryClass={cs.CL}
}

@INPROCEEDINGS{Li2018,
  author="Li, Z.  and  Zou, D. and  Xu, S.  and  Ou, X.  and  Zhong, Y.",
  title="VulDeePecker: A Deep Learning-Based System for Vulnerability Detection",
  booktitle="Network and Distributed System Security Symposium",
  month = "2",
  year={2018}
}

@inproceedings{Russell2018,
  title={Automated vulnerability detection in source code using deep representation learning},
  author={Russell, R. and Kim, L. and Hamilton, L. and Lazovich, T. and Harer, J. and Ozdemir, O. and Ellingwood, P. and McConley, M.},
  booktitle={2018 17th IEEE International Conference on Machine Learning and Applications (ICMLA)},
  booktitle={2018 17th ICMLA},
  pages={757-762},
  year={2018},
  organization={IEEE}
}

@article{Wang2020,
  author="Wang, H. and Ye, G. and Tang, Z. and Tan, S.H. and Huang, S. and Fang, D. and Feng, Y. and Bian, L. and Wang, Z.",
  title="Combining Graph-based Learning with Automated Data Collection for Code Vulnerability Detection",
  journal="IEEE TIFS",
  volume = {16},
  pages = {1943-1958},
  year={2020}
}

@article{allamanis2017learning,
  title={Learning to represent programs with graphs},
  author={Allamanis, M. and Brockschmidt, M. and Khademi, M.},
  journal={arXiv preprint arXiv:1711.00740},
  year={2017}
}

@inproceedings{cao2022mvd,
  title={MVD: memory-related vulnerability detection based on flow-sensitive graph neural networks},
  author={Cao, S. and Sun, X. and Bo, L. and Wu, R. and Li, B. and Tao, C.},
  booktitle={Proceedings of the 44th International Conference on Software Engineering},
  pages={1456--1468},
  year={2022}
}

@article{cheng2021deepwukong,
  title={Deepwukong: Statically detecting software vulnerabilities using deep graph neural network},
  author={Cheng, X. and Wang, H. and Hua, J. and Xu, G. and Sui, Y.},
  journal={ACM Transactions on Software Engineering and Methodology (TOSEM)},
  journal={ACM TOSEM},
  volume={30},
  number={3},
  pages={1--33},
  year={2021},
  publisher={ACM New York, NY, USA}
}

@article{dam2017automatic,
  title={Automatic feature learning for vulnerability prediction},
  author={Dam, H.K. and Tran, T. and Pham, T. and Ng, S.W. and Grundy, J. and Ghose, A.},
  journal={arXiv preprint arXiv:1708.02368},
  year={2017}
}

@inproceedings{ding2022velvet,
  title={VELVET: a noVel Ensemble Learning approach to automatically locate VulnErable sTatements},
  author={Ding, Y. and Suneja, S. and Zheng, Y. and Laredo, J. and Morari, A. and Kaiser, G. and Ray, B.},
  booktitle={2022 IEEE International Conference on Software Analysis, Evolution and Reengineering (SANER)},
  booktitle={2022 IEEE International Conference on SANER},
  pages={959--970},
  year={2022},
  organization={IEEE}
}

@article{dong2018defect,
  title={Defect prediction in android binary executables using deep neural network},
  author={Dong, F. and Wang, J. and Li, Q. and Xu, G. and Zhang, S.},
  journal={Wireless Personal Communications},
  volume={102},
  number={3},
  pages={2261--2285},
  year={2018},
  publisher={Springer}
}

@article{feng2020codebert,
  title={Codebert: A pre-trained model for programming and natural languages},
  author={Feng, Z. and Guo, D. and Tang, D. and Duan, N. and Feng, X. and Gong, M. and Shou, L. and Qin, B. and Liu, T. and Jiang, D. and others},
  journal={arXiv preprint arXiv:2002.08155},
  year={2020}
}

@inproceedings{holmes1994weka,
  title={Weka: A machine learning workbench},
  author={Holmes, G. and Donkin, A. and Witten, I.H.},
  booktitle={Proceedings of ANZIIS'94-Australian New Zealnd Intelligent Information Systems Conference},
  pages={357--361},
  year={1994},
  organization={IEEE}
}

@inproceedings{hovsepyan2012,
  title={Software vulnerability prediction using text analysis techniques},
  author={Hovsepyan, A. and Scandariato, R. and Joosen, W. and Walden, J.},
  booktitle={Proceedings of the 4th international workshop on Security measurements and metrics},
  pages={7-10},
  year={2012}
}

@inproceedings{le2018maximal,
  title={Maximal divergence sequential autoencoder for binary software vulnerability detection},
  author={Le, T. and Nguyen, T. and Le, T. and Phung, D. and Montague, P. and De Vel, O. and Qu, L.},
  booktitle={International Conference on Learning Representations},
  year={2018}
}

@inproceedings{lee2017learning,
  title={Learning binary code with deep learning to detect software weakness},
  author={Lee, Y. and Choi, S. and Kim, C. and Lim, S. and Park, K.},
  booktitle={KSII the 9th international conference on internet (ICONI) 2017 symposium},
  year={2017}
}

@article{li2021sysevr,
  title={Sysevr: A framework for using deep learning to detect software vulnerabilities},
  author={Li, Z. and Zou, D. and Xu, S. and Jin, H. and Zhu, Y. and Chen, Z.},
  journal={IEEE Transactions on Dependable and Secure Computing},
  year={2021},
  publisher={IEEE}
}

@inproceedings{lin2017,
  title={POSTER: Vulnerability discovery with function representation learning from unlabeled projects},
  author={Lin, G. and Zhang, J. and Luo, W. and Pan, L. and Xiang, Y.},
  booktitle={Proceedings of the 2017 ACM SIGSAC Conference on Computer and Communications Security},
  pages={2539--2541},
  year={2017}
}

@article{lin2018cross,
  title={Cross-project transfer representation learning for vulnerable function discovery},
  author={Lin, G. and Zhang, J. and Luo, W. and Pan, L. and Xiang, Y. and De Vel, O. and Montague, P.},
  journal={IEEE Transactions on Industrial Informatics},
  volume={14},
  number={7},
  pages={3289--3297},
  year={2018},
  publisher={IEEE}
}

@article{liu2021combining,
  title={Combining graph neural networks with expert knowledge for smart contract vulnerability detection},
  author={Liu, Z. and Qian, P. and Wang, X. and Zhuang, Y. and Qiu, L. and Wang, X.},
  journal={IEEE Transactions on Knowledge and Data Engineering},
  volume={35},
  number={2},
  pages={1296--1310},
  year={2021},
  publisher={IEEE}
}

@article{luo2022Journal,
  title={Detecting Integer Overflow Errors in Java Source Code via Machine Learning},
  author={Luo, Y. and Xu, W. and Xu, D.},
  booktitle={International Journal on Artificial Intelligence Tools},
    volume={31},
  number={8},
  year={2022}
}

@inproceedings{mokhov2015,
  title={MARFCAT: Fast code analysis for defects and vulnerabilities},
  author={Mokhov, S. A and Paquet, J. and Debbabi, M.},
  booktitle={2015 IEEE 1st International Workshop on Software Analytics},
  pages={35-38},
  year={2015},
  organization={IEEE}
}

@inproceedings{pang2015,
  title={Predicting vulnerable software components through n-gram analysis and statistical feature selection},
  author={Pang, Y. and Xue, X. and Namin, A.},
  booktitle={2015 IEEE 14th International Conference on Machine Learning and Applications (ICMLA)},
  pages={543-548},
  year={2015},
  organization={IEEE}
}

@inproceedings{peng2015building,
  title={Building program vector representations for deep learning},
  author={Peng, H. and Mou, L. and Li, G. and Liu, Y. and Zhang, L. and Jin, Z.},
  booktitle={International conference on knowledge science, engineering and management},
  pages={547--553},
  year={2015},
  organization={Springer}
}

@inproceedings{rabheru2022hybrid,
  title={A hybrid graph neural network approach for detecting PHP vulnerabilities},
  author={Rabheru, R. and Hanif, H. and Maffeis, S.},
  booktitle={2022 IEEE Conference on Dependable and Secure Computing (DSC)},
  pages={1--9},
  year={2022},
  organization={IEEE}
}

@inproceedings{sajnani2016sourcerercc,
  title={Sourcerercc: Scaling code clone detection to big-code},
  author={Sajnani, H. and Saini, V. and Svajlenko, J. and Roy, C.K. and Lopes, C.V.},
  booktitle={Proceedings of the 38th International Conference on Software Engineering},
  pages={1157--1168},
  year={2016}
}

@article{scandariato2014,
  title={Predicting vulnerable software components via text mining},
  author={Scandariato, R. and Walden, J. and Hovsepyan, A. and Joosen, W.},
  journal={IEEE Transactions on Software Engineering},
  volume={40},
  number={10},
  pages={993-1006},
  year={2014},
  publisher={IEEE}
}

@article{sestili2018towards,
  title={Towards security defect prediction with AI},
  author={Sestili, C.D. and Snavely, W.S. and VanHoudnos, N.M.},
  journal={arXiv preprint arXiv:1808.09897},
  year={2018}
}

@article{shabtai2009,
  title={Detection of malicious code by applying machine learning classifiers on static features: A state-of-the-art survey},
  author={Shabtai, A. and Moskovitch, R. and Elovici, Y. and Glezer, C.},
  journal={information security technical report},
  volume={14},
  number={1},
  pages={16-29},
  year={2009},
  publisher={Elsevier}
}

@article{song2022hgvul,
  title={HGVul: A Code Vulnerability Detection Method Based on Heterogeneous Source-Level Intermediate Representation},
  author={Song, Z. and Wang, J. and Liu, S. and Fang, Z. and Yang, K.},
  journal={Security and Communication Networks},
  volume={2022},
  number={1},
  pages={1919907},
  year={2022},
  publisher={Wiley Online Library}
}

@inproceedings{sun2023enhanced,
  title={An enhanced vulnerability detection in software using a heterogeneous encoding ensemble},
  author={Sun, H. and Liu, Y. and Ding, Z. and Xiao, Y. and Hao, Z. and Zhu, H.},
  booktitle={2023 IEEE Symposium on Computers and Communications (ISCC)},
  pages={1214--1220},
  year={2023},
  organization={IEEE}
}

@inproceedings{wang2016,
  title={Automatically learning semantic features for defect prediction},
  author={Wang, S. and Liu, T. and Tan, L.},
  booktitle={2016 IEEE/ACM 38th International Conference on Software Engineering (ICSE)},
  pages={297--308},
  year={2016},
  organization={IEEE}
}

@article{wen2023vulnerability,
  title={Vulnerability Detection with Graph Simplification and Enhanced Graph Representation Learning},
  author={Wen, Xin-Cheng and Chen, Yupan and Gao, Cuiyun and Zhang, Hongyu and Zhang, Jie M and Liao, Qing},
  journal={arXiv preprint arXiv:2302.04675},
  year={2023}
}

@inproceedings{yamaguchi2011,
  author={Yamaguchi, F. and Lindner, F. and Rieck, K.},
  title={Vulnerability extrapolation: Assisted discovery of vulnerabilities using machine learning},
  booktitle={Proceedings of the 5th USENIX conference on Offensive technologies},
  pages={13-13},
  year={2011}
}

@inproceedings{zhao2018deepsim,
  title={Deepsim: deep learning code functional similarity},
  author={Zhao, G. and Huang, J.},
  booktitle={Proceedings of the 2018 26th ACM Joint Meeting on European Software Engineering Conference and Symposium on the Foundations of Software Engineering},
  pages={141--151},
  year={2018}
}

@article{zhou2019devign,
  title={Devign: Effective vulnerability identification by learning comprehensive program semantics via graph neural networks},
  author={Zhou, Y. and Liu, S. and Siow, J. and Du, X. and Liu, Y.},
  journal={Advances in neural information processing systems},
  volume={32},
  year={2019}
}

@article{zou2019,
  author={Zou, D. and Wang, S. and Xu, S. and Li, Z. and Jin, H.},
  title={$\mu$VulDeePecker: A Deep Learning-Based System for Multiclass Vulnerability Detection},
  journal={IEEE Transactions on Dependable and Secure Computing},
  volume={18},
  number={5},
  pages={2224--2236},
  year={2019},
  publisher={IEEE}
}

