@article{allamanis2017learning,
  title={Learning to represent programs with graphs},
  author={Allamanis, M. and Brockschmidt, M. and Khademi, M.},
  journal={arXiv preprint arXiv:1711.00740},
  year={2017}
}

@online{Andrew2009,
   author = "Andrew, D.",
   title = "RATS",
   url = {https://github.com/andrew-d/rough-auditing-tool-for-security},
   year = "2009"
}

@article{bianchi2021graph,
  title={Graph neural networks with convolutional arma filters},
  author={Bianchi, F.M. and Grattarola, D. and Livi, L. and Alippi, C.},
  journal={IEEE transactions on pattern analysis and machine intelligence},
  year={2021},
  publisher={IEEE}
}

@article{bresson2017residual,
  title={Residual gated graph convnets},
  author={Bresson, X. and Laurent, T.},
  journal={arXiv preprint arXiv:1711.07553},
  year={2017}
}

@inproceedings{brockschmidt2020gnn,
  title={Gnn-film: Graph neural networks with feature-wise linear modulation},
  author={Brockschmidt, M.},
  booktitle={International Conference on Machine Learning},
  pages={1144--1152},
  year={2020},
  organization={PMLR}
}

@article{Brumley2007,
  author= "Brumley, D. and Chiueh, T. and Johnson, R. and Lin, H. and Song, D.",
  title= "RICH: Automatically Protecting Against Integer-Based Vulnerabilities",
  journal= "Proceedings of the Network and Distributed System Security Symposium",
  year={2007},
}

@inproceedings{cao2022mvd,
  title={MVD: memory-related vulnerability detection based on flow-sensitive graph neural networks},
  author={Cao, S. and Sun, X. and Bo, L. and Wu, R. and Li, B. and Tao, C.},
  booktitle={Proceedings of the 44th International Conference on Software Engineering},
  pages={1456--1468},
  year={2022}
}

@misc{Checkmarx,
   author = "Checkmarx",
   title = "Checkmarx",
   howpublished = {https://www.checkmarx.com}, 
   year = "2006"
}

@inproceedings{Chen2009A,
  author={Chen, P. and Wang, Y. and Xin, Z. and Mao, B. and Xie, L.},
  title={Brick: A binary tool for run-time detecting and locating integer-based vulnerability},
  booktitle={2009 International Conference on Availability, Reliability and Security},
  pages={208-215},
  year={2009},
  organization={IEEE}
}


@inproceedings{chen2009B,
  author="Chen, P. and Han, H. and Wang, Y. and Shen, X. and Yin, X. and Mao, B. and Xie, L.",
  title="IntFinder: Automatically detecting integer bugs in x86 binary program",
  booktitle={International Conference on Information and Communications Security},
  pages={336-345},
  year={2009},
  organization={Springer}
}

@article{cheng2021deepwukong,
  title={Deepwukong: Statically detecting software vulnerabilities using deep graph neural network},
  author={Cheng, X. and Wang, H. and Hua, J. and Xu, G. and Sui, Y.},
  journal={ACM Transactions on Software Engineering and Methodology (TOSEM)},
  journal={ACM TOSEM},
  volume={30},
  number={3},
  pages={1--33},
  year={2021},
  publisher={ACM New York, NY, USA}
}

@article{Chinchani2004,
  author= "Chinchani, R. and Iyer, A. and Jayaraman, B. and Upadhyaya, S",
  title= "ARCHERR: Runtime Environment Driven Program Safety",
  booktitle="Proceedings of the European Symposium on Research in Computer Security",
  year="2004",
  pages="385-406"
}

@article{choi2017end,
  title={End-to-end prediction of buffer overruns from raw source code via neural memory networks},
  author={Choi, M. and Jeong, S. and Oh, H. and Choo, J.},
  journal={arXiv preprint arXiv:1703.02458},
  year={2017}
}

@misc{CheckPoint,
   author = "",
   title = "Check Point Research",
   howpublished = {\url{https://resources.checkpoint.com/report}}
}

@misc{Coverity,
   author = "Coverity",
   title = "Coverity Scan",
   howpublished = {\url{https://scan.coverity.com}}
}

@misc{CVE,
   author = "CVE",
   title = {Common Vulnerabilities and Exposures},
   howpublished= {\url{https://cve.mitre.org}},
   year = "2019",
}

@misc{CWE,
   author = "CWE",
   title = {Common Weakness Enumeration},
   howpublished= {\url{https://cwe.mitre.org}},
   year = "2019",
}

@misc{CDT,
   title = "Eclipse CDT",
   howpublished = {\url{https://wiki.eclipse.org/Getting_started_with_CDT_development}}, 
}

@misc{TIFS_HGNN_Dataset,
   author = "Dataset and Code",
   title = {Dataset and Code},
   howpublished= {\url{https://drive.google.com/drive/folders/1rapAOuJd5O79_DQECNNgh6xcB470xbbd?usp=drive_link}},
   year = "2023",
}

@article{dam2017automatic,
  title={Automatic feature learning for vulnerability prediction},
  author={Dam, H.K. and Tran, T. and Pham, T. and Ng, S.W. and Grundy, J. and Ghose, A.},
  journal={arXiv preprint arXiv:1708.02368},
  year={2017}
}

@misc{Devlin2018,
    title={BERT: Pre-training of Deep Bidirectional Transformers for Language Understanding},
    author={Devlin, J. and Chang, M. and Lee, K. and Toutanova, K.},
    year={2018},
    eprint={1810.04805},
    archivePrefix={arXiv},
    primaryClass={cs.CL}
}

@article{Dietz2015,
  author= "Dietz, W. and Li, P. and Regehr, J. and Adve, V.",
  title= "Understanding Integer Overflow in C/C++",
  journal= "ACM Transactions on Software Engineering \& Methodology",
  year={2015},
  volume={25},
  number={1},
  pages={1-29}
}

@inproceedings{ding2022velvet,
  title={VELVET: a noVel Ensemble Learning approach to automatically locate VulnErable sTatements},
  author={Ding, Y. and Suneja, S. and Zheng, Y. and Laredo, J. and Morari, A. and Kaiser, G. and Ray, B.},
  booktitle={2022 IEEE International Conference on Software Analysis, Evolution and Reengineering (SANER)},
  booktitle={2022 IEEE International Conference on SANER},
  pages={959--970},
  year={2022},
  organization={IEEE}
}

@article{dong2018defect,
  title={Defect prediction in android binary executables using deep neural network},
  author={Dong, F. and Wang, J. and Li, Q. and Xu, G. and Zhang, S.},
  journal={Wireless Personal Communications},
  volume={102},
  number={3},
  pages={2261--2285},
  year={2018},
  publisher={Springer}
}

@article{feng2020codebert,
  title={Codebert: A pre-trained model for programming and natural languages},
  author={Feng, Z. and Guo, D. and Tang, D. and Duan, N. and Feng, X. and Gong, M. and Shou, L. and Qin, B. and Liu, T. and Jiang, D. and others},
  journal={arXiv preprint arXiv:2002.08155},
  year={2020}
}

@misc{Flawfinder,
   author = "Flawfinder",
   title = "Flawfinder",
   howpublished = {\url{http://www.dwheeler.com/flawfinder}}
}

@inproceedings{gao2018vulseeker,
  title={VulSeeker: A semantic learning based vulnerability seeker for cross-platform binary},
  author={Gao, J. and Yang, X. and Fu, Y. and Jiang, Y. and Sun, J.},
  booktitle={2018 33rd IEEE/ACM International Conference on Automated Software Engineering (ASE)},
  pages={896--899},
  year={2018},
  organization={IEEE}
}

@inproceedings{Godefroid2008,
  author="Godefroid, P. and Levin, M. and Molnar, D.",
  title={Automated whitebox fuzz testing},
  booktitle= "Network and Distributed System Security Symposium",
  year={2008}
}

@inproceedings{guo2017,
  title={Semantically enhanced software traceability using deep learning techniques},
  author={Guo, J. and Cheng, J. and Cleland-Huang, J.},
  booktitle={2017 IEEE/ACM 39th International Conference on Software Engineering (ICSE)},
  pages={3--14},
  year={2017},
  organization={IEEE}
}

@article{hamilton2017inductive,
  title={Inductive representation learning on large graphs},
  author={Hamilton, W. and Ying, Z. and Leskovec, J.},
  journal={Advances in neural information processing systems},
  volume={30},
  year={2017}
}

@inproceedings{hin2022linevd,
  title={LineVD: statement-level vulnerability detection using graph neural networks},
  author={Hin, D. and Kan, A. and Chen, H. and Babar, M. A.},
  booktitle={Proceedings of the 19th International Conference on Mining Software Repositories},
  pages={596--607},
  year={2022}
}

@inproceedings{holmes1994weka,
  title={Weka: A machine learning workbench},
  author={Holmes, G. and Donkin, A. and Witten, I.H.},
  booktitle={Proceedings of ANZIIS'94-Australian New Zealnd Intelligent Information Systems Conference},
  pages={357--361},
  year={1994},
  organization={IEEE}
}

@inproceedings{hovsepyan2012,
  title={Software vulnerability prediction using text analysis techniques},
  author={Hovsepyan, A. and Scandariato, R. and Joosen, W. and Walden, J.},
  booktitle={Proceedings of the 4th international workshop on Security measurements and metrics},
  pages={7-10},
  year={2012}
}


@inproceedings{huo2016,
  title={Learning unified features from natural and programming languages for locating buggy source code.},
  author={Huo, X. and Li, M. and Zhou, Z. and others},
  booktitle={IJCAI},
  volume={16},
  pages={1606--1612},
  year={2016}
}

@misc{JDT,
   title = "Eclipse JDT",
   howpublished = {\url{https://www.eclipse.org/jdt/core/}}, 
}

@inproceedings{jiang2018contractfuzzer,
  title={Contractfuzzer: Fuzzing smart contracts for vulnerability detection},
  author={Jiang, B. and Liu, Y. and Chan, W. K.},
  booktitle={Proceedings of the 33rd ACM/IEEE International Conference on Automated Software Engineering},
  pages={259--269},
  year={2018}
}

@misc{jpf2005,
   author = "NASA",
   title = "Java Pathfinder",
   howpublished= {\url{https://github.com/javapathfinder/jpf-core}}, 
   year = "2005"
}

@misc{Joulin2016fastText,
    author="Joulin, A. and Grave, E. and Bojanowski, P. and Mikolov, T.",
    title={Bag of Tricks for Efficient Text Classification},
    year={2016},
    eprint={1607.01759},
    archivePrefix={arXiv},
    primaryClass={cs.CL}
}

@inproceedings{Kipf2017,
title={Semi-Supervised Classification with Graph Convolutional Networks},
author={Kipf, T. and Welling, M.},
booktitle={International Conference on Learning Representations},
year={2017}
}

@online{Kravets2017,
   author = "Kravets, D.",
   editor = "Ars Technica",
   title = {Sorry ma'am you didn't win \$43M – there was a slot machine 'malfunction'},
   url = {https://arstechnica.com/tech-policy/2017/06/sorry-maam-you-didnt-win-43m-there-was-a-slot-machine-malfunction/},
   year = "2017",
   month = "6"
}

@inproceedings{laguna2016,
  title={Pinpointing scale-dependent integer overflow bugs in large-scale parallel applications},
  author={Laguna, I. and Schulz, M.},
  booktitle={SC'16: Proceedings of the International Conference for High Performance Computing, Networking, Storage and Analysis},
  pages={216-227},
  year={2016},
  organization={IEEE}
}

@inproceedings{le2018maximal,
  title={Maximal divergence sequential autoencoder for binary software vulnerability detection},
  author={Le, T. and Nguyen, T. and Le, T. and Phung, D. and Montague, P. and De Vel, O. and Qu, L.},
  booktitle={International Conference on Learning Representations},
  year={2018}
}

@inproceedings{lee2017learning,
  title={Learning binary code with deep learning to detect software weakness},
  author={Lee, Y. and Choi, S. and Kim, C. and Lim, S. and Park, K.},
  booktitle={KSII the 9th international conference on internet (ICONI) 2017 symposium},
  year={2017}
}

@inproceedings{li2013software,
  title={Software vulnerability detection using backward trace analysis and symbolic execution},
  author={Li, H. and Kim, T. and Bat-Erdene, M. and Lee, H.},
  booktitle={2013 International Conference on Availability, Reliability and Security},
  pages={446--454},
  year={2013},
  organization={IEEE}
}

@article{li2015gated,
  title={Gated graph sequence neural networks},
  author={Li, Y. and Tarlow, D. and Brockschmidt, M. and Zemel, R.},
  journal={arXiv preprint arXiv:1511.05493},
  year={2015}
}

@inproceedings{li2016vulpecker,
  title={Vulpecker: an automated vulnerability detection system based on code similarity analysis},
  author={Li, Z. and Zou, D. and Xu, S. and Jin, H. and Qi, H. and Hu, J.},
  booktitle={Proceedings of the 32nd annual conference on computer security applications},
  pages={201--213},
  year={2016}
}

@inproceedings{Li2017,
  title={Software defect prediction via convolutional neural network},
  author={Li, J. and He, P. and Zhu, J. and Lyu, M. R.},
  booktitle={2017 IEEE International Conference on Software Quality, Reliability and Security (QRS)},
  pages={318--328},
  year={2017},
  organization={IEEE}
}

@INPROCEEDINGS{Li2018,
  author="Li, Z.  and  Zou, D. and  Xu, S.  and  Ou, X.  and  Zhong, Y.",
  title="VulDeePecker: A Deep Learning-Based System for Vulnerability Detection",
  booktitle="Network and Distributed System Security Symposium",
  month = "2",
  year={2018}
}

@article{Li2019,
  author= "Li, R. and Feng, C. and Zhang, X. and Tang, C.",
  journal={IEEE Access}, 
  title= "A Lightweight Assisted Vulnerability Discovery Method Using Deep Neural Networks", 
  year={2019},
  volume={7},
  number={},
  pages="80079-80092"
}

@article{li2021sysevr,
  title={Sysevr: A framework for using deep learning to detect software vulnerabilities},
  author={Li, Z. and Zou, D. and Xu, S. and Jin, H. and Zhu, Y. and Chen, Z.},
  journal={IEEE Transactions on Dependable and Secure Computing},
  year={2021},
  publisher={IEEE}
}

@inproceedings{lin2017,
  title={POSTER: Vulnerability discovery with function representation learning from unlabeled projects},
  author={Lin, G. and Zhang, J. and Luo, W. and Pan, L. and Xiang, Y.},
  booktitle={Proceedings of the 2017 ACM SIGSAC Conference on Computer and Communications Security},
  pages={2539--2541},
  year={2017}
}

@article{lin2018cross,
  title={Cross-project transfer representation learning for vulnerable function discovery},
  author={Lin, G. and Zhang, J. and Luo, W. and Pan, L. and Xiang, Y. and De Vel, O. and Montague, P.},
  journal={IEEE Transactions on Industrial Informatics},
  volume={14},
  number={7},
  pages={3289--3297},
  year={2018},
  publisher={IEEE}
}

@article{liu2021combining,
  title={Combining graph neural networks with expert knowledge for smart contract vulnerability detection},
  author={Liu, Z. and Qian, P. and Wang, X. and Zhuang, Y. and Qiu, L. and Wang, X.},
  journal={IEEE Transactions on Knowledge and Data Engineering},
  volume={35},
  number={2},
  pages={1296--1310},
  year={2021},
  publisher={IEEE}
}

@article{Long2014,
  author= "Long, F. and Sidiroglou-Douskos, S. and Kim, D. and Rinard, M.",
  title= "Sound input filter generation for integer overflow errors",
  booktitle= "Proceedings of the Symposium on Principles of Programming Languages (POPL2014)",
  year="2014"
}

 @inproceedings{luo2021,
   title={Detecting Integer Overflow Errors in Java Source Code via Machine Learning},
   author={Luo, Y. and Xu, W. and Xu, D.},
   booktitle={2021 IEEE 33rd International Conference on Tools with Artificial Intelligence (ICTAI)},
   pages={724--728},
   year={2021},
   organization={IEEE}
 }

@article{luo2022Journal,
  title={Detecting Integer Overflow Errors in Java Source Code via Machine Learning},
  author={Luo, Y. and Xu, W. and Xu, D.},
  booktitle={International Journal on Artificial Intelligence Tools},
    volume={31},
  number={8},
  year={2022}
}

@inproceedings{luo2022,
  title={Compact Abstract Graphs for Detecting Code Vulnerability with GNN Models},
  author={Luo, Y. and Xu, W. and Xu, D.},
  booktitle={Proceedings of the 38th Annual Computer Security Applications Conference},
  pages={497--507},
  year={2022}
}

@misc{Mertikas2018,
   author = "Mertikas, E.",
   title = "NUM00-J. Detect or prevent integer overflow",
   year={2018},
   howpublished = {\url{https://wiki.sei.cmu.edu/confluence/display/java/NUM00-J.+Detect+or+prevent+integer+overflow}}
}

@misc{Microsoft,
   author = "Microsoft",
   title = "PREfast Analysis Tool",
   howpublished= {\url{https://msdn.microsoft.com/en-us/library/ms933794.aspx}},
   year = "2012"
}

@inproceedings{mokhov2015,
  title={MARFCAT: Fast code analysis for defects and vulnerabilities},
  author={Mokhov, S. A and Paquet, J. and Debbabi, M.},
  booktitle={2015 IEEE 1st International Workshop on Software Analytics},
  pages={35-38},
  year={2015},
  organization={IEEE}
}

@inproceedings{Molnar2009,
  author="Molnar, D. and Li, X. and Wagner, D.A.",
  title="Dynamic Test Generation to Find Integer Bugs in x86 Binary Linux Programs",
  booktitle="USENIX Security Symposium",
  volume={9},
  pages={67-82},
  year={2009}
}

@online{Mouawad2015,
   author = "Mouawad, J.",
   editor = "New York Times",
   title = {F.A.A. Orders Fix for Possible Power Loss in Boeing 787},
   url = {https://www.nytimes.com/2015/05/01/business/faa-orders-fix-for-possible-power-loss-in-boeing-787.html?_r=0},
   year = "2015",
   month = "4",
   day = "30"
}

@article{moy2009,
  author="Moy, Y. and Bj{\o}rner, N. and Sielaff, D.",
  title= "Modular bug-finding for integer overflows in the large: Sound, efficient, bit-precise static analysis",
  journal={Tech. Rep. MSR-TR-2009--57},
  year={2009}
}

@article{nethercote2007,
  author={Nethercote, N. and Seward, J.},
  title={Valgrind: a framework for heavyweight dynamic binary instrumentation},
  journal={ACM Sigplan notices},
  volume={42},
  number={6},
  pages={89-100},
  year={2007},
  publisher={ACM New York, NY, USA}
}

@inproceedings{neuhaus2007,
  title={Predicting vulnerable software components},
  author={Neuhaus, S. and Zimmermann, T. and Holler, C. and Zeller, A.},
  booktitle={Proceedings of the 14th ACM conference on Computer and communications security},
  pages={529-540},
  year={2007}
}


@misc{NVD,
   author = "NVD",
   title = "National Vulnerability Database",
   howpublished= {\url{https://nvd.nist.gov}},
   year={2023}
}

@inproceedings{pang2015,
  title={Predicting vulnerable software components through n-gram analysis and statistical feature selection},
  author={Pang, Y. and Xue, X. and Namin, A.},
  booktitle={2015 IEEE 14th International Conference on Machine Learning and Applications (ICMLA)},
  pages={543-548},
  year={2015},
  organization={IEEE}
}

@inproceedings{Pang2017,
  author= "Pang, Y. and Xue, X. and Wang, H.",
  title= "Predicting Vulnerable Software Components through Deep Neural Network",
  booktitle= "the 2017 International Conference",
  year={2017},
  pages="6-10"
}

@inproceedings{peng2015building,
  title={Building program vector representations for deep learning},
  author={Peng, H. and Mou, L. and Li, G. and Liu, Y. and Zhang, L. and Jin, Z.},
  booktitle={International conference on knowledge science, engineering and management},
  pages={547--553},
  year={2015},
  organization={Springer}
}

@misc{pmd,
   author = "",
   title = "PMD",
  howpublished= {\url{https://github.com/pmd/pmd}}, 
}

@inproceedings{pomonis2014,
  author="Pomonis, M. and Petsios, T. and Jee, K. and Polychronakis, M. and Keromytis, A.D.",
  title="IntFlow: improving the accuracy of arithmetic error detection using information flow tracking",
  booktitle="Proceedings of the 30th Annual Computer Security Applications Conference(ACSAC 2014)",
  pages={416-425},
  year={2014}
}

@misc{PyDotPlus,
   title = "PyDotPlus",
   howpublished = {\url{https://pydotplus.readthedocs.io/}}, 
}



@misc{Pyg,
   title = "PyG",
   howpublished = {\url{https://pytorch-geometric.readthedocs.io/en/latest/}}, 
}

@misc{Pytorch,
   title = "Pytorch",
   howpublished = {\url{https://pytorch.org/}}, 
}

@inproceedings{rabheru2022hybrid,
  title={A hybrid graph neural network approach for detecting PHP vulnerabilities},
  author={Rabheru, R. and Hanif, H. and Maffeis, S.},
  booktitle={2022 IEEE Conference on Dependable and Secure Computing (DSC)},
  pages={1--9},
  year={2022},
  organization={IEEE}
}


@inproceedings{Russell2018,
  title={Automated vulnerability detection in source code using deep representation learning},
  author={Russell, R. and Kim, L. and Hamilton, L. and Lazovich, T. and Harer, J. and Ozdemir, O. and Ellingwood, P. and McConley, M.},
  booktitle={2018 17th IEEE International Conference on Machine Learning and Applications (ICMLA)},
  booktitle={2018 17th ICMLA},
  pages={757-762},
  year={2018},
  organization={IEEE}
}

@inproceedings{sajnani2016sourcerercc,
  title={Sourcerercc: Scaling code clone detection to big-code},
  author={Sajnani, H. and Saini, V. and Svajlenko, J. and Roy, C.K. and Lopes, C.V.},
  booktitle={Proceedings of the 38th International Conference on Software Engineering},
  pages={1157--1168},
  year={2016}
}

@misc{SARD,
   author = "SARD",
   title = {NIST Software Assurance Reference Dataset Project},
   howpublished= {\url{https://samate.nist.gov/SRD/testsuite.php}},
   year = "2019",
}

@inproceedings{saxena2009loop,
  title={Loop-extended symbolic execution on binary programs},
  author={Saxena, P. and Poosankam, P. and McCamant, S. and Song, D.},
  booktitle={Proceedings of the eighteenth international symposium on Software testing and analysis},
  pages={225--236},
  year={2009}
}

@misc{sbert,
   title = "sbert",
   howpublished = {\url{https://www.sbert.net/docs/pretrained_models.html}}, 
}

@article{scandariato2014,
  title={Predicting vulnerable software components via text mining},
  author={Scandariato, R. and Walden, J. and Hovsepyan, A. and Joosen, W.},
  journal={IEEE Transactions on Software Engineering},
  volume={40},
  number={10},
  pages={993-1006},
  year={2014},
  publisher={IEEE}
}

@article{sestili2018towards,
  title={Towards security defect prediction with AI},
  author={Sestili, C.D. and Snavely, W.S. and VanHoudnos, N.M.},
  journal={arXiv preprint arXiv:1808.09897},
  year={2018}
}

@article{shabtai2009,
  title={Detection of malicious code by applying machine learning classifiers on static features: A state-of-the-art survey},
  author={Shabtai, A. and Moskovitch, R. and Elovici, Y. and Glezer, C.},
  journal={information security technical report},
  volume={14},
  number={1},
  pages={16-29},
  year={2009},
  publisher={Elsevier}
}

@article{shi2020masked,
  title={Masked label prediction: Unified message passing model for semi-supervised classification},
  author={Shi, Y. and Huang, Z. and Feng, S. and Zhong, H. and Wang, W. and Sun, Y.},
  journal={arXiv preprint arXiv:2009.03509},
  year={2020}
}

@TECHREPORT{Sidiroglou-douskos2015A,
    author = "Sidiroglou-douskos, S. and Lahtinen, E. and Rinard, M.",
    title = "Automatic discovery and patching of buffer and integer overflow errors",
    institution = {},
    year = {2015}
}

@inproceedings{Sidiroglou-Douskos2015B,
  title="Targeted automatic integer overflow discovery using goal-directed conditional branch enforcement",
  author="Sidiroglou-Douskos, S. and Lahtinen, E. and Rittenhouse, N. and Piselli, P. and Long, F. and Kim, D. and Rinard, M.",
  booktitle="Proceedings of the Twentieth International Conference on Architectural Support for Programming Languages and Operating Systems",
  pages={473-486},
  year={2015}
}

@article{song2020mpnet,
  title={Mpnet: Masked and permuted pre-training for language understanding},
  author={Song, K. and Tan, X. and Qin, T. and Lu, J. and Liu, T.},
  journal={Advances in Neural Information Processing Systems},
  volume={33},
  pages={16857--16867},
  year={2020}
}

@article{song2022hgvul,
  title={HGVul: A Code Vulnerability Detection Method Based on Heterogeneous Source-Level Intermediate Representation},
  author={Song, Z. and Wang, J. and Liu, S. and Fang, Z. and Yang, K.},
  journal={Security and Communication Networks},
  volume={2022},
  number={1},
  pages={1919907},
  year={2022},
  publisher={Wiley Online Library}
}

@misc{spotbugs,
   author = "",
   title = "Spotbugs",
  howpublished= {\url{https://github.com/spotbugs/spotbugs}}, 
}

@inproceedings{Sun2016,
  author="Sun, H. and Zhang, X. and Zheng, Y. and Zeng, Q.",
  title="Inteq: recognizing benign integer overflows via equivalence checking across multiple precisions",
  booktitle="Proceedings of the 38th International Conference on Software Engineering",
  pages="1051-1062",
  year={2016}
}

@inproceedings{sun2023enhanced,
  title={An enhanced vulnerability detection in software using a heterogeneous encoding ensemble},
  author={Sun, H. and Liu, Y. and Ding, Z. and Xiao, Y. and Hao, Z. and Zhu, H.},
  booktitle={2023 IEEE Symposium on Computers and Communications (ISCC)},
  pages={1214--1220},
  year={2023},
  organization={IEEE}
}

@inproceedings{trinh2014s3,
  title={S3: A symbolic string solver for vulnerability detection in web applications},
  author={Trinh, M.and Chu, D. and Jaffar, J.},
  booktitle={Proceedings of the 2014 ACM SIGSAC Conference on Computer and Communications Security},
  pages={1232--1243},
  year={2014}
}

@inproceedings{
veličković2018graph,
title={Graph Attention Networks},
author={Petar V. and Guillem C. and Arantxa C. and Adriana R. and Pietro L. and Yoshua B.},
booktitle={International Conference on Learning Representations},
year={2018}
}

@inproceedings{verma2018feastnet,
  title={Feastnet: Feature-steered graph convolutions for 3d shape analysis},
  author={Verma, N. and Boyer, E. and Verbeek, J.},
  booktitle={Proceedings of the IEEE conference on computer vision and pattern recognition},
  pages={2598--2606},
  year={2018}
}

@inproceedings{viega2000,
  author={Viega, J. and Bloch, J. and Kohno, Y. and McGraw, G.},
  title={ITS4: A static vulnerability scanner for C and C++ code},
  booktitle={Proceedings 16th Annual Computer Security Applications Conference (ACSAC'00)},
  pages={257-267},
  year={2000},
  organization={IEEE}
}

@inproceedings{Wang2009,
  author= "Wang, T. and Wei, T. and Lin, Z. and Zou, W.",
  title= "IntScope: Automatically Detecting Integer Overflow Vulnerability In X86 Binary Using Symbolic Execution",
  booktitle= "Network \& Distributed System Security Symposium (NDSS2009)",
  year={2009}
}

@inproceedings{wang2010taintscope,
  title={TaintScope: A checksum-aware directed fuzzing tool for automatic software vulnerability detection},
  author={Wang, T. and Wei, T. and Gu, G. and Zou, W.},
  booktitle={2010 IEEE Symposium on Security and Privacy},
  pages={497--512},
  year={2010},
  organization={IEEE}
}

@inproceedings{Wang2012NBSVM,
  author="Wang, S. and Manning, C.",
  title = "Baselines and bigrams: Simple, good sentiment and topic classification",
  booktitle = "50th Annual Meeting of the Association for Computational Linguistics, ACL 2012 - Proceedings of the Conference",
  year = "2012",
  pages = "90-94"
}

@inproceedings{Wang2014,
  author= "Wang, T. and Song, C. and Lee, W.",
  title= "Diagnosis and Emergency Patch Generation for Integer Overflow Exploits",
  booktitle= "Detection of Intrusions \& Malware \& Vulnerability Assessment (DIMVA 2014)",
  year={2014},
  pages = "255-275"
}

@inproceedings{wang2016,
  title={Automatically learning semantic features for defect prediction},
  author={Wang, S. and Liu, T. and Tan, L.},
  booktitle={2016 IEEE/ACM 38th International Conference on Software Engineering (ICSE)},
  pages={297--308},
  year={2016},
  organization={IEEE}
}

@article{Wang2020,
  author="Wang, H. and Ye, G. and Tang, Z. and Tan, S.H. and Huang, S. and Fang, D. and Feng, Y. and Bian, L. and Wang, Z.",
  title="Combining Graph-based Learning with Automated Data Collection for Code Vulnerability Detection",
  journal="IEEE TIFS",
  volume = {16},
  pages = {1943-1958},
  year={2020}
}

@article{wen2023vulnerability,
  title={Vulnerability Detection with Graph Simplification and Enhanced Graph Representation Learning},
  author={Wen, Xin-Cheng and Chen, Yupan and Gao, Cuiyun and Zhang, Hongyu and Zhang, Jie M and Liao, Qing},
  journal={arXiv preprint arXiv:2302.04675},
  year={2023}
}

@inproceedings{white2016,
  title={Deep learning code fragments for code clone detection},
  author={White, M. and Tufano, M. and Vendome, C. and Poshyvanyk, D.},
  booktitle={2016 31st IEEE/ACM International Conference on Automated Software Engineering (ASE)},
  pages={87--98},
  year={2016},
  organization={IEEE}
}

@inproceedings{wijayasekara2012,
  title={Mining bug databases for unidentified software vulnerabilities},
  author={Wijayasekara, D. and Manic, M. and Wright, J.L. and McQueen, M.},
  booktitle={2012 5th International Conference on Human System Interactions},
  pages={89-96},
  year={2012},
  organization={IEEE}
}

@article{Wojtczuk2005,
  author="Wojtczuk, R.",
  title="UQBTng: a tool capable of automatically nding integer overows in Win32 binaries",
  journal="Proceedings of Chaos Communication Congress",
  year={2005}
}

@incollection{wilcoxon1992individual,
  title={Individual comparisons by ranking methods},
  author={Wilcoxon, F.},
  booktitle={Breakthroughs in statistics},
  pages={196--202},
  year={1992},
  publisher={Springer}
}

@INPROCEEDINGS{Wu2017,  
  author="Wu, F. and Wang, J. and Liu, J. and Wang, W.",  
  title="Vulnerability detection with deep learning",
  booktitle ="2017 3rd IEEE International Conference on Computer and Communications (ICCC)",   
  year="2017",  
  volume={},  
  number={},  
  pages="1298-1302"
}

@INPROCEEDINGS{Xu2018,
  author="Xu, A. and Dai, T. and Chen, H. and Ming, Z. and Li, W.",
  title="Vulnerability Detection for Source Code Using Contextual LSTM",
  booktitle="2018 5th International Conference on Systems and Informatics (ICSAI)", 
  year={2018},
  volume={},
  number={},
  pages="1225-1230"
}

@inproceedings{yamaguchi2011,
  author={Yamaguchi, F. and Lindner, F. and Rieck, K.},
  title={Vulnerability extrapolation: Assisted discovery of vulnerabilities using machine learning},
  booktitle={Proceedings of the 5th USENIX conference on Offensive technologies},
  pages={13-13},
  year={2011}
}

@inproceedings{yang2015,
  title={Deep learning for just-in-time defect prediction},
  author={Yang, X. and Lo, D. and Xia, X. and Zhang, Y. and Sun, J.},
  booktitle={2015 IEEE International Conference on Software Quality, Reliability and Security},
  pages={17--26},
  year={2015},
  organization={IEEE}
}

@article{yang2019xlnet,
  title={Xlnet: Generalized autoregressive pretraining for language understanding},
  author={Yang, Z. and Dai, Z. and Yang, Y. and Carbonell, J. and Salakhutdinov, R. and Le, Q.},
  journal={Advances in neural information processing systems},
  volume={32},
  year={2019}
}

@inproceedings{zhang2010IntPatch,
  author="Zhang, C. and Wang, T. and Wei, T. and Chen, Y. and Zou, W.",
  title="IntPatch: Automatically fix integer-overflow-to-buffer-overflow vulnerability at compile-time",
  booktitle="European Symposium on Research in Computer Security",
  pages={71-86},
  year={2010},
  organization={Springer}
}

@book{Zhang2015,
  author= "Zhang, Y. and Sun, X. and Deng, Y. and Cheng, L. and Zeng, S. and Fu, Y. and Feng, D.",
  title="Improving Accuracy of Static Integer Overflow Detection in Binary",
  booktitle="Research in Attacks, Intrusions, and Defenses",
  publisher= "Springer International Publishing",
  year={2015},
  pages="247-269"
}

@INPROCEEDINGS{Zhang2016,
  author= "Zhang, B. and Feng, C. and Wu, B. and Tang, C.",
  title= "Detecting integer overflow in Windows binary executables based on symbolic execution",
  booktitle= "2016 17th IEEE/ACIS International Conference on Software Engineering, Artificial Intelligence, Networking and Parallel/Distributed Computing (SNPD)",
  year={2016},
  volume={},
  number={},
  pages="385-390"
}

@inproceedings{zhao2018deepsim,
  title={Deepsim: deep learning code functional similarity},
  author={Zhao, G. and Huang, J.},
  booktitle={Proceedings of the 2018 26th ACM Joint Meeting on European Software Engineering Conference and Symposium on the Foundations of Software Engineering},
  pages={141--151},
  year={2018}
}

@article{zhou2019devign,
  title={Devign: Effective vulnerability identification by learning comprehensive program semantics via graph neural networks},
  author={Zhou, Y. and Liu, S. and Siow, J. and Du, X. and Liu, Y.},
  journal={Advances in neural information processing systems},
  volume={32},
  year={2019}
}

@article{zou2019,
  author={Zou, D. and Wang, S. and Xu, S. and Li, Z. and Jin, H.},
  title={$\mu$VulDeePecker: A Deep Learning-Based System for Multiclass Vulnerability Detection},
  journal={IEEE Transactions on Dependable and Secure Computing},
  volume={18},
  number={5},
  pages={2224--2236},
  year={2019},
  publisher={IEEE}
}

