@inproceedings{Sun2020Adversarial,
  title={Adversarial attacks on graph neural networks via node injections: A hierarchical reinforcement learning approach},
  author={Sun, Yiwei and Wang, Suhang and Tang, Xianfeng and Hsieh, Tsung-Yu and Honavar, Vasant},
  booktitle={Proceedings of the Web Conference 2020},
  pages={673--683},
  year={2020}
}

@inproceedings{chen2022understanding,
title={Understanding and Improving Graph Injection Attack by Promoting Unnoticeability},
author={Yongqiang Chen and Han Yang and Yonggang Zhang and MA KAILI and Tongliang Liu and Bo Han and James Cheng},
booktitle={International Conference on Learning Representations},
year={2022},
url={https://openreview.net/forum?id=wkMG8cdvh7-}
}

@inproceedings{ju2023let,
  title={Let graph be the go board: gradient-free node injection attack for graph neural networks via reinforcement learning},
  author={Ju, Mingxuan and Fan, Yujie and Zhang, Chuxu and Ye, Yanfang},
  booktitle={Proceedings of the AAAI Conference on Artificial Intelligence},
  volume={37},
  pages={4383--4390},
  year={2023}
}

@inproceedings{tao2021single,
  title={Single node injection attack against graph neural networks},
  author={Tao, Shuchang and Cao, Qi and Shen, Huawei and Huang, Junjie and Wu, Yunfan and Cheng, Xueqi},
  booktitle={Proceedings of the 30th ACM International Conference on Information \& Knowledge Management},
  pages={1794--1803},
  year={2021}
}

@article{wang2020scalable,
  title={Scalable attack on graph data by injecting vicious nodes},
  author={Wang, Jihong and Luo, Minnan and Suya, Fnu and Li, Jundong and Yang, Zijiang and Zheng, Qinghua},
  journal={Data Mining and Knowledge Discovery},
  volume={34},
  pages={1363--1389},
  year={2020},
  publisher={Springer}
}

@inproceedings{zou2021tdgia,
  title={Tdgia: Effective injection attacks on graph neural networks},
  author={Zou, Xu and Zheng, Qinkai and Dong, Yuxiao and Guan, Xinyu and Kharlamov, Evgeny and Lu, Jialiang and Tang, Jie},
  booktitle={Proceedings of the 27th ACM SIGKDD Conference on Knowledge Discovery \& Data Mining},
  pages={2461--2471},
  year={2021}
}

