@book{ abelson-et-al:scheme,
  author = "Harold Abelson and Gerald~Jay Sussman and Julie Sussman",
  title = "Structure and Interpretation of Computer Programs",
  publisher = "MIT Press",
  address = "Cambridge, Massachusetts",
  year = "1985"
}

@inproceedings{ bgf:Lixto,
  author = "Robert Baumgartner and Georg Gottlob and Sergio Flesca",
  title = "Visual Information Extraction with {Lixto}",
  booktitle = "Proceedings of the 27th International Conference on Very Large Databases",
  pages = "119--128",
  publisher = "Morgan Kaufmann",
  address = "Rome, Italy",
  month = "September",
  year = "2001"
}

@article{ brachman-schmolze:kl-one,
  author = "Ronald~J. Brachman and James~G. Schmolze",
  title = "An overview of the {KL-ONE} knowledge representation system",
  journal = "Cognitive Science",
  volume = "9",
  number = "2",
  pages = "171--216",
  month = "April--June",
  year = "1985"
}

@article{ gottlob:nonmon,
  author = "Georg Gottlob",
  title = "Complexity results for nonmonotonic logics",
  journal = "Journal of Logic and Computation",
  volume = "2",
  number = "3",
  pages = "397--425",
  month = "June",
  year = "1992"
}

@article{ gls:hypertrees,
  author = "Georg Gottlob and Nicola Leone and Francesco Scarcello",
  title = "Hypertree Decompositions and Tractable Queries",
  journal = "Journal of Computer and System Sciences",
  volume = "64",
  number = "3",
  pages = "579--627",
  month = "May",
  year = "2002"
}

@article{ levesque:functional-foundations,
  author = "Hector~J. Levesque",
  title = "Foundations of a functional approach to knowledge representation",
  journal = "Artificial Intelligence",
  volume = "23",
  number = "2",
  pages = "155--212",
  month = "July",
  year = "1984"
}

@inproceedings{ levesque:belief,
  author = "Hector~J. Levesque",
  title = "A logic of implicit and explicit belief",
  booktitle = "Proceedings of the Fourth National Conference on Artificial Intelligence",
  publisher = "American Association for Artificial Intelligence",
  pages = "198--202",
  address = "Austin, Texas",
  month = "August",
  year = "1984"
}

@article{ nebel:jair-2000,
  author = "Bernhard Nebel",
  title = "On the compilability and expressive power of propositional planning formalisms",
  journal = "Journal of Artificial Intelligence Research",
  volume = "12",
  pages = "271--315",
  year = "2000"
}

 @misc{proceedings,
  author = {{IJCAI Proceedings}},
  title = {{IJCAI} Camera Ready Submission},
  howpublished = {\url{https://proceedings.ijcai.org/info}},
}



%-------------------Fan----------------

@inproceedings{zhang2023minimum,
  title={Minimum topology attacks for graph neural networks},
  author={Zhang, Mengmei and Wang, Xiao and Shi, Chuan and Lyu, Lingjuan and Yang, Tianchi and Du, Junping},
  booktitle={Proceedings of the ACM Web Conference 2023},
  pages={630--640},
  year={2023}
}



@inproceedings{chen2022understanding,
title={Understanding and Improving Graph Injection Attack by Promoting Unnoticeability},
author={Yongqiang Chen and Han Yang and Yonggang Zhang and MA KAILI and Tongliang Liu and Bo Han and James Cheng},
booktitle={International Conference on Learning Representations},
year={2022},
url={https://openreview.net/forum?id=wkMG8cdvh7-}
}

@inproceedings{ju2023let,
  title={Let graph be the go board: gradient-free node injection attack for graph neural networks via reinforcement learning},
  author={Ju, Mingxuan and Fan, Yujie and Zhang, Chuxu and Ye, Yanfang},
  booktitle={Proceedings of the AAAI Conference on Artificial Intelligence},
  volume={37},
  pages={4383--4390},
  year={2023}
}

@inproceedings{2018adversarial,
title={Adversarial Attacks on Graph Neural Networks via Meta Learning},
author={Daniel Zügner and Stephan Günnemann},
booktitle={International Conference on Learning Representations},
year={2019},
url={https://openreview.net/forum?id=Bylnx209YX},
}

@inproceedings{Dai2018Adversarial,
  title={Adversarial attack on graph structured data},
  author={Dai, Hanjun and Li, Hui and Tian, Tian and Huang, Xin and Wang, Lin and Zhu, Jun and Song, Le},
  booktitle={International conference on machine learning},
  pages={1115--1124},
  year={2018},
  organization={PMLR}
}


@inproceedings{li2023revisiting,
  title={Revisiting graph adversarial attack and defense from a data distribution perspective},
  author={Li, Kuan and Liu, Yang and Ao, Xiang and He, Qing},
  booktitle={The Eleventh International Conference on Learning Representations},
  year={2023}
}

@inproceedings{GCN17,
title={Semi-Supervised Classification with Graph Convolutional Networks},
author={Thomas N. Kipf and Max Welling},
booktitle={International Conference on Learning Representations},
year={2017},
url={https://openreview.net/forum?id=SJU4ayYgl}
}

@article{graphsage17,
  title={Inductive representation learning on large graphs},
  author={Hamilton, Will and Ying, Zhitao and Leskovec, Jure},
  journal={Advances in neural information processing systems},
  volume={30},
  year={2017}
}

@inproceedings{GAT18,
title={Graph Attention Networks},
author={Petar Veličković and Guillem Cucurull and Arantxa Casanova and Adriana Romero and Pietro Liò and Yoshua Bengio},
booktitle={International Conference on Learning Representations},
year={2018},
url={https://openreview.net/forum?id=rJXMpikCZ},
}

@inproceedings{appnp2019,
title={Combining Neural Networks with Personalized PageRank for Classification on Graphs},
author={Johannes Gasteiger and Aleksandar Bojchevski and Stephan Günnemann},
booktitle={International Conference on Learning Representations},
year={2019},
url={https://openreview.net/forum?id=H1gL-2A9Ym},
}

@article{zhang2020gnnguard,
  title={Gnnguard: Defending graph neural networks against adversarial attacks},
  author={Zhang, Xiang and Zitnik, Marinka},
  journal={Advances in neural information processing systems},
  volume={33},
  pages={9263--9275},
  year={2020}
}

@inproceedings{Jain_Dutta_2024,
  title={Stronger and Transferable Node Injection Attacks},
  author={Jain, Samyak and Dutta, Tanima},
  booktitle={Proceedings of the AAAI Conference on Artificial Intelligence},
  volume={38},
  pages={21179--21187},
  year={2024}
}

@article{srivastava2014dropout,
  title={Dropout: a simple way to prevent neural networks from overfitting},
  author={Srivastava, Nitish and Hinton, Geoffrey and Krizhevsky, Alex and Sutskever, Ilya and Salakhutdinov, Ruslan},
  journal={The journal of machine learning research},
  volume={15},
  number={1},
  pages={1929--1958},
  year={2014},
  publisher={JMLR. org}
}

@inproceedings{Zeng_Xie_2021,
  title={Contrastive self-supervised learning for graph classification},
  author={Zeng, Jiaqi and Xie, Pengtao},
  booktitle={Proceedings of the AAAI conference on Artificial Intelligence},
  volume={35},
  number={12},
  pages={10824--10832},
  year={2021}
}

@inproceedings{zheng2021graph,
    title={Graph Robustness Benchmark: Benchmarking the Adversarial Robustness of Graph Machine Learning},
    author={Qinkai Zheng and Xu Zou and Yuxiao Dong and Yukuo Cen and Da Yin and Jiarong Xu and Yang Yang and Jie Tang},
    booktitle={Thirty-fifth Conference on Neural Information Processing Systems Datasets and Benchmarks Track (Round 2)},
    year={2021},
    url={https://openreview.net/forum?id=NxWUnvwFV4}
}

@inproceedings{zugner2018adversarial,
  title={Adversarial attacks on neural networks for graph data},
  author={Z{\"u}gner, Daniel and Akbarnejad, Amir and G{\"u}nnemann, Stephan},
  booktitle={Proceedings of the 24th ACM SIGKDD international conference on knowledge discovery \& data mining},
  pages={2847--2856},
  year={2018}
}

@inproceedings{pmlr-v162-lee22h,
  title={Query-efficient and scalable black-box adversarial attacks on discrete sequential data via bayesian optimization},
  author={Lee, Deokjae and Moon, Seungyong and Lee, Junhyeok and Song, Hyun Oh},
  booktitle={International Conference on Machine Learning},
  pages={12478--12497},
  year={2022},
  organization={PMLR}
}
@inproceedings{Narodytska2017Simple,
  title={Simple Black-Box Adversarial Attacks on Deep Neural Networks.},
  author={Narodytska, Nina and Kasiviswanathan, Shiva Prasad},
  booktitle={CVPR Workshops},
  volume={2},
  year={2017}
}

@inproceedings{Croce_Andriushchenko_Singh_Flammarion_Hein_2022,
  title={Sparse-rs: a versatile framework for query-efficient sparse black-box adversarial attacks},
  author={Croce, Francesco and Andriushchenko, Maksym and Singh, Naman D and Flammarion, Nicolas and Hein, Matthias},
  booktitle={Proceedings of the AAAI Conference on Artificial Intelligence},
  volume={36},
  number={6},
  pages={6437--6445},
  year={2022}
}

@inproceedings{croce2019sparse,
  title={Sparse and imperceivable adversarial attacks},
  author={Croce, Francesco and Hein, Matthias},
  booktitle={Proceedings of the IEEE/CVF international conference on computer vision},
  pages={4724--4732},
  year={2019}
}

@inproceedings{vo2024brusleattack,
    title={{BRUSLEATTACK}: A {QUERY}-{EFFICIENT} {SCORE}- {BASED} {BLACK}-{BOX} {SPARSE} {ADVERSARIAL} {ATTACK}},
    author={Quoc Viet Vo and Ehsan Abbasnejad and Damith Ranasinghe},
    booktitle={The Twelfth International Conference on Learning Representations},
    year={2024},
    url={https://openreview.net/forum?id=PAfnMGXief}
}

@inproceedings{Sun2020Adversarial,
  title={Adversarial attacks on graph neural networks via node injections: A hierarchical reinforcement learning approach},
  author={Sun, Yiwei and Wang, Suhang and Tang, Xianfeng and Hsieh, Tsung-Yu and Honavar, Vasant},
  booktitle={Proceedings of the Web Conference 2020},
  pages={673--683},
  year={2020}
}



@article{cui2019traffic,
  title={Traffic graph convolutional recurrent neural network: A deep learning framework for network-scale traffic learning and forecasting},
  author={Cui, Zhiyong and Henrickson, Kristian and Ke, Ruimin and Wang, Yinhai},
  journal={IEEE Transactions on Intelligent Transportation Systems},
  year={2019}
}



@article{xu2019topology,
  title={Topology attack and defense for graph neural networks: An optimization perspective},
  author={Xu, Kaidi and Chen, Hongge and Liu, Sijia and Chen, Pin-Yu and Weng, Tsui-Wei and Hong, Mingyi and Lin, Xue},
  journal={arXiv},
  year={2019}
}
@article{jiang2021could,
  title={Could graph neural networks learn better molecular representation for drug discovery? A comparison study of descriptor-based and graph-based models},
  author={Jiang, Dejun and Wu, Zhenxing and Hsieh, Chang-Yu and Chen, Guangyong and Liao, Ben and Wang, Zhe and Shen, Chao and Cao, Dongsheng and Wu, Jian and Hou, Tingjun},
  journal={Journal of cheminformatics},
  volume={13},
  pages={1--23},
  year={2021},
  publisher={Springer}
}

@inproceedings{tao2021single,
  title={Single node injection attack against graph neural networks},
  author={Tao, Shuchang and Cao, Qi and Shen, Huawei and Huang, Junjie and Wu, Yunfan and Cheng, Xueqi},
  booktitle={Proceedings of the 30th ACM International Conference on Information \& Knowledge Management},
  pages={1794--1803},
  year={2021}
}

@article{wang2020scalable,
  title={Scalable attack on graph data by injecting vicious nodes},
  author={Wang, Jihong and Luo, Minnan and Suya, Fnu and Li, Jundong and Yang, Zijiang and Zheng, Qinghua},
  journal={Data Mining and Knowledge Discovery},
  volume={34},
  pages={1363--1389},
  year={2020},
  publisher={Springer}
}

@inproceedings{zou2021tdgia,
  title={Tdgia: Effective injection attacks on graph neural networks},
  author={Zou, Xu and Zheng, Qinkai and Dong, Yuxiao and Guan, Xinyu and Kharlamov, Evgeny and Lu, Jialiang and Tang, Jie},
  booktitle={Proceedings of the 27th ACM SIGKDD Conference on Knowledge Discovery \& Data Mining},
  pages={2461--2471},
  year={2021}
}

@article{wang2021cluster,
  title={Cluster attack: Query-based adversarial attacks on graphs with graph-dependent priors},
  author={Wang, Zhengyi and Hao, Zhongkai and Wang, Ziqiao and Su, Hang and Zhu, Jun},
  journal={arXiv preprint arXiv:2109.13069},
  year={2021}
}

@inproceedings{yang2016revisiting,
  title={Revisiting semi-supervised learning with graph embeddings},
  author={Yang, Zhilin and Cohen, William and Salakhudinov, Ruslan},
  booktitle={International conference on machine learning},
  pages={40--48},
  year={2016},
  organization={PMLR}
}

@article{sen2008collective,
  title={Collective classification in network data},
  author={Sen, Prithviraj and Namata, Galileo and Bilgic, Mustafa and Getoor, Lise and Galligher, Brian and Eliassi-Rad, Tina},
  journal={AI magazine},
  volume={29},
  number={3},
  pages={93--93},
  year={2008}
}

@article{madry2017towards,
  title={Towards deep learning models resistant to adversarial attacks},
  author={Madry, Aleksander and Makelov, Aleksandar and Schmidt, Ludwig and Tsipras, Dimitris and Vladu, Adrian},
  journal={arXiv preprint arXiv:1706.06083},
  year={2017}
}

@article{hu2020open,
  title={Open graph benchmark: Datasets for machine learning on graphs},
  author={Hu, Weihua and Fey, Matthias and Zitnik, Marinka and Dong, Yuxiao and Ren, Hongyu and Liu, Bowen and Catasta, Michele and Leskovec, Jure},
  journal={Advances in neural information processing systems},
  volume={33},
  pages={22118--22133},
  year={2020}
}

@inproceedings{zhu2019robust,
  title={Robust graph convolutional networks against adversarial attacks},
  author={Zhu, Dingyuan and Zhang, Ziwei and Cui, Peng and Zhu, Wenwu},
  booktitle={Proceedings of the 25th ACM SIGKDD international conference on knowledge discovery \& data mining},
  pages={1399--1407},
  year={2019}
}

@article{fey2019fast,
  title={Fast graph representation learning with PyTorch Geometric},
  author={Fey, Matthias and Lenssen, Jan Eric},
  journal={arXiv preprint arXiv:1903.02428},
  year={2019}
}

