@misc{Claude3.5,
  author={Claude3.5},
  title={{Claude3.5}},
  howpublished={\url{https://claude.ai
}},
  month={},
  year={},
}

@inproceedings{abadi2016deep,
  title={Deep learning with differential privacy},
  author={Abadi, Martin and Chu, Andy and Goodfellow, Ian and McMahan, H Brendan and Mironov, Ilya and Talwar, Kunal and Zhang, Li},
  booktitle={Proceedings of the 2016 ACM SIGSAC conference on computer and communications security},
  pages={308--318},
  year={2016}
}

@inproceedings{antol2015vqa,
  title={Vqa: Visual question answering},
  author={Antol, Stanislaw and Agrawal, Aishwarya and Lu, Jiasen and Mitchell, Margaret and Batra, Dhruv and Zitnick, C Lawrence and Parikh, Devi},
  booktitle={Proceedings of the IEEE international conference on computer vision},
  pages={2425--2433},
  year={2015}
}

@article{bai2023qwen,
  title={Qwen-vl: A versatile vision-language model for understanding, localization, text reading, and beyond},
  author={Bai, Jinze and Bai, Shuai and Yang, Shusheng and Wang, Shijie and Tan, Sinan and Wang, Peng and Lin, Junyang and Zhou, Chang and Zhou, Jingren},
  journal={arXiv preprint arXiv:2308.12966},
  volume={1},
  number={2},
  pages={3},
  year={2023}
}

@inproceedings{carlini2023extracting,
  title={Extracting training data from diffusion models},
  author={Carlini, Nicolas and Hayes, Jamie and Nasr, Milad and Jagielski, Matthew and Sehwag, Vikash and Tramer, Florian and Balle, Borja and Ippolito, Daphne and Wallace, Eric},
  booktitle={32nd USENIX Security Symposium (USENIX Security 23)},
  pages={5253--5270},
  year={2023}
}

@inproceedings{chen2022dpgen,
  title={Dpgen: Differentially private generative energy-guided network for natural image synthesis},
  author={Chen, Jia-Wei and Yu, Chia-Mu and Kao, Ching-Chia and Pang, Tzai-Wei and Lu, Chun-Shien},
  booktitle={Proceedings of the IEEE/CVF Conference on Computer Vision and Pattern Recognition},
  pages={8387--8396},
  year={2022}
}

@article{chin2023prompting4debugging,
  title={Prompting4debugging: Red-teaming text-to-image diffusion models by finding problematic prompts},
  author={Chin, Zhi-Yi and Jiang, Chieh-Ming and Huang, Ching-Chun and Chen, Pin-Yu and Chiu, Wei-Chen},
  journal={arXiv preprint arXiv:2309.06135},
  year={2023}
}

@article{dockhorn2022differentially,
    title={{Differentially Private Diffusion Models}},
    author={Dockhorn, Tim and Cao, Tianshi and Vahdat, Arash and Kreis, Karsten},
    journal={arXiv:2210.09929},
    year={2022},
}

@article{dong2022survey,
  title={A survey on in-context learning},
  author={Dong, Qingxiu and Li, Lei and Dai, Damai and Zheng, Ce and Wu, Zhiyong and Chang, Baobao and Sun, Xu and Xu, Jingjing and Sui, Zhifang},
  journal={arXiv preprint arXiv:2301.00234},
  year={2022}
}

@article{dwork2014algorithmic,
  title={The algorithmic foundations of differential privacy},
  author={Dwork, Cynthia and Roth, Aaron and others},
  journal={Foundations and Trends{\textregistered} in Theoretical Computer Science},
  volume={9},
  number={3--4},
  pages={211--407},
  year={2014},
  publisher={Now Publishers, Inc.}
}

@article{dzuong2024uncertain,
  title={Uncertain Boundaries: Multidisciplinary Approaches to Copyright Issues in Generative AI},
  author={Dzuong, Jocelyn and Wang, Zichong and Zhang, Wenbin},
  journal={arXiv preprint arXiv:2404.08221},
  year={2024}
}

@misc{gpt4v,
  author={GPT4V},
  title={{GPT-4V(ision) system card}},
  howpublished={\url{https://openai.com/research/gpt-4v-system-card
}},
  month={},
  year={},
}

@article{gu2023memorization,
  title={On memorization in diffusion models},
  author={Gu, Xiangming and Du, Chao and Pang, Tianyu and Li, Chongxuan and Lin, Min and Wang, Ye},
  journal={arXiv preprint arXiv:2310.02664},
  year={2023}
}

@article{he2024fantastic,
  title={Fantastic Copyrighted Beasts and How (Not) to Generate Them},
  author={He, Luxi and Huang, Yangsibo and Shi, Weijia and Xie, Tinghao and Liu, Haotian and Wang, Yue and Zettlemoyer, Luke and Zhang, Chiyuan and Chen, Danqi and Henderson, Peter},
  journal={arXiv preprint arXiv:2406.14526},
  year={2024}
}

@inproceedings{li2024visual,
  title={Visual in-context prompting},
  author={Li, Feng and Jiang, Qing and Zhang, Hao and Ren, Tianhe and Liu, Shilong and Zou, Xueyan and Xu, Huaizhe and Li, Hongyang and Yang, Jianwei and Li, Chunyuan and others},
  booktitle={Proceedings of the IEEE/CVF Conference on Computer Vision and Pattern Recognition},
  pages={12861--12871},
  year={2024}
}

@article{liu2024visual,
  title={Visual instruction tuning},
  author={Liu, Haotian and Li, Chunyuan and Wu, Qingyang and Lee, Yong Jae},
  journal={Advances in neural information processing systems},
  volume={36},
  year={2024}
}

@article{mann2020language,
  title={Language models are few-shot learners},
  author={Mann, Ben and Ryder, N and Subbiah, M and Kaplan, J and Dhariwal, P and Neelakantan, A and Shyam, P and Sastry, G and Askell, A and Agarwal, S and others},
  journal={arXiv preprint arXiv:2005.14165},
  volume={1},
  year={2020}
}

@article{monajatipoor2023metavl,
  title={Metavl: Transferring in-context learning ability from language models to vision-language models},
  author={Monajatipoor, Masoud and Li, Liunian Harold and Rouhsedaghat, Mozhdeh and Yang, Lin F and Chang, Kai-Wei},
  journal={arXiv preprint arXiv:2306.01311},
  year={2023}
}

@InProceedings{pmlr-v139-radford21a,
  title = 	 {Learning Transferable Visual Models From Natural Language Supervision},
  author =       {Radford, Alec and Kim, Jong Wook and Hallacy, Chris and Ramesh, Aditya and Goh, Gabriel and Agarwal, Sandhini and Sastry, Girish and Askell, Amanda and Mishkin, Pamela and Clark, Jack and Krueger, Gretchen and Sutskever, Ilya},
  booktitle = 	 {Proceedings of the 38th International Conference on Machine Learning},
  pages = 	 {8748--8763},
  year = 	 {2021},
  editor = 	 {Meila, Marina and Zhang, Tong},
  volume = 	 {139},
  series = 	 {Proceedings of Machine Learning Research},
  month = 	 {18--24 Jul},
  publisher =    {PMLR},
  pdf = 	 {http://proceedings.mlr.press/v139/radford21a/radford21a.pdf},
  url = 	 {https://proceedings.mlr.press/v139/radford21a.html},
}

@misc{polandgenerative,
  title={Generative AI and US Intellectual Property Law. ArXiv. 2023},
  author={Poland, CM}
}

@article{rando2022red,
  title={Red-teaming the stable diffusion safety filter},
  author={Rando, Javier and Paleka, Daniel and Lindner, David and Heim, Lennart and Tram{\`e}r, Florian},
  journal={arXiv preprint arXiv:2210.04610},
  year={2022}
}

@article{sag2023copyright,
  title={Copyright safety for generative ai},
  author={Sag, Matthew},
  journal={Hous. L. Rev.},
  volume={61},
  pages={295},
  year={2023},
  publisher={HeinOnline}
}

@inproceedings{somepalli2023diffusion,
  title={Diffusion art or digital forgery? investigating data replication in diffusion models},
  author={Somepalli, Gowthami and Singla, Vasu and Goldblum, Micah and Geiping, Jonas and Goldstein, Tom},
  booktitle={Proceedings of the IEEE/CVF Conference on Computer Vision and Pattern Recognition},
  pages={6048--6058},
  year={2023}
}

@article{wang2024evaluating,
  title={Evaluating and Mitigating IP Infringement in Visual Generative AI},
  author={Wang, Zhenting and Chen, Chen and Sehwag, Vikash and Pan, Minzhou and Lyu, Lingjuan},
  journal={arXiv preprint arXiv:2406.04662},
  year={2024}
}

@article{wu2024deepseek,
  title={Deepseek-vl2: Mixture-of-experts vision-language models for advanced multimodal understanding},
  author={Wu, Zhiyu and Chen, Xiaokang and Pan, Zizheng and Liu, Xingchao and Liu, Wen and Dai, Damai and Gao, Huazuo and Ma, Yiyang and Wu, Chengyue and Wang, Bingxuan and others},
  journal={arXiv preprint arXiv:2412.10302},
  year={2024}
}

@article{zhang2023makes,
  title={What makes good examples for visual in-context learning?},
  author={Zhang, Yuanhan and Zhou, Kaiyang and Liu, Ziwei},
  journal={Advances in Neural Information Processing Systems},
  volume={36},
  pages={17773--17794},
  year={2023}
}

@article{zhou2024visual,
  title={Visual in-context learning for large vision-language models},
  author={Zhou, Yucheng and Li, Xiang and Wang, Qianning and Shen, Jianbing},
  journal={arXiv preprint arXiv:2402.11574},
  year={2024}
}

@misc{zirpoli2023generative,
  title={Generative artificial intelligence and copyright law},
  author={Zirpoli, Christopher T},
  year={2023}
}

