@article{armandpour2023re,
  title={Re-imagine the negative prompt algorithm: Transform 2d diffusion into 3d, alleviate janus problem and beyond},
  author={Armandpour, Mohammadreza and Sadeghian, Ali and Zheng, Huangjie and Sadeghian, Amir and Zhou, Mingyuan},
  journal={arXiv preprint arXiv:2304.04968},
  year={2023}
}

@article{balaji2022ediff,
  title={ediff-i: Text-to-image diffusion models with an ensemble of expert denoisers},
  author={Balaji, Yogesh and Nah, Seungjun and Huang, Xun and Vahdat, Arash and Song, Jiaming and Zhang, Qinsheng and Kreis, Karsten and Aittala, Miika and Aila, Timo and Laine, Samuli and others},
  journal={arXiv preprint arXiv:2211.01324},
  year={2022}
}

@inproceedings{chen2023fantasia3d,
  title={Fantasia3d: Disentangling geometry and appearance for high-quality text-to-3d content creation},
  author={Chen, Rui and Chen, Yongwei and Jiao, Ningxin and Jia, Kui},
  booktitle={Proceedings of the IEEE/CVF international conference on computer vision},
  pages={22246--22256},
  year={2023}
}

@inproceedings{deitke2023objaverse,
  title={Objaverse: A universe of annotated 3d objects},
  author={Deitke, Matt and Schwenk, Dustin and Salvador, Jordi and Weihs, Luca and Michel, Oscar and VanderBilt, Eli and Schmidt, Ludwig and Ehsani, Kiana and Kembhavi, Aniruddha and Farhadi, Ali},
  booktitle={Proceedings of the IEEE/CVF Conference on Computer Vision and Pattern Recognition},
  pages={13142--13153},
  year={2023}
}

@article{gao2022get3d,
  title={Get3d: A generative model of high quality 3d textured shapes learned from images},
  author={Gao, Jun and Shen, Tianchang and Wang, Zian and Chen, Wenzheng and Yin, Kangxue and Li, Daiqing and Litany, Or and Gojcic, Zan and Fidler, Sanja},
  journal={Advances In Neural Information Processing Systems},
  volume={35},
  pages={31841--31854},
  year={2022}
}

@article{ho2022classifier,
  title={Classifier-free diffusion guidance},
  author={Ho, Jonathan and Salimans, Tim},
  journal={arXiv preprint arXiv:2207.12598},
  year={2022}
}

@article{hong2023debiasing,
  title={Debiasing scores and prompts of 2d diffusion for view-consistent text-to-3d generation},
  author={Hong, Susung and Ahn, Donghoon and Kim, Seungryong},
  journal={Advances in Neural Information Processing Systems},
  volume={36},
  pages={11970--11987},
  year={2023}
}

@article{huang2023dreamtime,
  title={Dreamtime: An improved optimization strategy for text-to-3d content creation},
  author={Huang, Yukun and Wang, Jianan and Shi, Yukai and Qi, Xianbiao and Zha, Zheng-Jun and Zhang, Lei},
  journal={arXiv preprint arXiv:2306.12422},
  year={2023}
}

@inproceedings{huang2024dreamcontrol,
  title={Dreamcontrol: Control-based text-to-3d generation with 3d self-prior},
  author={Huang, Tianyu and Zeng, Yihan and Zhang, Zhilu and Xu, Wan and Xu, Hang and Xu, Songcen and Lau, Rynson WH and Zuo, Wangmeng},
  booktitle={Proceedings of the IEEE/CVF Conference on Computer Vision and Pattern Recognition},
  pages={5364--5373},
  year={2024}
}

@inproceedings{jiang2023diffuse3d,
  title={Diffuse3D: Wide-Angle 3D Photography via Bilateral Diffusion},
  author={Jiang, Yutao and Zhou, Yang and Liang, Yuan and Liu, Wenxi and Jiao, Jianbo and Quan, Yuhui and He, Shengfeng},
  booktitle={Proceedings of the IEEE/CVF International Conference on Computer Vision},
  pages={8998--9008},
  year={2023}
}

@inproceedings{jiang2025jointdreamer,
  title={JointDreamer: Ensuring Geometry Consistency and Text Congruence in Text-to-3D Generation via Joint Score Distillation},
  author={Jiang, Chenhan and Zeng, Yihan and Hu, Tianyang and Xu, Songcun and Zhang, Wei and Xu, Hang and Yeung, Dit-Yan},
  booktitle={European Conference on Computer Vision},
  pages={439--456},
  year={2025},
  organization={Springer}
}

@article{jun2023shap,
  title={Shap-e: Generating conditional 3d implicit functions},
  author={Jun, Heewoo and Nichol, Alex},
  journal={arXiv preprint arXiv:2305.02463},
  year={2023}
}

@article{katzir2023noise,
  title={Noise-free score distillation},
  author={Katzir, Oren and Patashnik, Or and Cohen-Or, Daniel and Lischinski, Dani},
  journal={arXiv preprint arXiv:2310.17590},
  year={2023}
}

@article{kerbl20233d,
  title={3D Gaussian Splatting for Real-Time Radiance Field Rendering.},
  author={Kerbl, Bernhard and Kopanas, Georgios and Leimk{\"u}hler, Thomas and Drettakis, George},
  journal={ACM Trans. Graph.},
  volume={42},
  number={4},
  pages={139--1},
  year={2023}
}

@inproceedings{liang2024luciddreamer,
  title={Luciddreamer: Towards high-fidelity text-to-3d generation via interval score matching},
  author={Liang, Yixun and Yang, Xin and Lin, Jiantao and Li, Haodong and Xu, Xiaogang and Chen, Yingcong},
  booktitle={Proceedings of the IEEE/CVF Conference on Computer Vision and Pattern Recognition},
  pages={6517--6526},
  year={2024}
}

@inproceedings{lin2023magic3d,
  title={Magic3d: High-resolution text-to-3d content creation},
  author={Lin, Chen-Hsuan and Gao, Jun and Tang, Luming and Takikawa, Towaki and Zeng, Xiaohui and Huang, Xun and Kreis, Karsten and Fidler, Sanja and Liu, Ming-Yu and Lin, Tsung-Yi},
  booktitle={Proceedings of the IEEE/CVF Conference on Computer Vision and Pattern Recognition},
  pages={300--309},
  year={2023}
}

@inproceedings{liu2024drag,
  title={Drag your noise: Interactive point-based editing via diffusion semantic propagation},
  author={Liu, Haofeng and Xu, Chenshu and Yang, Yifei and Zeng, Lihua and He, Shengfeng},
  booktitle={Proceedings of the IEEE/CVF Conference on Computer Vision and Pattern Recognition},
  pages={6743--6752},
  year={2024}
}

@article{ma2023geodream,
  title={Geodream: Disentangling 2d and geometric priors for high-fidelity and consistent 3d generation},
  author={Ma, Baorui and Deng, Haoge and Zhou, Junsheng and Liu, Yu-Shen and Huang, Tiejun and Wang, Xinlong},
  journal={arXiv preprint arXiv:2311.17971},
  year={2023}
}

@article{mcallister2024rethinking,
  title={Rethinking Score Distillation as a Bridge Between Image Distributions},
  author={McAllister, David and Ge, Songwei and Huang, Jia-Bin and Jacobs, David W and Efros, Alexei A and Holynski, Aleksander and Kanazawa, Angjoo},
  journal={arXiv preprint arXiv:2406.09417},
  year={2024}
}

@article{nichol2021glide,
  title={Glide: Towards photorealistic image generation and editing with text-guided diffusion models},
  author={Nichol, Alex and Dhariwal, Prafulla and Ramesh, Aditya and Shyam, Pranav and Mishkin, Pamela and McGrew, Bob and Sutskever, Ilya and Chen, Mark},
  journal={arXiv preprint arXiv:2112.10741},
  year={2021}
}

@article{nichol2022point,
  title={Point-e: A system for generating 3d point clouds from complex prompts},
  author={Nichol, Alex and Jun, Heewoo and Dhariwal, Prafulla and Mishkin, Pamela and Chen, Mark},
  journal={arXiv preprint arXiv:2212.08751},
  year={2022}
}

@article{poole2022dreamfusion,
  title={Dreamfusion: Text-to-3d using 2d diffusion},
  author={Poole, Ben and Jain, Ajay and Barron, Jonathan T and Mildenhall, Ben},
  journal={arXiv preprint arXiv:2209.14988},
  year={2022}
}

@article{ramesh2022hierarchical,
  title={Hierarchical text-conditional image generation with clip latents},
  author={Ramesh, Aditya and Dhariwal, Prafulla and Nichol, Alex and Chu, Casey and Chen, Mark},
  journal={arXiv preprint arXiv:2204.06125},
  volume={1},
  number={2},
  pages={3},
  year={2022}
}

@inproceedings{rombach2022high,
  title={High-resolution image synthesis with latent diffusion models},
  author={Rombach, Robin and Blattmann, Andreas and Lorenz, Dominik and Esser, Patrick and Ommer, Bj{\"o}rn},
  booktitle={Proceedings of the IEEE/CVF conference on computer vision and pattern recognition},
  pages={10684--10695},
  year={2022}
}

@article{shi2023mvdream,
  title={Mvdream: Multi-view diffusion for 3d generation},
  author={Shi, Yichun and Wang, Peng and Ye, Jianglong and Long, Mai and Li, Kejie and Yang, Xiao},
  journal={arXiv preprint arXiv:2308.16512},
  year={2023}
}

@inproceedings{siddiqui2024meshgpt,
  title={Meshgpt: Generating triangle meshes with decoder-only transformers},
  author={Siddiqui, Yawar and Alliegro, Antonio and Artemov, Alexey and Tommasi, Tatiana and Sirigatti, Daniele and Rosov, Vladislav and Dai, Angela and Nie{\ss}ner, Matthias},
  booktitle={Proceedings of the IEEE/CVF Conference on Computer Vision and Pattern Recognition},
  pages={19615--19625},
  year={2024}
}

@article{sun2023dreamcraft3d,
  title={Dreamcraft3d: Hierarchical 3d generation with bootstrapped diffusion prior},
  author={Sun, Jingxiang and Zhang, Bo and Shao, Ruizhi and Wang, Lizhen and Liu, Wen and Xie, Zhenda and Liu, Yebin},
  journal={arXiv preprint arXiv:2310.16818},
  year={2023}
}

@book{united1977geometrical,
  title={Geometrical considerations and nomenclature for reflectance},
  author={United States. National Bureau of Standards and Nicodemus, Fred Edwin},
  volume={160},
  year={1977},
  publisher={US Department of Commerce, National Bureau of Standards Washington, DC, USA}
}

@inproceedings{wang2023score,
  title={Score jacobian chaining: Lifting pretrained 2d diffusion models for 3d generation},
  author={Wang, Haochen and Du, Xiaodan and Li, Jiahao and Yeh, Raymond A and Shakhnarovich, Greg},
  booktitle={Proceedings of the IEEE/CVF Conference on Computer Vision and Pattern Recognition},
  pages={12619--12629},
  year={2023}
}

@article{wang2023steindreamer,
  title={Steindreamer: Variance reduction for text-to-3d score distillation via stein identity},
  author={Wang, Peihao and Fan, Zhiwen and Xu, Dejia and Wang, Dilin and Mohan, Sreyas and Iandola, Forrest and Ranjan, Rakesh and Li, Yilei and Liu, Qiang and Wang, Zhangyang and others},
  journal={arXiv preprint arXiv:2401.00604},
  year={2023}
}

@article{wang2024prolificdreamer,
  title={Prolificdreamer: High-fidelity and diverse text-to-3d generation with variational score distillation},
  author={Wang, Zhengyi and Lu, Cheng and Wang, Yikai and Bao, Fan and Li, Chongxuan and Su, Hang and Zhu, Jun},
  journal={Advances in Neural Information Processing Systems},
  volume={36},
  year={2024}
}

@inproceedings{wang2024taming,
  title={Taming mode collapse in score distillation for text-to-3d generation},
  author={Wang, Peihao and Xu, Dejia and Fan, Zhiwen and Wang, Dilin and Mohan, Sreyas and Iandola, Forrest and Ranjan, Rakesh and Li, Yilei and Liu, Qiang and Wang, Zhangyang and others},
  booktitle={Proceedings of the IEEE/CVF Conference on Computer Vision and Pattern Recognition},
  pages={9037--9047},
  year={2024}
}

@article{xu2024dreamanime,
  title={DreamAnime: Learning Style-Identity Textual Disentanglement for Anime and Beyond},
  author={Xu, Chenshu and Xu, Yangyang and Zhang, Huaidong and Xu, Xuemiao and He, Shengfeng},
  journal={IEEE Transactions on Visualization and Computer Graphics},
  year={2024},
  publisher={IEEE}
}

@article{yi2023gaussiandreamer,
  title={Gaussiandreamer: Fast generation from text to 3d gaussian splatting with point cloud priors},
  author={Yi, Taoran and Fang, Jiemin and Wu, Guanjun and Xie, Lingxi and Zhang, Xiaopeng and Liu, Wenyu and Tian, Qi and Wang, Xinggang},
  journal={arXiv preprint arXiv:2310.08529},
  year={2023}
}

@article{yu2023text,
  title={Text-to-3d with classifier score distillation},
  author={Yu, Xin and Guo, Yuan-Chen and Li, Yangguang and Liang, Ding and Zhang, Song-Hai and Qi, Xiaojuan},
  journal={arXiv preprint arXiv:2310.19415},
  year={2023}
}

@inproceedings{yu2024beyond,
  title={Beyond textual constraints: Learning novel diffusion conditions with fewer examples},
  author={Yu, Yuyang and Liu, Bangzhen and Zheng, Chenxi and Xu, Xuemiao and Zhang, Huaidong and He, Shengfeng},
  booktitle={Proceedings of the IEEE/CVF Conference on Computer Vision and Pattern Recognition},
  pages={7109--7118},
  year={2024}
}

@article{zhang2024clay,
  title={CLAY: A Controllable Large-scale Generative Model for Creating High-quality 3D Assets},
  author={Zhang, Longwen and Wang, Ziyu and Zhang, Qixuan and Qiu, Qiwei and Pang, Anqi and Jiang, Haoran and Yang, Wei and Xu, Lan and Yu, Jingyi},
  journal={ACM Transactions on Graphics (TOG)},
  volume={43},
  number={4},
  pages={1--20},
  year={2024},
  publisher={ACM New York, NY, USA}
}

@article{zhu2023hifa,
  title={Hifa: High-fidelity text-to-3d generation with advanced diffusion guidance},
  author={Zhu, Junzhe and Zhuang, Peiye and Koyejo, Sanmi},
  journal={arXiv preprint arXiv:2305.18766},
  year={2023}
}

