@incollection{Bengio+chapter2007,
author = {Bengio, Yoshua and LeCun, Yann},
booktitle = {Large Scale Kernel Machines},
publisher = {MIT Press},
title = {Scaling Learning Algorithms Towards {AI}},
year = {2007}
}

@article{Hinton06,
author = {Hinton, Geoffrey E. and Osindero, Simon and Teh, Yee Whye},
journal = {Neural Computation},
pages = {1527--1554},
title = {A Fast Learning Algorithm for Deep Belief Nets},
volume = {18},
year = {2006}
}

@book{goodfellow2016deep,
title={Deep learning},
author={Goodfellow, Ian and Bengio, Yoshua and Courville, Aaron and Bengio, Yoshua},
volume={1},
year={2016},
publisher={MIT Press}
}

% dip
@article{mordvintsev2018differentiable,
  title={Differentiable image parameterizations},
  author={Mordvintsev, Alexander and Pezzotti, Nicola and Schubert, Ludwig and Olah, Chris},
  journal={Distill},
  volume={3},
  number={7},
  pages={e12},
  year={2018}
}

% kl
@article{kullback1951information,
  title={On information and sufficiency},
  author={Kullback, Solomon and Leibler, Richard A},
  journal={The annals of mathematical statistics},
  volume={22},
  number={1},
  pages={79--86},
  year={1951},
  publisher={JSTOR}
}

% monte carlo
@misc{robert1999monte,
  title={Monte Carlo Statistical Methods},
  author={Robert, CP},
  year={1999},
  publisher={Springer-Verlag New York}
}

% pca
@article{abdi2010principal,
  title={Principal component analysis},
  author={Abdi, Herv{\'e} and Williams, Lynne J},
  journal={Wiley interdisciplinary reviews: computational statistics},
  volume={2},
  number={4},
  pages={433--459},
  year={2010},
  publisher={Wiley Online Library}
}

% objaverse
@inproceedings{deitke2023objaverse,
  title={Objaverse: A universe of annotated 3d objects},
  author={Deitke, Matt and Schwenk, Dustin and Salvador, Jordi and Weihs, Luca and Michel, Oscar and VanderBilt, Eli and Schmidt, Ludwig and Ehsani, Kiana and Kembhavi, Aniruddha and Farhadi, Ali},
  booktitle={Proceedings of the IEEE/CVF Conference on Computer Vision and Pattern Recognition},
  pages={13142--13153},
  year={2023}
}



@inproceedings{sohl2015deep,
  title={Deep unsupervised learning using nonequilibrium thermodynamics},
  author={Sohl-Dickstein, Jascha and Weiss, Eric and Maheswaranathan, Niru and Ganguli, Surya},
  booktitle={International conference on machine learning},
  pages={2256--2265},
  year={2015},
  organization={PMLR}
}

% tweedie
@incollection{robbins1992empirical,
  title={An empirical Bayes approach to statistics},
  author={Robbins, Herbert E},
  booktitle={Breakthroughs in Statistics: Foundations and basic theory},
  pages={388--394},
  year={1992},
  publisher={Springer}
}

% ddpm
@article{ho2020denoising,
  title={Denoising diffusion probabilistic models},
  author={Ho, Jonathan and Jain, Ajay and Abbeel, Pieter},
  journal={Advances in neural information processing systems},
  volume={33},
  pages={6840--6851},
  year={2020}
}

% score
@article{song2020score,
  title={Score-based generative modeling through stochastic differential equations},
  author={Song, Yang and Sohl-Dickstein, Jascha and Kingma, Diederik P and Kumar, Abhishek and Ermon, Stefano and Poole, Ben},
  journal={arXiv preprint arXiv:2011.13456},
  year={2020}
}



% cg
@article{dhariwal2021diffusion,
  title={Diffusion models beat gans on image synthesis},
  author={Dhariwal, Prafulla and Nichol, Alexander},
  journal={Advances in neural information processing systems},
  volume={34},
  pages={8780--8794},
  year={2021}
}

% cfg
@article{ho2022classifier,
  title={Classifier-free diffusion guidance},
  author={Ho, Jonathan and Salimans, Tim},
  journal={arXiv preprint arXiv:2207.12598},
  year={2022}
}

% dps
@article{chung2022diffusion,
  title={Diffusion posterior sampling for general noisy inverse problems},
  author={Chung, Hyungjin and Kim, Jeongsol and Mccann, Michael T and Klasky, Marc L and Ye, Jong Chul},
  journal={arXiv preprint arXiv:2209.14687},
  year={2022}
}

% sd/ldm
@inproceedings{rombach2022high,
  title={High-resolution image synthesis with latent diffusion models},
  author={Rombach, Robin and Blattmann, Andreas and Lorenz, Dominik and Esser, Patrick and Ommer, Bj{\"o}rn},
  booktitle={Proceedings of the IEEE/CVF conference on computer vision and pattern recognition},
  pages={10684--10695},
  year={2022}
}

% t2i
@article{balaji2022ediff,
  title={ediff-i: Text-to-image diffusion models with an ensemble of expert denoisers},
  author={Balaji, Yogesh and Nah, Seungjun and Huang, Xun and Vahdat, Arash and Song, Jiaming and Zhang, Qinsheng and Kreis, Karsten and Aittala, Miika and Aila, Timo and Laine, Samuli and others},
  journal={arXiv preprint arXiv:2211.01324},
  year={2022}
}

@article{nichol2021glide,
  title={Glide: Towards photorealistic image generation and editing with text-guided diffusion models},
  author={Nichol, Alex and Dhariwal, Prafulla and Ramesh, Aditya and Shyam, Pranav and Mishkin, Pamela and McGrew, Bob and Sutskever, Ilya and Chen, Mark},
  journal={arXiv preprint arXiv:2112.10741},
  year={2021}
}

@article{ramesh2022hierarchical,
  title={Hierarchical text-conditional image generation with clip latents},
  author={Ramesh, Aditya and Dhariwal, Prafulla and Nichol, Alex and Chu, Casey and Chen, Mark},
  journal={arXiv preprint arXiv:2204.06125},
  volume={1},
  number={2},
  pages={3},
  year={2022}
}


% prolific
@article{wang2024prolificdreamer,
  title={Prolificdreamer: High-fidelity and diverse text-to-3d generation with variational score distillation},
  author={Wang, Zhengyi and Lu, Cheng and Wang, Yikai and Bao, Fan and Li, Chongxuan and Su, Hang and Zhu, Jun},
  journal={Advances in Neural Information Processing Systems},
  volume={36},
  year={2024}
}


@article{poole2022dreamfusion,
  title={Dreamfusion: Text-to-3d using 2d diffusion},
  author={Poole, Ben and Jain, Ajay and Barron, Jonathan T and Mildenhall, Ben},
  journal={arXiv preprint arXiv:2209.14988},
  year={2022}
}

% sjc
@inproceedings{wang2023score,
  title={Score jacobian chaining: Lifting pretrained 2d diffusion models for 3d generation},
  author={Wang, Haochen and Du, Xiaodan and Li, Jiahao and Yeh, Raymond A and Shakhnarovich, Greg},
  booktitle={Proceedings of the IEEE/CVF Conference on Computer Vision and Pattern Recognition},
  pages={12619--12629},
  year={2023}
}

% pnp
@article{graikos2022diffusion,
  title={Diffusion models as plug-and-play priors},
  author={Graikos, Alexandros and Malkin, Nikolay and Jojic, Nebojsa and Samaras, Dimitris},
  journal={Advances in Neural Information Processing Systems},
  volume={35},
  pages={14715--14728},
  year={2022}
}

% esd
@inproceedings{wang2024taming,
  title={Taming mode collapse in score distillation for text-to-3d generation},
  author={Wang, Peihao and Xu, Dejia and Fan, Zhiwen and Wang, Dilin and Mohan, Sreyas and Iandola, Forrest and Ranjan, Rakesh and Li, Yilei and Liu, Qiang and Wang, Zhangyang and others},
  booktitle={Proceedings of the IEEE/CVF Conference on Computer Vision and Pattern Recognition},
  pages={9037--9047},
  year={2024}
}

% sds-bridge
@article{mcallister2024rethinking,
  title={Rethinking Score Distillation as a Bridge Between Image Distributions},
  author={McAllister, David and Ge, Songwei and Huang, Jia-Bin and Jacobs, David W and Efros, Alexei A and Holynski, Aleksander and Kanazawa, Angjoo},
  journal={arXiv preprint arXiv:2406.09417},
  year={2024}
}

% dreamcontrol
@inproceedings{huang2024dreamcontrol,
  title={Dreamcontrol: Control-based text-to-3d generation with 3d self-prior},
  author={Huang, Tianyu and Zeng, Yihan and Zhang, Zhilu and Xu, Wan and Xu, Hang and Xu, Songcen and Lau, Rynson WH and Zuo, Wangmeng},
  booktitle={Proceedings of the IEEE/CVF Conference on Computer Vision and Pattern Recognition},
  pages={5364--5373},
  year={2024}
}

% debiased
@article{hong2023debiasing,
  title={Debiasing scores and prompts of 2d diffusion for view-consistent text-to-3d generation},
  author={Hong, Susung and Ahn, Donghoon and Kim, Seungryong},
  journal={Advances in Neural Information Processing Systems},
  volume={36},
  pages={11970--11987},
  year={2023}
}

% perpneg
@article{armandpour2023re,
  title={Re-imagine the negative prompt algorithm: Transform 2d diffusion into 3d, alleviate janus problem and beyond},
  author={Armandpour, Mohammadreza and Sadeghian, Ali and Zheng, Huangjie and Sadeghian, Amir and Zhou, Mingyuan},
  journal={arXiv preprint arXiv:2304.04968},
  year={2023}
}

% t23d
@inproceedings{chen2023fantasia3d,
  title={Fantasia3d: Disentangling geometry and appearance for high-quality text-to-3d content creation},
  author={Chen, Rui and Chen, Yongwei and Jiao, Ningxin and Jia, Kui},
  booktitle={Proceedings of the IEEE/CVF international conference on computer vision},
  pages={22246--22256},
  year={2023}
}

@inproceedings{lin2023magic3d,
  title={Magic3d: High-resolution text-to-3d content creation},
  author={Lin, Chen-Hsuan and Gao, Jun and Tang, Luming and Takikawa, Towaki and Zeng, Xiaohui and Huang, Xun and Kreis, Karsten and Fidler, Sanja and Liu, Ming-Yu and Lin, Tsung-Yi},
  booktitle={Proceedings of the IEEE/CVF Conference on Computer Vision and Pattern Recognition},
  pages={300--309},
  year={2023}
}

@article{sun2023dreamcraft3d,
  title={Dreamcraft3d: Hierarchical 3d generation with bootstrapped diffusion prior},
  author={Sun, Jingxiang and Zhang, Bo and Shao, Ruizhi and Wang, Lizhen and Liu, Wen and Xie, Zhenda and Liu, Yebin},
  journal={arXiv preprint arXiv:2310.16818},
  year={2023}
}

@article{huang2023dreamtime,
  title={Dreamtime: An improved optimization strategy for text-to-3d content creation},
  author={Huang, Yukun and Wang, Jianan and Shi, Yukai and Qi, Xianbiao and Zha, Zheng-Jun and Zhang, Lei},
  journal={arXiv preprint arXiv:2306.12422},
  year={2023}
}

@article{zhu2023hifa,
  title={Hifa: High-fidelity text-to-3d generation with advanced diffusion guidance},
  author={Zhu, Junzhe and Zhuang, Peiye and Koyejo, Sanmi},
  journal={arXiv preprint arXiv:2305.18766},
  year={2023}
}

@inproceedings{liang2024luciddreamer,
  title={Luciddreamer: Towards high-fidelity text-to-3d generation via interval score matching},
  author={Liang, Yixun and Yang, Xin and Lin, Jiantao and Li, Haodong and Xu, Xiaogang and Chen, Yingcong},
  booktitle={Proceedings of the IEEE/CVF Conference on Computer Vision and Pattern Recognition},
  pages={6517--6526},
  year={2024}
}









@article{ma2023geodream,
  title={Geodream: Disentangling 2d and geometric priors for high-fidelity and consistent 3d generation},
  author={Ma, Baorui and Deng, Haoge and Zhou, Junsheng and Liu, Yu-Shen and Huang, Tiejun and Wang, Xinlong},
  journal={arXiv preprint arXiv:2311.17971},
  year={2023}
}

@article{yi2023gaussiandreamer,
  title={Gaussiandreamer: Fast generation from text to 3d gaussian splatting with point cloud priors},
  author={Yi, Taoran and Fang, Jiemin and Wu, Guanjun and Xie, Lingxi and Zhang, Xiaopeng and Liu, Wenyu and Tian, Qi and Wang, Xinggang},
  journal={arXiv preprint arXiv:2310.08529},
  year={2023}
}


% t23d_large
@article{gao2022get3d,
  title={Get3d: A generative model of high quality 3d textured shapes learned from images},
  author={Gao, Jun and Shen, Tianchang and Wang, Zian and Chen, Wenzheng and Yin, Kangxue and Li, Daiqing and Litany, Or and Gojcic, Zan and Fidler, Sanja},
  journal={Advances In Neural Information Processing Systems},
  volume={35},
  pages={31841--31854},
  year={2022}
}

@article{nichol2022point,
  title={Point-e: A system for generating 3d point clouds from complex prompts},
  author={Nichol, Alex and Jun, Heewoo and Dhariwal, Prafulla and Mishkin, Pamela and Chen, Mark},
  journal={arXiv preprint arXiv:2212.08751},
  year={2022}
}

@article{jun2023shap,
  title={Shap-e: Generating conditional 3d implicit functions},
  author={Jun, Heewoo and Nichol, Alex},
  journal={arXiv preprint arXiv:2305.02463},
  year={2023}
}

@article{zhang2024clay,
  title={CLAY: A Controllable Large-scale Generative Model for Creating High-quality 3D Assets},
  author={Zhang, Longwen and Wang, Ziyu and Zhang, Qixuan and Qiu, Qiwei and Pang, Anqi and Jiang, Haoran and Yang, Wei and Xu, Lan and Yu, Jingyi},
  journal={ACM Transactions on Graphics (TOG)},
  volume={43},
  number={4},
  pages={1--20},
  year={2024},
  publisher={ACM New York, NY, USA}
}

@inproceedings{siddiqui2024meshgpt,
  title={Meshgpt: Generating triangle meshes with decoder-only transformers},
  author={Siddiqui, Yawar and Alliegro, Antonio and Artemov, Alexey and Tommasi, Tatiana and Sirigatti, Daniele and Rosov, Vladislav and Dai, Angela and Nie{\ss}ner, Matthias},
  booktitle={Proceedings of the IEEE/CVF Conference on Computer Vision and Pattern Recognition},
  pages={19615--19625},
  year={2024}
}


% extra unet
@inproceedings{ronneberger2015u,
  title={U-net: Convolutional networks for biomedical image segmentation},
  author={Ronneberger, Olaf and Fischer, Philipp and Brox, Thomas},
  booktitle={Medical image computing and computer-assisted intervention--MICCAI 2015: 18th international conference, Munich, Germany, October 5-9, 2015, proceedings, part III 18},
  pages={234--241},
  year={2015},
  organization={Springer}
}

@article{hu2021lora,
  title={Lora: Low-rank adaptation of large language models},
  author={Hu, Edward J and Shen, Yelong and Wallis, Phillip and Allen-Zhu, Zeyuan and Li, Yuanzhi and Wang, Shean and Wang, Lu and Chen, Weizhu},
  journal={arXiv preprint arXiv:2106.09685},
  year={2021}
}

@article{chen2018unified,
  title={A unified particle-optimization framework for scalable Bayesian sampling},
  author={Chen, Changyou and Zhang, Ruiyi and Wang, Wenlin and Li, Bai and Chen, Liqun},
  journal={arXiv preprint arXiv:1805.11659},
  year={2018}
}

@article{liu2016stein,
  title={Stein variational gradient descent: A general purpose bayesian inference algorithm},
  author={Liu, Qiang and Wang, Dilin},
  journal={Advances in neural information processing systems},
  volume={29},
  year={2016}
}




% brdf
@book{united1977geometrical,
  title={Geometrical considerations and nomenclature for reflectance},
  author={United States. National Bureau of Standards and Nicodemus, Fred Edwin},
  volume={160},
  year={1977},
  publisher={US Department of Commerce, National Bureau of Standards Washington, DC, USA}
}



% feature dense matching
@inproceedings{zhang2024telling,
  title={Telling left from right: Identifying geometry-aware semantic correspondence},
  author={Zhang, Junyi and Herrmann, Charles and Hur, Junhwa and Chen, Eric and Jampani, Varun and Sun, Deqing and Yang, Ming-Hsuan},
  booktitle={Proceedings of the IEEE/CVF Conference on Computer Vision and Pattern Recognition},
  pages={3076--3085},
  year={2024}
}

@article{zhang2024tale,
  title={A tale of two features: Stable diffusion complements dino for zero-shot semantic correspondence},
  author={Zhang, Junyi and Herrmann, Charles and Hur, Junhwa and Polania Cabrera, Luisa and Jampani, Varun and Sun, Deqing and Yang, Ming-Hsuan},
  journal={Advances in Neural Information Processing Systems},
  volume={36},
  year={2024}
}

% dinov2
@article{oquab2023dinov2,
  title={Dinov2: Learning robust visual features without supervision},
  author={Oquab, Maxime and Darcet, Timoth{\'e}e and Moutakanni, Th{\'e}o and Vo, Huy and Szafraniec, Marc and Khalidov, Vasil and Fernandez, Pierre and Haziza, Daniel and Massa, Francisco and El-Nouby, Alaaeldin and others},
  journal={arXiv preprint arXiv:2304.07193},
  year={2023}
}

@article{darcet2023vision,
  title={Vision transformers need registers},
  author={Darcet, Timoth{\'e}e and Oquab, Maxime and Mairal, Julien and Bojanowski, Piotr},
  journal={arXiv preprint arXiv:2309.16588},
  year={2023}
}


# ngp
@article{muller2022instant,
  title={Instant neural graphics primitives with a multiresolution hash encoding},
  author={M{\"u}ller, Thomas and Evans, Alex and Schied, Christoph and Keller, Alexander},
  journal={ACM transactions on graphics (TOG)},
  volume={41},
  number={4},
  pages={1--15},
  year={2022},
  publisher={ACM New York, NY, USA}
}

# nerf
@article{mildenhall2021nerf,
  title={Nerf: Representing scenes as neural radiance fields for view synthesis},
  author={Mildenhall, Ben and Srinivasan, Pratul P and Tancik, Matthew and Barron, Jonathan T and Ramamoorthi, Ravi and Ng, Ren},
  journal={Communications of the ACM},
  volume={65},
  number={1},
  pages={99--106},
  year={2021},
  publisher={ACM New York, NY, USA}
}


#fid
@article{heusel2017gans,
  title={Gans trained by a two time-scale update rule converge to a local nash equilibrium},
  author={Heusel, Martin and Ramsauer, Hubert and Unterthiner, Thomas and Nessler, Bernhard and Hochreiter, Sepp},
  journal={Advances in neural information processing systems},
  volume={30},
  year={2017}
}

% clip
@inproceedings{radford2021learning,
  title={Learning transferable visual models from natural language supervision},
  author={Radford, Alec and Kim, Jong Wook and Hallacy, Chris and Ramesh, Aditya and Goh, Gabriel and Agarwal, Sandhini and Sastry, Girish and Askell, Amanda and Mishkin, Pamela and Clark, Jack and others},
  booktitle={International conference on machine learning},
  pages={8748--8763},
  year={2021},
  organization={PMLR}
}



@Inbook{Mikusiński1978,
author="Mikusi{\'{n}}ski, Jan",
title="The Fubini Theorem",
bookTitle="The Bochner Integral",
year="1978",
publisher="Birkh{\"a}user Basel",
address="Basel",
pages="91--105",
abstract="The Fubini theorem belongs to the most powerful tools in Analysis. It is very useful in practical calculations and, besides, plays a striking role in proving several important theorems on integration. The Fubini theorem establishes a connection between the so called double integrals and repeated integrals. The proofs given in text books are usually difficult. Using our definitions of the Lebesgue or the Bochner integrals, the proof becomes surprisingly simple and reduces in fact to various interpretations of the same definition.",
isbn="978-3-0348-5567-9",
doi="10.1007/978-3-0348-5567-9_10",
url="https://doi.org/10.1007/978-3-0348-5567-9_10"
}

% zero123
@inproceedings{liu2023zero,
  title={Zero-1-to-3: Zero-shot one image to 3d object},
  author={Liu, Ruoshi and Wu, Rundi and Van Hoorick, Basile and Tokmakov, Pavel and Zakharov, Sergey and Vondrick, Carl},
  booktitle={Proceedings of the IEEE/CVF international conference on computer vision},
  pages={9298--9309},
  year={2023}
}

% jsd/joint dreamer
@inproceedings{jiang2025jointdreamer,
  title={JointDreamer: Ensuring Geometry Consistency and Text Congruence in Text-to-3D Generation via Joint Score Distillation},
  author={Jiang, Chenhan and Zeng, Yihan and Hu, Tianyang and Xu, Songcun and Zhang, Wei and Xu, Hang and Yeung, Dit-Yan},
  booktitle={European Conference on Computer Vision},
  pages={439--456},
  year={2025},
  organization={Springer}
}

% csd
@article{yu2023text,
  title={Text-to-3d with classifier score distillation},
  author={Yu, Xin and Guo, Yuan-Chen and Li, Yangguang and Liang, Ding and Zhang, Song-Hai and Qi, Xiaojuan},
  journal={arXiv preprint arXiv:2310.19415},
  year={2023}
}

% nfsd
@article{katzir2023noise,
  title={Noise-free score distillation},
  author={Katzir, Oren and Patashnik, Or and Cohen-Or, Daniel and Lischinski, Dani},
  journal={arXiv preprint arXiv:2310.17590},
  year={2023}
}


@article{wang2023steindreamer,
  title={Steindreamer: Variance reduction for text-to-3d score distillation via stein identity},
  author={Wang, Peihao and Fan, Zhiwen and Xu, Dejia and Wang, Dilin and Mohan, Sreyas and Iandola, Forrest and Ranjan, Rakesh and Li, Yilei and Liu, Qiang and Wang, Zhangyang and others},
  journal={arXiv preprint arXiv:2401.00604},
  year={2023}
}

@article{shi2023mvdream,
  title={Mvdream: Multi-view diffusion for 3d generation},
  author={Shi, Yichun and Wang, Peng and Ye, Jianglong and Long, Mai and Li, Kejie and Yang, Xiao},
  journal={arXiv preprint arXiv:2308.16512},
  year={2023}
}

% 3dgs
@article{kerbl20233d,
  title={3D Gaussian Splatting for Real-Time Radiance Field Rendering.},
  author={Kerbl, Bernhard and Kopanas, Georgios and Leimk{\"u}hler, Thomas and Drettakis, George},
  journal={ACM Trans. Graph.},
  volume={42},
  number={4},
  pages={139--1},
  year={2023}
}

% threestudio
@Misc{threestudio2023,
  author =       {Yuan-Chen Guo and Ying-Tian Liu and Ruizhi Shao and Christian Laforte and Vikram Voleti and Guan Luo and Chia-Hao Chen and Zi-Xin Zou and Chen Wang and Yan-Pei Cao and Song-Hai Zhang},
  title =        {threestudio: A unified framework for 3D content generation},
  howpublished = {\url{https://github.com/threestudio-project/threestudio}},
  year =         {2023}
}



@article{chen2024microdreamer,
  title={MicroDreamer: Zero-shot 3D Generation in ~20 Seconds by Score-based Iterative Reconstruction},
  author={Chen, Luxi and Wang, Zhengyi and Li, Chongxuan and Gao, Tingting and Su, Hang and Zhu, Jun},
  journal={arXiv preprint arXiv:2404.19525},
  year={2024}
}


@inproceedings{yu2024beyond,
  title={Beyond textual constraints: Learning novel diffusion conditions with fewer examples},
  author={Yu, Yuyang and Liu, Bangzhen and Zheng, Chenxi and Xu, Xuemiao and Zhang, Huaidong and He, Shengfeng},
  booktitle={Proceedings of the IEEE/CVF Conference on Computer Vision and Pattern Recognition},
  pages={7109--7118},
  year={2024}
}


@inproceedings{liu2024drag,
  title={Drag your noise: Interactive point-based editing via diffusion semantic propagation},
  author={Liu, Haofeng and Xu, Chenshu and Yang, Yifei and Zeng, Lihua and He, Shengfeng},
  booktitle={Proceedings of the IEEE/CVF Conference on Computer Vision and Pattern Recognition},
  pages={6743--6752},
  year={2024}
}


@article{xu2024dreamanime,
  title={DreamAnime: Learning Style-Identity Textual Disentanglement for Anime and Beyond},
  author={Xu, Chenshu and Xu, Yangyang and Zhang, Huaidong and Xu, Xuemiao and He, Shengfeng},
  journal={IEEE Transactions on Visualization and Computer Graphics},
  year={2024},
  publisher={IEEE}
}

@inproceedings{jiang2023diffuse3d,
  title={Diffuse3D: Wide-Angle 3D Photography via Bilateral Diffusion},
  author={Jiang, Yutao and Zhou, Yang and Liang, Yuan and Liu, Wenxi and Jiao, Jianbo and Quan, Yuhui and He, Shengfeng},
  booktitle={Proceedings of the IEEE/CVF International Conference on Computer Vision},
  pages={8998--9008},
  year={2023}
}

@article{zheng2024learning,
  title={Learning an interpretable stylized subspace for 3d-aware animatable artforms},
  author={Zheng, Chenxi and Liu, Bangzhen and Xu, Xuemiao and Zhang, Huaidong and He, Shengfeng},
  journal={IEEE Transactions on Visualization and Computer Graphics},
  year={2024},
  publisher={IEEE}
}