@article{anstine2024aimnet2,
  title={AIMNet2: a neural network potential to meet your neutral, charged, organic, and elemental-organic needs},
  author={Anstine, Dylan and Zubatyuk, Roman and Isayev, Olexandr},
  year={2024}
}

@article{axelrod2023molecular,
  title={Molecular machine learning with conformer ensembles},
  author={Axelrod, Simon and Gomez-Bombarelli, Rafael},
  journal={Machine Learning: Science and Technology},
  volume={4},
  number={3},
  pages={035025},
  year={2023},
  publisher={IOP Publishing}
}

@article{chuang2020attention,
  title={Attention-based learning on molecular ensembles},
  author={Chuang, Kangway V and Keiser, Michael J},
  journal={arXiv preprint arXiv:2011.12820},
  year={2020}
}

@article{cremer2023equivariant,
  title={Equivariant graph neural networks for toxicity prediction},
  author={Cremer, Julian and Medrano Sandonas, Leonardo and Tkatchenko, Alexandre and Clevert, Djork-Arn{\'e} and De Fabritiis, Gianni},
  journal={Chemical Research in Toxicology},
  volume={36},
  number={10},
  pages={1561--1573},
  year={2023},
  publisher={ACS Publications}
}

@article{dietterich1997solving,
  title={Solving the multiple instance problem with axis-parallel rectangles},
  author={Dietterich, Thomas G and Lathrop, Richard H and Lozano-P{\'e}rez, Tom{\'a}s},
  journal={Artificial intelligence},
  volume={89},
  number={1-2},
  pages={31--71},
  year={1997},
  publisher={Elsevier}
}

@article{ganea2021geomol,
  title={Geomol: Torsional geometric generation of molecular 3d conformer ensembles},
  author={Ganea, Octavian and Pattanaik, Lagnajit and Coley, Connor and Barzilay, Regina and Jensen, Klavs and Green, William and Jaakkola, Tommi},
  journal={Advances in Neural Information Processing Systems},
  volume={34},
  pages={13757--13769},
  year={2021}
}

@article{guan2021real,
  title={Real-time prediction of 1 H and 13 C chemical shifts with DFT accuracy using a 3D graph neural network},
  author={Guan, Yanfei and Sowndarya, SV Shree and Gallegos, Liliana C and John, Peter C St and Paton, Robert S},
  journal={Chemical Science},
  volume={12},
  number={36},
  pages={12012--12026},
  year={2021},
  publisher={Royal Society of Chemistry}
}

@inproceedings{ilse2018attention,
  title={Attention-based deep multiple instance learning},
  author={Ilse, Maximilian and Tomczak, Jakub and Welling, Max},
  booktitle={International conference on machine learning},
  pages={2127--2136},
  year={2018},
  organization={PMLR}
}

@article{jing2022torsional,
  title={Torsional diffusion for molecular conformer generation},
  author={Jing, Bowen and Corso, Gabriele and Chang, Jeffrey and Barzilay, Regina and Jaakkola, Tommi},
  journal={Advances in Neural Information Processing Systems},
  volume={35},
  pages={24240--24253},
  year={2022}
}

@article{liu2022auto3d,
  title={Auto3d: Automatic generation of the low-energy 3d structures with ANI neural network potentials},
  author={Liu, Zhen and Zubatiuk, Tetiana and Roitberg, Adrian and Isayev, Olexandr},
  journal={Journal of Chemical Information and Modeling},
  volume={62},
  number={22},
  pages={5373--5382},
  year={2022},
  publisher={ACS Publications}
}

@article{maron1997framework,
  title={A framework for multiple-instance learning},
  author={Maron, Oded and Lozano-P{\'e}rez, Tom{\'a}s},
  journal={Advances in neural information processing systems},
  volume={10},
  year={1997}
}

@article{reiser2022graph,
  title={Graph neural networks for materials science and chemistry},
  author={Reiser, Patrick and Neubert, Marlen and Eberhard, Andr{\'e} and Torresi, Luca and Zhou, Chen and Shao, Chen and Metni, Houssam and van Hoesel, Clint and Schopmans, Henrik and Sommer, Timo and others},
  journal={Communications Materials},
  volume={3},
  number={1},
  pages={93},
  year={2022},
  publisher={Nature Publishing Group UK London}
}

@article{smith2017ani,
  title={ANI-1: an extensible neural network potential with DFT accuracy at force field computational cost},
  author={Smith, Justin S and Isayev, Olexandr and Roitberg, Adrian E},
  journal={Chemical science},
  volume={8},
  number={4},
  pages={3192--3203},
  year={2017},
  publisher={Royal Society of Chemistry}
}

@article{van20243dreact,
  title={3DReact: Geometric Deep Learning for Chemical Reactions},
  author={van Gerwen, Puck and Briling, Ksenia R and Bunne, Charlotte and Somnath, Vignesh Ram and Laplaza, Ruben and Krause, Andreas and Corminboeuf, Clemence},
  journal={Journal of Chemical Information and Modeling},
  volume={64},
  number={15},
  pages={5771--5785},
  year={2024},
  publisher={ACS Publications}
}

@article{weinreich2021machine,
  title={Machine learning of free energies in chemical compound space using ensemble representations: Reaching experimental uncertainty for solvation},
  author={Weinreich, Jan and Browning, Nicholas J and von Lilienfeld, O Anatole},
  journal={The Journal of Chemical Physics},
  volume={154},
  number={13},
  year={2021},
  publisher={AIP Publishing}
}

@article{zahrt2019prediction,
  title={Prediction of higher-selectivity catalysts by computer-driven workflow and machine learning},
  author={Zahrt, Andrew F and Henle, Jeremy J and Rose, Brennan T and Wang, Yang and Darrow, William T and Denmark, Scott E},
  journal={Science},
  volume={363},
  number={6424},
  pages={eaau5631},
  year={2019},
  publisher={American Association for the Advancement of Science}
}

@article{zankov2021qsar,
  title={QSAR modeling based on conformation ensembles using a multi-instance learning approach},
  author={Zankov, Dmitry V and Matveieva, Mariia and Nikonenko, Aleksandra V and Nugmanov, Ramil I and Baskin, Igor I and Varnek, Alexandre and Polishchuk, Pavel and Madzhidov, Timur I},
  journal={Journal of chemical information and modeling},
  volume={61},
  number={10},
  pages={4913--4923},
  year={2021},
  publisher={ACS Publications}
}

@article{zankov2023multi,
  title={Multi-instance learning approach to the modeling of enantioselectivity of conformationally flexible organic catalysts},
  author={Zankov, Dmitry and Madzhidov, Timur and Polishchuk, Pavel and Sidorov, Pavel and Varnek, Alexandre},
  journal={Journal of Chemical Information and Modeling},
  volume={63},
  number={21},
  pages={6629--6641},
  year={2023},
  publisher={ACS Publications}
}

@article{zankov2024chemical,
  title={Chemical complexity challenge: Is multi-instance machine learning a solution?},
  author={Zankov, Dmitry and Madzhidov, Timur and Varnek, Alexandre and Polishchuk, Pavel},
  journal={Wiley Interdisciplinary Reviews: Computational Molecular Science},
  volume={14},
  number={1},
  pages={e1698},
  year={2024},
  publisher={Wiley Online Library}
}

@inproceedings{zhu2023learning,
  title={Learning Over Molecular Conformer Ensembles: Datasets and Benchmarks},
  author={Zhu, Yanqiao and Hwang, Jeehyun and Adams, Keir and Liu, Zhen and Nan, Bozhao and Stenfors, Brock and Du, Yuanqi and Chauhan, Jatin and Wiest, Olaf and Isayev, Olexandr and others},
  booktitle={The Twelfth International Conference on Learning Representations},
  year={2023}
}

@article{zubatyuk2019accurate,
  title={Accurate and transferable multitask prediction of chemical properties with an atoms-in-molecules neural network},
  author={Zubatyuk, Roman and Smith, Justin S and Leszczynski, Jerzy and Isayev, Olexandr},
  journal={Science advances},
  volume={5},
  number={8},
  pages={eaav6490},
  year={2019},
  publisher={American Association for the Advancement of Science}
}

