@article{haas2024rapid,
  title={Rapid Prediction of Conformationally-Dependent DFT-Level Descriptors using Graph Neural Networks for Carboxylic Acids and Alkyl Amines},
  author={Haas, Brittany and Hardy, Melissa and SV, Shree Sowndarya and Adams, Keir and Coley, Connor and Paton, Robert and Sigman, Matthew},
  year={2024}
}

@article{brethome2019conformational,
  title={Conformational effects on physical-organic descriptors: the case of sterimol steric parameters},
  author={Brethome, Alexandre V and Fletcher, Stephen P and Paton, Robert S},
  journal={ACS catalysis},
  volume={9},
  number={3},
  pages={2313--2323},
  year={2019},
  publisher={ACS Publications}
}

@inproceedings{zhu2023learning,
  title={Learning Over Molecular Conformer Ensembles: Datasets and Benchmarks},
  author={Zhu, Yanqiao and Hwang, Jeehyun and Adams, Keir and Liu, Zhen and Nan, Bozhao and Stenfors, Brock and Du, Yuanqi and Chauhan, Jatin and Wiest, Olaf and Isayev, Olexandr and others},
  booktitle={The Twelfth International Conference on Learning Representations},
  year={2023}
}

@article{axelrod2023molecular,
  title={Molecular machine learning with conformer ensembles},
  author={Axelrod, Simon and Gomez-Bombarelli, Rafael},
  journal={Machine Learning: Science and Technology},
  volume={4},
  number={3},
  pages={035025},
  year={2023},
  publisher={IOP Publishing}
}

@article{chuang2020attention,
  title={Attention-based learning on molecular ensembles},
  author={Chuang, Kangway V and Keiser, Michael J},
  journal={arXiv preprint arXiv:2011.12820},
  year={2020}
}

@article{haas2022predicting,
  title={Predicting relative efficiency of amide bond formation using multivariate linear regression},
  author={Haas, Brittany C and Goetz, Adam E and Bahamonde, Ana and McWilliams, J Christopher and Sigman, Matthew S},
  journal={Proceedings of the National Academy of Sciences},
  volume={119},
  number={16},
  pages={e2118451119},
  year={2022},
  publisher={National Acad Sciences}
}
@article{gensch2022comprehensive,
  title={A comprehensive discovery platform for organophosphorus ligands for catalysis},
  author={Gensch, Tobias and dos Passos Gomes, Gabriel and Friederich, Pascal and Peters, Ellyn and Gaudin, Th{\'e}ophile and Pollice, Robert and Jorner, Kjell and Nigam, AkshatKumar and Lindner-D’Addario, Michael and Sigman, Matthew S and others},
  journal={Journal of the American Chemical Society},
  volume={144},
  number={3},
  pages={1205--1217},
  year={2022},
  publisher={ACS Publications}
}
@article{liu2022auto3d,
  title={Auto3d: Automatic generation of the low-energy 3d structures with ANI neural network potentials},
  author={Liu, Zhen and Zubatiuk, Tetiana and Roitberg, Adrian and Isayev, Olexandr},
  journal={Journal of Chemical Information and Modeling},
  volume={62},
  number={22},
  pages={5373--5382},
  year={2022},
  publisher={ACS Publications}
}

@article{guan2018aaron,
  title={AARON: an automated reaction optimizer for new catalysts},
  author={Guan, Yanfei and Ingman, Victoria M and Rooks, Benjamin J and Wheeler, Steven E},
  journal={Journal of chemical theory and computation},
  volume={14},
  number={10},
  pages={5249--5261},
  year={2018},
  publisher={ACS Publications}
}

@article{rosales2019rapid,
  title={Rapid virtual screening of enantioselective catalysts using CatVS},
  author={Rosales, Anthony R and Wahlers, Jessica and Lim{\'e}, Elaine and Meadows, Rebecca E and Leslie, Kevin W and Savin, Rhona and Bell, Fiona and Hansen, Eric and Helquist, Paul and Munday, Rachel H and others},
  journal={Nature Catalysis},
  volume={2},
  number={1},
  pages={41--45},
  year={2019},
  publisher={Nature Publishing Group UK London}
}

@article{meng2011molecular,
  title={Molecular docking: a powerful approach for structure-based drug discovery},
  author={Meng, Xuan-Yu and Zhang, Hong-Xing and Mezei, Mihaly and Cui, Meng},
  journal={Current computer-aided drug design},
  volume={7},
  number={2},
  pages={146--157},
  year={2011},
  publisher={Bentham Science Publishers}
}

@article{kuntz1982geometric,
  title={A geometric approach to macromolecule-ligand interactions},
  author={Kuntz, Irwin D and Blaney, Jeffrey M and Oatley, Stuart J and Langridge, Robert and Ferrin, Thomas E},
  journal={Journal of molecular biology},
  volume={161},
  number={2},
  pages={269--288},
  year={1982},
  publisher={Elsevier}
}

@article{perola2004conformational,
  title={Conformational analysis of drug-like molecules bound to proteins: an extensive study of ligand reorganization upon binding},
  author={Perola, Emanuele and Charifson, Paul S},
  journal={Journal of medicinal chemistry},
  volume={47},
  number={10},
  pages={2499--2510},
  year={2004},
  publisher={ACS Publications}
}

@article{howard1988analysis,
  title={An analysis of current methodologies for conformational searching of complex molecules},
  author={Howard, Allison E and Kollman, Peter A},
  journal={Journal of Medicinal Chemistry},
  volume={31},
  number={9},
  pages={1669--1675},
  year={1988},
  publisher={ACS Publications}
}

@article{davies2012conformational,
  title={Conformational analyses of the reaction coordinate of glycosidases},
  author={Davies, Gideon J and Planas, Antoni and Rovira, Carme},
  journal={Accounts of chemical research},
  volume={45},
  number={2},
  pages={308--316},
  year={2012},
  publisher={ACS Publications}
}

@article{hansen2016prediction,
  title={Prediction of Stereochemistry using Q2MM},
  author={Hansen, Eric and Rosales, Anthony R and Tutkowski, Brandon and Norrby, Per-Ola and Wiest, Olaf},
  journal={Accounts of Chemical Research},
  volume={49},
  number={5},
  pages={996--1005},
  year={2016},
  publisher={ACS Publications}
}

@article{mezei1986free,
  title={Free energy simulations},
  author={Mezei, M and Beveridge, DL},
  journal={Annals of the New York Academy of Sciences},
  volume={482},
  number={1},
  pages={1--23},
  year={1986},
  publisher={Wiley/Blackwell (10.1111)}
}

@article{gilson2007calculation,
  title={Calculation of protein-ligand binding affinities},
  author={Gilson, Michael K and Zhou, Huan-Xiang},
  journal={Annu. Rev. Biophys. Biomol. Struct.},
  volume={36},
  number={1},
  pages={21--42},
  year={2007},
  publisher={Annual Reviews}
}

@article{forli2016computational,
  title={Computational protein--ligand docking and virtual drug screening with the AutoDock suite},
  author={Forli, Stefano and Huey, Ruth and Pique, Michael E and Sanner, Michel F and Goodsell, David S and Olson, Arthur J},
  journal={Nature protocols},
  volume={11},
  number={5},
  pages={905--919},
  year={2016},
  publisher={Nature Publishing Group}
}

@article{friesner2004glide,
  title={Glide: a new approach for rapid, accurate docking and scoring. 1. Method and assessment of docking accuracy},
  author={Friesner, Richard A and Banks, Jay L and Murphy, Robert B and Halgren, Thomas A and Klicic, Jasna J and Mainz, Daniel T and Repasky, Matthew P and Knoll, Eric H and Shelley, Mee and Perry, Jason K and others},
  journal={Journal of medicinal chemistry},
  volume={47},
  number={7},
  pages={1739--1749},
  year={2004},
  publisher={ACS Publications}
}

@article{hawkins2017conformation,
  title={Conformation generation: the state of the art},
  author={Hawkins, Paul CD},
  journal={Journal of chemical information and modeling},
  volume={57},
  number={8},
  pages={1747--1756},
  year={2017},
  publisher={ACS Publications}
}

@article{jacobson2017automated,
  title={Automated transition state search and its application to diverse types of organic reactions},
  author={Jacobson, Leif D and Bochevarov, Art D and Watson, Mark A and Hughes, Thomas F and Rinaldo, David and Ehrlich, Stephan and Steinbrecher, Thomas B and Vaitheeswaran, S and Philipp, Dean M and Halls, Mathew D and others},
  journal={Journal of chemical theory and computation},
  volume={13},
  number={11},
  pages={5780--5797},
  year={2017},
  publisher={ACS Publications}
}

@article{besora2011importance,
  title={The importance of conformational search: a test case on the catalytic cycle of the Suzuki--Miyaura cross-coupling},
  author={Besora, Maria and Braga, Ataualpa AC and Ujaque, Gregori and Maseras, Feliu and Lled{\'o}s, Agust{\'\i}},
  journal={Theoretical Chemistry Accounts},
  volume={128},
  pages={639--646},
  year={2011},
  publisher={Springer}
}

@article{friedrich2017benchmarking,
  title={Benchmarking commercial conformer ensemble generators},
  author={Friedrich, Nils-Ole and de Bruyn Kops, Christina and Flachsenberg, Florian and Sommer, Kai and Rarey, Matthias and Kirchmair, Johannes},
  journal={Journal of chemical information and modeling},
  volume={57},
  number={11},
  pages={2719--2728},
  year={2017},
  publisher={ACS Publications}
}

@article{mohamadi1990macromodel,
  title={Macromodel—an integrated software system for modeling organic and bioorganic molecules using molecular mechanics},
  author={Mohamadi, Fariborz and Richards, Nigel GJ and Guida, Wayne C and Liskamp, Rob and Lipton, Mark and Caufield, Craig and Chang, George and Hendrickson, Thomas and Still, W Clark},
  journal={Journal of Computational Chemistry},
  volume={11},
  number={4},
  pages={440--467},
  year={1990},
  publisher={Wiley Online Library}
}

@article{riniker2015better,
  title={Better informed distance geometry: using what we know to improve conformation generation},
  author={Riniker, Sereina and Landrum, Gregory A},
  journal={Journal of chemical information and modeling},
  volume={55},
  number={12},
  pages={2562--2574},
  year={2015},
  publisher={ACS Publications}
}

@article{hawkins2010conformer,
  title={Conformer generation with OMEGA: algorithm and validation using high quality structures from the Protein Databank and Cambridge Structural Database},
  author={Hawkins, Paul CD and Skillman, A Geoffrey and Warren, Gregory L and Ellingson, Benjamin A and Stahl, Matthew T},
  journal={Journal of chemical information and modeling},
  volume={50},
  number={4},
  pages={572--584},
  year={2010},
  publisher={ACS Publications}
}

@article{kim2017comparison,
  title={The comparison of automated clustering algorithms for resampling representative conformer ensembles with RMSD matrix},
  author={Kim, Hyoungrae and Jang, Cheongyun and Yadav, Dharmendra K and Kim, Mi-hyun},
  journal={Journal of cheminformatics},
  volume={9},
  pages={1--26},
  year={2017},
  publisher={Springer}
}

@article{yongye2010dynamic,
  title={Dynamic clustering threshold reduces conformer ensemble size while maintaining a biologically relevant ensemble},
  author={Yongye, Austin B and Bender, Andreas and Mart{\'\i}nez-Mayorga, Karina},
  journal={Journal of computer-aided molecular design},
  volume={24},
  pages={675--686},
  year={2010},
  publisher={Springer}
}

@article{laplaza2024overcoming,
  title={Overcoming the Pitfalls of Computing Reaction Selectivity from Ensembles of Transition States},
  author={Laplaza, Ruben and Wodrich, Matthew D and Corminboeuf, Clemence},
  journal={The Journal of Physical Chemistry Letters},
  volume={15},
  number={29},
  pages={7363--7370},
  year={2024},
  publisher={ACS Publications}
}
@article{guan2021real,
  title={Real-time prediction of 1 H and 13 C chemical shifts with DFT accuracy using a 3D graph neural network},
  author={Guan, Yanfei and Sowndarya, SV Shree and Gallegos, Liliana C and John, Peter C St and Paton, Robert S},
  journal={Chemical Science},
  volume={12},
  number={36},
  pages={12012--12026},
  year={2021},
  publisher={Royal Society of Chemistry}
}

@article{unzueta2021predicting,
  title={Predicting density functional theory-quality nuclear magnetic resonance chemical shifts via $\delta$-machine learning},
  author={Unzueta, Pablo A and Greenwell, Chandler S and Beran, Gregory JO},
  journal={Journal of Chemical Theory and Computation},
  volume={17},
  number={2},
  pages={826--840},
  year={2021},
  publisher={ACS Publications}
}

@article{van20243dreact,
  title={3DReact: Geometric Deep Learning for Chemical Reactions},
  author={van Gerwen, Puck and Briling, Ksenia R and Bunne, Charlotte and Somnath, Vignesh Ram and Laplaza, Ruben and Krause, Andreas and Corminboeuf, Clemence},
  journal={Journal of Chemical Information and Modeling},
  volume={64},
  number={15},
  pages={5771--5785},
  year={2024},
  publisher={ACS Publications}
}

@article{bannwarth2019gfn2,
  title={GFN2-xTB—An accurate and broadly parametrized self-consistent tight-binding quantum chemical method with multipole electrostatics and density-dependent dispersion contributions},
  author={Bannwarth, Christoph and Ehlert, Sebastian and Grimme, Stefan},
  journal={Journal of chemical theory and computation},
  volume={15},
  number={3},
  pages={1652--1671},
  year={2019},
  publisher={ACS Publications}
}

@article{halgren1996merck,
  title={Merck molecular force field. I. Basis, form, scope, parameterization, and performance of MMFF94},
  author={Halgren, Thomas A},
  journal={Journal of computational chemistry},
  volume={17},
  number={5-6},
  pages={490--519},
  year={1996},
  publisher={Wiley Online Library}
}

@article{smith2017ani,
  title={ANI-1: an extensible neural network potential with DFT accuracy at force field computational cost},
  author={Smith, Justin S and Isayev, Olexandr and Roitberg, Adrian E},
  journal={Chemical science},
  volume={8},
  number={4},
  pages={3192--3203},
  year={2017},
  publisher={Royal Society of Chemistry}
}

@article{zubatyuk2019accurate,
  title={Accurate and transferable multitask prediction of chemical properties with an atoms-in-molecules neural network},
  author={Zubatyuk, Roman and Smith, Justin S and Leszczynski, Jerzy and Isayev, Olexandr},
  journal={Science advances},
  volume={5},
  number={8},
  pages={eaav6490},
  year={2019},
  publisher={American Association for the Advancement of Science}
}

@article{anstine2024aimnet2,
  title={AIMNet2: a neural network potential to meet your neutral, charged, organic, and elemental-organic needs},
  author={Anstine, Dylan and Zubatyuk, Roman and Isayev, Olexandr},
  year={2024}
}


@article{ganea2021geomol,
  title={Geomol: Torsional geometric generation of molecular 3d conformer ensembles},
  author={Ganea, Octavian and Pattanaik, Lagnajit and Coley, Connor and Barzilay, Regina and Jensen, Klavs and Green, William and Jaakkola, Tommi},
  journal={Advances in Neural Information Processing Systems},
  volume={34},
  pages={13757--13769},
  year={2021}
}

@article{jing2022torsional,
  title={Torsional diffusion for molecular conformer generation},
  author={Jing, Bowen and Corso, Gabriele and Chang, Jeffrey and Barzilay, Regina and Jaakkola, Tommi},
  journal={Advances in Neural Information Processing Systems},
  volume={35},
  pages={24240--24253},
  year={2022}
}

@article{reiser2022graph,
  title={Graph neural networks for materials science and chemistry},
  author={Reiser, Patrick and Neubert, Marlen and Eberhard, Andr{\'e} and Torresi, Luca and Zhou, Chen and Shao, Chen and Metni, Houssam and van Hoesel, Clint and Schopmans, Henrik and Sommer, Timo and others},
  journal={Communications Materials},
  volume={3},
  number={1},
  pages={93},
  year={2022},
  publisher={Nature Publishing Group UK London}
}

@article{dietterich1997solving,
  title={Solving the multiple instance problem with axis-parallel rectangles},
  author={Dietterich, Thomas G and Lathrop, Richard H and Lozano-P{\'e}rez, Tom{\'a}s},
  journal={Artificial intelligence},
  volume={89},
  number={1-2},
  pages={31--71},
  year={1997},
  publisher={Elsevier}
}
@article{maron1997framework,
  title={A framework for multiple-instance learning},
  author={Maron, Oded and Lozano-P{\'e}rez, Tom{\'a}s},
  journal={Advances in neural information processing systems},
  volume={10},
  year={1997}
}
@inproceedings{ilse2018attention,
  title={Attention-based deep multiple instance learning},
  author={Ilse, Maximilian and Tomczak, Jakub and Welling, Max},
  booktitle={International conference on machine learning},
  pages={2127--2136},
  year={2018},
  organization={PMLR}
}

@article{zahrt2019prediction,
  title={Prediction of higher-selectivity catalysts by computer-driven workflow and machine learning},
  author={Zahrt, Andrew F and Henle, Jeremy J and Rose, Brennan T and Wang, Yang and Darrow, William T and Denmark, Scott E},
  journal={Science},
  volume={363},
  number={6424},
  pages={eaau5631},
  year={2019},
  publisher={American Association for the Advancement of Science}
}

@article{zankov2021qsar,
  title={QSAR modeling based on conformation ensembles using a multi-instance learning approach},
  author={Zankov, Dmitry V and Matveieva, Mariia and Nikonenko, Aleksandra V and Nugmanov, Ramil I and Baskin, Igor I and Varnek, Alexandre and Polishchuk, Pavel and Madzhidov, Timur I},
  journal={Journal of chemical information and modeling},
  volume={61},
  number={10},
  pages={4913--4923},
  year={2021},
  publisher={ACS Publications}
}

@article{weinreich2021machine,
  title={Machine learning of free energies in chemical compound space using ensemble representations: Reaching experimental uncertainty for solvation},
  author={Weinreich, Jan and Browning, Nicholas J and von Lilienfeld, O Anatole},
  journal={The Journal of Chemical Physics},
  volume={154},
  number={13},
  year={2021},
  publisher={AIP Publishing}
}

@article{cremer2023equivariant,
  title={Equivariant graph neural networks for toxicity prediction},
  author={Cremer, Julian and Medrano Sandonas, Leonardo and Tkatchenko, Alexandre and Clevert, Djork-Arn{\'e} and De Fabritiis, Gianni},
  journal={Chemical Research in Toxicology},
  volume={36},
  number={10},
  pages={1561--1573},
  year={2023},
  publisher={ACS Publications}
}

@article{zankov2023multi,
  title={Multi-instance learning approach to the modeling of enantioselectivity of conformationally flexible organic catalysts},
  author={Zankov, Dmitry and Madzhidov, Timur and Polishchuk, Pavel and Sidorov, Pavel and Varnek, Alexandre},
  journal={Journal of Chemical Information and Modeling},
  volume={63},
  number={21},
  pages={6629--6641},
  year={2023},
  publisher={ACS Publications}
}

@article{zankov2024chemical,
  title={Chemical complexity challenge: Is multi-instance machine learning a solution?},
  author={Zankov, Dmitry and Madzhidov, Timur and Varnek, Alexandre and Polishchuk, Pavel},
  journal={Wiley Interdisciplinary Reviews: Computational Molecular Science},
  volume={14},
  number={1},
  pages={e1698},
  year={2024},
  publisher={Wiley Online Library}
}

@article{landrum2013rdkit,
  title={Rdkit documentation},
  author={Landrum, Greg},
  journal={Release},
  volume={1},
  number={1-79},
  pages={4},
  year={2013}
}

@article{gasteiger2020fast,
  title={Fast and uncertainty-aware directional message passing for non-equilibrium molecules},
  author={Gasteiger, Johannes and Giri, Shankari and Margraf, Johannes T and G{\"u}nnemann, Stephan},
  journal={arXiv preprint arXiv:2011.14115},
  year={2020}
}

@article{liu2021fast,
  title={Fast quantum property prediction via deeper 2d and 3d graph networks},
  author={Liu, Meng and Fu, Cong and Zhang, Xuan and Wang, Limei and Xie, Yaochen and Yuan, Hao and Luo, Youzhi and Xu, Zhao and Xu, Shenglong and Ji, Shuiwang},
  journal={arXiv preprint arXiv:2106.08551},
  year={2021}
}