@article{Lee_2019,
   title={BioBERT: a pre-trained biomedical language representation model for biomedical text mining},
   volume={36},
   ISSN={1367-4811},
   url={http://dx.doi.org/10.1093/bioinformatics/btz682},
   DOI={10.1093/bioinformatics/btz682},
   number={4},
   journal={Bioinformatics},
   publisher={Oxford University Press (OUP)},
   author={Lee, Jinhyuk and Yoon, Wonjin and Kim, Sungdong and Kim, Donghyeon and Kim, Sunkyu and So, Chan Ho and Kang, Jaewoo},
   editor={Wren, Jonathan},
   year={2019},
   month=sep, pages={1234â€“1240} }

@misc{araci2019finbertfinancialsentimentanalysis,
      title={FinBERT: Financial Sentiment Analysis with Pre-trained Language Models}, 
      author={Dogu Araci},
      year={2019},
      eprint={1908.10063},
      archivePrefix={arXiv},
      primaryClass={cs.CL},
      url={https://arxiv.org/abs/1908.10063}, 
}

@misc{chi2021infoxlminformationtheoreticframeworkcrosslingual,
      title={InfoXLM: An Information-Theoretic Framework for Cross-Lingual Language Model Pre-Training}, 
      author={Zewen Chi and Li Dong and Furu Wei and Nan Yang and Saksham Singhal and Wenhui Wang and Xia Song and Xian-Ling Mao and Heyan Huang and Ming Zhou},
      year={2021},
      eprint={2007.07834},
      archivePrefix={arXiv},
      primaryClass={cs.CL},
      url={https://arxiv.org/abs/2007.07834}, 
}

@misc{devlin2019bertpretrainingdeepbidirectional,
      title={BERT: Pre-training of Deep Bidirectional Transformers for Language Understanding}, 
      author={Jacob Devlin and Ming-Wei Chang and Kenton Lee and Kristina Toutanova},
      year={2019},
      eprint={1810.04805},
      archivePrefix={arXiv},
      primaryClass={cs.CL},
      url={https://arxiv.org/abs/1810.04805}, 
}

@misc{gao2022simcsesimplecontrastivelearning,
      title={SimCSE: Simple Contrastive Learning of Sentence Embeddings}, 
      author={Tianyu Gao and Xingcheng Yao and Danqi Chen},
      year={2022},
      eprint={2104.08821},
      archivePrefix={arXiv},
      primaryClass={cs.CL},
      url={https://arxiv.org/abs/2104.08821}, 
}

@misc{liu2024surfacesimilaritydetectingsubtle,
      title={Beyond Surface Similarity: Detecting Subtle Semantic Shifts in Financial Narratives}, 
      author={Jiaxin Liu and Yi Yang and Kar Yan Tam},
      year={2024},
      eprint={2403.14341},
      archivePrefix={arXiv},
      primaryClass={cs.CL},
      url={https://arxiv.org/abs/2403.14341}, 
}

@misc{mikolov2013efficientestimationwordrepresentations,
      title={Efficient Estimation of Word Representations in Vector Space}, 
      author={Tomas Mikolov and Kai Chen and Greg Corrado and Jeffrey Dean},
      year={2013},
      eprint={1301.3781},
      archivePrefix={arXiv},
      primaryClass={cs.CL},
      url={https://arxiv.org/abs/1301.3781}, 
}

@misc{reimers2019sentencebertsentenceembeddingsusing,
      title={Sentence-BERT: Sentence Embeddings using Siamese BERT-Networks}, 
      author={Nils Reimers and Iryna Gurevych},
      year={2019},
      eprint={1908.10084},
      archivePrefix={arXiv},
      primaryClass={cs.CL},
      url={https://arxiv.org/abs/1908.10084}, 
}

@misc{tang2024needdomainspecificembeddingmodels,
      title={Do We Need Domain-Specific Embedding Models? An Empirical Investigation}, 
      author={Yixuan Tang and Yi Yang},
      year={2024},
      eprint={2409.18511},
      archivePrefix={arXiv},
      primaryClass={cs.CL},
      url={https://arxiv.org/abs/2409.18511}, 
}

