@article{10.1145/3686803,
author = {Li, Jialong and Zhang, Mingyue and Li, Nianyu and Weyns, Danny and Jin, Zhi and Tei, Kenji},
title = {Generative AI for Self-Adaptive Systems: State of the Art and Research Roadmap},
year = {2024},
issue_date = {September 2024},
publisher = {Association for Computing Machinery},
address = {New York, NY, USA},
volume = {19},
number = {3},
issn = {1556-4665},
doi = {10.1145/3686803},
journal = {ACM Trans. Auton. Adapt. Syst.},
month = sep,
articleno = {13},
numpages = {60},
keywords = {Self-Adaptive Systems, MAPE, Generative AI, Large Language Model, diffusion model, survey}
}

@INPROCEEDINGS{10308036,
  author={Rothe, Mrudula and Lath, Ritika and Kumar, Dishant and Yadav, Parth and Aylani, Amit},
  booktitle={2023 14th International Conference on Computing Communication and Networking Technologies (ICCCNT)}, 
  title={Slang language Detection and Identification In Text}, 
  year={2023},
  volume={},
  number={},
  pages={1-5},
  doi={10.1109/ICCCNT56998.2023.10308036}}

@INPROCEEDINGS{9961254,
  author={Seki, Yohei and Liu, Yihong},
  booktitle={2022 International Conference on Asian Language Processing (IALP)}, 
  title={Multi-task Learning Model for Detecting Internet Slang Words with Two-Layer Annotation}, 
  year={2022},
  volume={},
  number={},
  pages={212-218},
  doi={10.1109/IALP57159.2022.9961254}}

@INPROCEEDINGS{DBLP:conf/cec/CaiLZLWT24,
  author={Cai, Jinyu and Li, Jialong and Zhang, Mingyue and Li, Munan and Wang, Chen-Shu and Tei, Kenji},
  booktitle={2024 IEEE Congress on Evolutionary Computation (CEC)}, 
  title={Language Evolution for Evading Social Media Regulation via LLM-Based Multi-Agent Simulation}, 
  year={2024},
  volume={},
  number={},
  pages={1-10},
  keywords={Social networking (online);Large language models;Computational modeling;Blogs;Oral communication;Evolutionary computation;Media;Language Evolution;Multi-agent Simulation;Large Language Models;Social Media Regulation},
  doi={10.1109/CEC60901.2024.10612015}}

@article{Park2023GenerativeAI,
  title={Generative Agents: Interactive Simulacra of Human Behavior},
  author={Joon Sung Park and Joseph C. O'Brien and Carrie J. Cai and Meredith Ringel Morris and Percy Liang and Michael S. Bernstein},
  journal={Proceedings of the 36th Annual ACM Symposium on User Interface Software and Technology},
  year={2023},
}

@article{Wang2023ASO,
  title={A Survey on Large Language Model based Autonomous Agents},
  author={Lei Wang and Chengbang Ma and Xueyang Feng and Zeyu Zhang and Hao-ran Yang and Jingsen Zhang and Zhi-Yang Chen and Jiakai Tang and Xu Chen and Yankai Lin and Wayne Xin Zhao and Zhewei Wei and Ji-rong Wen},
  journal={ArXiv},
  year={2023},
  volume={abs/2308.11432}
}

@INPROCEEDINGS{Wang_icceasia23,
  author={Wang, Chen-Shu and Yang, Heng-Li and Li, Bo-Yi and Chen, Hong-Yan},
  booktitle={2023 IEEE International Conference on Consumer Electronics-Asia (ICCE-Asia)}, 
  title={Can Generative AI Eliminate Speech Harms? A Study on Detection of Abusive and Hate Speech during the COVID-19 Pandemic}, 
  year={2023},
  volume={},
  number={},
  pages={1-4},
  keywords={COVID-19;Dictionaries;Pandemics;Hate speech;Machine learning;Abusive and hate speech;Machine learning;Language model},
  doi={10.1109/ICCE-Asia59966.2023.10326404}}

@article{Zhao2023ASO,
  title={A Survey of Large Language Models},
  author={Wayne Xin Zhao and Kun Zhou and Junyi Li and Tianyi Tang and Xiaolei Wang and Yupeng Hou and Yingqian Min and Beichen Zhang and Junjie Zhang and Zican Dong and Yifan Du and Chen Yang and Yushuo Chen and Z. Chen and Jinhao Jiang and Ruiyang Ren and Yifan Li and Xinyu Tang and Zikang Liu and Peiyu Liu and Jianyun Nie and Ji-rong Wen},
  journal={ArXiv},
  year={2023},
  volume={abs/2303.18223}}

@article{chowdhery2022palm,
  author       = {Aakanksha Chowdhery and
                  Sharan Narang and
                  Jacob Devlin and
                  Maarten Bosma and
                  Gaurav Mishra and et al.},
  title        = {PaLM: Scaling Language Modeling with Pathways},
  journal      = {J. Mach. Learn. Res.},
  volume       = {24},
  pages        = {240:1--240:113},
  year         = {2023},
}

@misc{fu2023improving,
      title={Improving Language Model Negotiation with Self-Play and In-Context Learning from AI Feedback}, 
      author={Yao Fu and Hao Peng and Tushar Khot and Mirella Lapata},
      year={2023},
      eprint={2305.10142},
      archivePrefix={arXiv},
      primaryClass={cs.CL}
}

@misc{gao2023s3,
      title={S3: Social-network Simulation System with Large Language Model-Empowered Agents}, 
      author={Chen Gao and Xiaochong Lan and Zhihong Lu and Jinzhu Mao and Jinghua Piao and Huandong Wang and Depeng Jin and Yong Li},
      year={2023},
      eprint={2307.14984},
      archivePrefix={arXiv},
      primaryClass={cs.SI}
}

@misc{hua2023war,
      title={War and Peace (WarAgent): Large Language Model-based Multi-Agent Simulation of World Wars}, 
      author={Wenyue Hua and Lizhou Fan and Lingyao Li and Kai Mei and Jianchao Ji and Yingqiang Ge and Libby Hemphill and Yongfeng Zhang},
      year={2023},
      eprint={2311.17227},
      archivePrefix={arXiv},
      primaryClass={cs.AI}
}

@article{instructGPT,
  title={Training language models to follow instructions with human feedback},
  author={Ouyang, Long and Wu, Jeffrey and Jiang, Xu and Almeida, Diogo and Wainwright, Carroll and Mishkin, Pamela and Zhang, Chong and Agarwal, Sandhini and Slama, Katarina and Ray, Alex and others},
  journal={Advances in Neural Information Processing Systems},
  volume={35},
  pages={27730--27744},
  year={2022}
}

@misc{li2024exploring,
      title={Exploring the Potential of Large Language Models in Self-adaptive Systems}, 
      author={Jialong Li and Mingyue Zhang and Nianyu Li and Danny Weyns and Zhi Jin and Kenji Tei},
      year={2024},
      eprint={2401.07534},
      archivePrefix={arXiv},
      primaryClass={cs.SE}
}

@misc{openai2024gpt4technicalreport,
      title={GPT-4 Technical Report}, 
      author={OpenAI and et. al},
      year={2024},
      eprint={2303.08774},
      archivePrefix={arXiv},
      primaryClass={cs.CL},
      url={https://arxiv.org/abs/2303.08774}, 
}

@inproceedings{sun2019slang,
  title={Slang Generation as Categorization.},
  author={Sun, Zhewei and Zemel, Richard S and Xu, Yang},
  booktitle={CogSci},
  pages={2898--2904},
  year={2019}
}

@inproceedings{sun2022semantically,
  title={Semantically Informed Slang Interpretation},
  author={Sun, Zhewei and Zemel, Richard and Xu, Yang},
  booktitle={Proceedings of the 2022 Conference of the North American Chapter of the Association for Computational Linguistics: Human Language Technologies},
  pages={5213--5231},
  year={2022}
}

@article{tang2024gensim,
  title={GenSim: A General Social Simulation Platform with Large Language Model based Agents},
  author={Tang, Jiakai and Gao, Heyang and Pan, Xuchen and Wang, Lei and Tan, Haoran and Gao, Dawei and Chen, Yushuo and Chen, Xu and Lin, Yankai and Li, Yaliang and others},
  journal={arXiv preprint arXiv:2410.04360},
  year={2024}
}

@misc{touvron2023llama,
      title={LLaMA: Open and Efficient Foundation Language Models}, 
      author={Hugo Touvron and Thibaut Lavril and Gautier Izacard and Xavier Martinet and Marie-Anne Lachaux and Timothée Lacroix and Baptiste Rozière and Naman Goyal and Eric Hambro and Faisal Azhar and Aurelien Rodriguez and Armand Joulin and Edouard Grave and Guillaume Lample},
      year={2023},
      eprint={2302.13971},
      archivePrefix={arXiv},
      primaryClass={cs.CL}
}

@article{vaswani2017attention,
  title={Attention is all you need},
  author={Vaswani, Ashish and Shazeer, Noam and Parmar, Niki and Uszkoreit, Jakob and Jones, Llion and Gomez, Aidan N and Kaiser, {\L}ukasz and Polosukhin, Illia},
  journal={Advances in neural information processing systems},
  volume={30},
  year={2017}
}

@misc{xu2023exploring,
      title={Exploring Large Language Models for Communication Games: An Empirical Study on Werewolf}, 
      author={Yuzhuang Xu and Shuo Wang and Peng Li and Fuwen Luo and Xiaolong Wang and Weidong Liu and Yang Liu},
      year={2023},
      eprint={2309.04658},
      archivePrefix={arXiv},
      primaryClass={cs.CL}
}

@misc{xu2023language,
      title={Language Agents with Reinforcement Learning for Strategic Play in the Werewolf Game}, 
      author={Zelai Xu and Chao Yu and Fei Fang and Yu Wang and Yi Wu},
      year={2023},
      eprint={2310.18940},
      archivePrefix={arXiv},
      primaryClass={cs.AI}
}

@article{yang2024oasis,
  title={Oasis: Open agents social interaction simulations on one million agents},
  author={Yang, Ziyi and Zhang, Zaibin and Zheng, Zirui and Jiang, Yuxian and Gan, Ziyue and Wang, Zhiyu and Ling, Zijian and Chen, Jinsong and Ma, Martz and Dong, Bowen and others},
  journal={arXiv preprint arXiv:2411.11581},
  year={2024}
}

