@article{marino2018two,
title = {A two stage approach for distributed cooperative manipulation of an unknown object without explicit communication and unknown number of robots},
journal = {Robotics and Autonomous Systems},
volume = {103},
pages = {122-133},
year = {2018},
issn = {0921-8890},
doi = {https://doi.org/10.1016/j.robot.2018.02.007},
url = {https://www.sciencedirect.com/science/article/pii/S0921889017307807},
author = {Alessandro Marino and Francesco Pierri}
}

@article{marino2018,
  title={A two stage approach for distributed cooperative manipulation of an unknown object without explicit communication and unknown number of robots},
  author={Marino, Alessandro and Pierri, Francesco},
  journal={Robotics and Autonomous Systems},
  volume={103},
  pages={122--133},
  year={2018},
  publisher={Elsevier}
}

@article{kabsch1976,
  title={A solution for the best rotation to relate two sets of vectors},
  author={Kabsch, Wolfgang},
  journal={Acta Crystallographica Section A: Crystal Physics, Diffraction, Theoretical and General Crystallography},
  volume={32},
  number={5},
  pages={922--923},
  year={1976},
  publisher={International Union of Crystallography}
}

@article{kabsch1978,
  title={A discussion of the solution for the best rotation to relate two sets of vectors},
  author={Kabsch, Wolfgang},
  journal={Acta Crystallographica Section A: Crystal Physics, Diffraction, Theoretical and General Crystallography},
  volume={34},
  number={5},
  pages={827--828},
  year={1978},
  publisher={International Union of Crystallography}
}

@article{umeyama1991,
  title={Least-squares estimation of transformation parameters between two point patterns},
  author={Umeyama, Shinji},
  journal={IEEE Transactions on Pattern Analysis \& Machine Intelligence},
  volume={13},
  number={04},
  pages={376--380},
  year={1991},
  publisher={IEEE Computer Society}
}

@book{lynch2017,
  title={Modern robotics},
  author={Lynch, Kevin M and Park, Frank C},
  year={2017},
  pages={98-100},
  publisher={Cambridge University Press}
}

@article{lawrence2019,
  title={A purely algebraic justification of the Kabsch-Umeyama algorithm},
  author={Lawrence, Jim and Bernal, Javier and Witzgall, Christoph},
  journal={Journal of research of the National Institute of Standards and Technology},
  volume={124},
  pages={1},
  year={2019},
  publisher={National Institute of Standards and Technology}
}

@article{nocedal2006large,
  title={Large-scale unconstrained optimization},
  author={Nocedal, Jorge and Wright, Stephen J},
  journal={Numerical optimization},
  pages={164--192},
  year={2006},
  publisher={Springer}
}

@book{miller1930accurate,
  title={An accurate method of measuring the moments of inertia of airplanes},
  author={Miller, Marvel P},
  number={351},
  year={1930},
  publisher={National Advisory Committee for Aeronautics}
}

@article{woodfield1968measurement,
  title={Measurement of the yawing moment and product of inertia of an aircraft by the single point suspension method theory and rig design},
  author={Woodfield, AA},
  year={1968},
  journal={Aeronautical Research Council Reports \& Memoranda}
}

@article{krznar2018line,
  title={On-line inertia measurement of unmanned aerial vehicles using on board sensors and bifilar pendulum},
  author={Krznar, Matija and Kotarski, Denis and Piljek, Petar and Pavkovi{\'c}, Danijel},
  journal={Interdisciplinary Description of Complex Systems: INDECS},
  volume={16},
  number={1},
  pages={149--161},
  year={2018},
  publisher={Hrvatsko interdisciplinarno dru{\v{s}}tvo}
}

@techreport{winkler1983inertial,
  title={Inertial properties of commercial vehicles-descriptive parameters used in analyzing the braking and handling of heavy trucks. Volume 2. Final report},
  author={Winkler, Christopher B},
  year={1983},
  institution={University of Michigan Transportation Research Institute}
}

@book{winkler1983parametric,
  title={Parametric analysis of heavy duty truck dynamic stability},
  author={Winkler, Christopher B},
  volume={1},
  year={1983},
  publisher={National Highway Traffic Safety Administration}
}

@article{heydinger1995design,
  title={The design of a vehicle inertia measurement facility},
  author={Heydinger, Gary J and Durisek, Nicholas J and Coovert Sr, David A and Guenther, Dennis A and Novak, S Jay},
  journal={SAE transactions},
  pages={465--473},
  year={1995},
  publisher={JSTOR}
}

@inproceedings{colgate1996cobots,
  title={Cobots: Robots for collaboration with human operators},
  author={Colgate, J Edward and Wannasuphoprasit, Witaya and Peshkin, Michael A},
  booktitle={ASME international mechanical engineering congress and exposition},
  volume={15281},
  pages={433--439},
  year={1996},
  organization={American Society of Mechanical Engineers}
}

@article{elwin2022human,
  title={Human-multirobot collaborative mobile manipulation: The omnid mocobots},
  author={Elwin, Matthew L and Strong, Billie and Freeman, Randy A and Lynch, Kevin M},
  journal={IEEE Robotics and Automation Letters},
  volume={8},
  number={1},
  pages={376--383},
  year={2022},
  publisher={IEEE}
}

@article{caccavale2016cooperative,
  title={Cooperative manipulation},
  author={Caccavale, Fabrizio and Uchiyama, Masaru},
  journal={Springer handbook of robotics},
  pages={989--1006},
  year={2016},
  publisher={Springer}
}

@inproceedings{werfel2014designing,
  title={Designing Collective Behavior in a Termite-Inspired Robot Construction Team},
  author={Werfel, Justin and Petersen, Kirstin and Nagpal, Radhika},
  booktitle={Proceedings of the IEEE International Conference on Robotics and Automation (ICRA)},
  year={2014},
  pages={3271--3278},
  organization={IEEE}
}

@article{cherubini2016collaborative,
  title={Collaborative manufacturing with physical human--robot interaction},
  author={Cherubini, Andrea and Passama, Robin and Crosnier, Andr{\'e} and Lasnier, Antoine and Fraisse, Philippe},
  journal={Robotics and Computer-Integrated Manufacturing},
  volume={40},
  pages={1--13},
  year={2016},
  publisher={Elsevier}
}

@article{trevelyan2016robotics,
  title={Robotics in hazardous applications},
  author={Trevelyan, James and Hamel, William R and Kang, Sung-Chul},
  journal={Springer handbook of robotics},
  pages={1521--1548},
  year={2016},
  publisher={Springer}
}

@article{balch1998behavior,
  title={Behavior-based formation control for multirobot teams},
  author={Balch, Tucker and Arkin, Ronald C},
  journal={IEEE transactions on robotics and automation},
  volume={14},
  number={6},
  pages={926--939},
  year={1998},
  publisher={IEEE}
}

@article{rubenstein2014programmable,
  title={Programmable self-assembly in a thousand-robot swarm},
  author={Rubenstein, Michael and Cornejo, Alejandro and Nagpal, Radhika},
  journal={Science},
  volume={345},
  number={6198},
  pages={795--799},
  year={2014},
  publisher={American Association for the Advancement of Science}
}

@inproceedings{rus1995moving,
  title={Moving furniture with teams of autonomous robots},
  author={Rus, Daniela and Donald, Bruce and Jennings, Jim},
  booktitle={Proceedings 1995 IEEE/RSJ International Conference on Intelligent Robots and Systems. Human Robot Interaction and Cooperative Robots},
  volume={1},
  pages={235--242},
  year={1995},
  organization={IEEE}
}

@article{liu2024self,
  title={Self-Healing Distributed Swarm Formation Control Using Image Moments},
  author={Liu, C Lin and Ridgley, Israel L Donato and Elwin, Matthew L and Rubenstein, Michael and Freeman, Randy A and Lynch, Kevin M},
  journal={IEEE Robotics and Automation Letters},
  year={2024},
  publisher={IEEE}
}

@article{agravante2019human,
  title={Human-humanoid collaborative carrying},
  author={Agravante, Don Joven and Cherubini, Andrea and Sherikov, Alexander and Wieber, Pierre-Brice and Kheddar, Abderrahmane},
  journal={IEEE Transactions on Robotics},
  volume={35},
  number={4},
  pages={833--846},
  year={2019},
  publisher={IEEE}
}

@inproceedings{agravante2014collaborative,
  title={Collaborative human-humanoid carrying using vision and haptic sensing},
  author={Agravante, Don Joven and Cherubini, Andrea and Bussy, Antoine and Gergondet, Pierre and Kheddar, Abderrahmane},
  booktitle={2014 IEEE international conference on robotics and automation (ICRA)},
  pages={607--612},
  year={2014},
  organization={IEEE}
}

@inproceedings{bussy2012human,
  title={Human-humanoid haptic joint object transportation case study},
  author={Bussy, Antoine and Kheddar, Abderrahmane and Crosnier, Andr{\'e} and Keith, Fran{\c{c}}ois},
  booktitle={2012 IEEE/RSJ International Conference on Intelligent Robots and Systems},
  pages={3633--3638},
  year={2012},
  organization={IEEE}
}

@article{chi2023diffusion,
  title={Diffusion policy: Visuomotor policy learning via action diffusion},
  author={Chi, Cheng and Feng, Siyuan and Du, Yilun and Xu, Zhenjia and Cousineau, Eric and Burchfiel, Benjamin and Song, Shuran},
  journal={arXiv preprint arXiv:2303.04137},
  year={2023}
}

#article{yoneda2023noise,
  title={To the noise and back: Diffusion for shared autonomy},
  author={Yoneda, Takuma and Sun, Luzhe and Stadie, Bradly and Walter, Matthew and others},
  journal={arXiv preprint arXiv:2302.12244},
  year={2023}
}

@article{zhao2023learning,
  title={Learning fine-grained bimanual manipulation with low-cost hardware},
  author={Zhao, Tony Z and Kumar, Vikash and Levine, Sergey and Finn, Chelsea},
  journal={arXiv preprint arXiv:2304.13705},
  year={2023}
}

@article{ren2020fully,
  title={Fully distributed cooperation for networked uncertain mobile manipulators},
  author={Ren, Yi and Sosnowski, Stefan and Hirche, Sandra},
  journal={IEEE Transactions on Robotics},
  volume={36},
  number={4},
  pages={984--1003},
  year={2020},
  publisher={IEEE}
}

@inproceedings{carey2021collective,
  title={Collective transport of unconstrained objects via implicit coordination and adaptive compliance},
  author={Carey, Nicole E and Werfel, Justin},
  booktitle={2021 IEEE International Conference on Robotics and Automation (ICRA)},
  pages={12603--12609},
  year={2021},
  organization={IEEE}
}

@article{rauniyar2021mewbots,
  title={MeWBots: Mecanum-Wheeled robots for collaborative manipulation in an obstacle-clustered environment without communication},
  author={Rauniyar, Aditya and Upreti, Hem Chandra and Mishra, Aman and Sethuramalingam, Prabhu},
  journal={Journal of Intelligent \& Robotic Systems},
  volume={102},
  number={1},
  pages={3},
  year={2021},
  publisher={Springer}
}

@inproceedings{alonso2015local,
  title={Local motion planning for collaborative multi-robot manipulation of deformable objects},
  author={Alonso-Mora, Javier and Knepper, Ross and Siegwart, Roland and Rus, Daniela},
  booktitle={2015 IEEE international conference on robotics and automation (ICRA)},
  pages={5495--5502},
  year={2015},
  organization={IEEE}
}

@inproceedings{sieber2015multi,
  title={Multi-robot manipulation controlled by a human with haptic feedback},
  author={Sieber, Dominik and Musi{\'c}, Selma and Hirche, Sandra},
  booktitle={2015 IEEE/RSJ International Conference on Intelligent Robots and Systems (IROS)},
  pages={2440--2446},
  year={2015},
  organization={IEEE}
}

@article{wang2016force,
  title={Force-amplifying n-robot transport system (force-ants) for cooperative planar manipulation without communication},
  author={Wang, Zijian and Schwager, Mac},
  journal={The International Journal of Robotics Research},
  volume={35},
  number={13},
  pages={1564--1586},
  year={2016},
  publisher={SAGE Publications Sage UK: London, England}
}

@article{hejtmanek2013measuring,
  title={Measuring the yaw moment of inertia of a vehicle},
  author={Hejtm{\'a}nek, Petr and BLA{\v{T}}{\'A}K, OND{\v{R}}EJ and KU{\v{C}}ERA, PAVEL and PORTE{\v{S}}, PETR and Van{\v{c}}ura, JAN},
  journal={J. Middle Eur. Constr. Des. Cars},
  volume={11},
  number={1},
  pages={16--22},
  year={2013}
}

@article{kolansky2013real,
  title={Real-time parameter estimation study for inertia properties of ground vehicles},
  author={Kolansky, Jeremy and Sandu, Corina},
  journal={Archive of Mechanical Engineering},
  volume={60},
  number={1},
  year={2013}
}

@article{atkeson1986estimation,
  title={Estimation of inertial parameters of manipulator loads and links},
  author={Atkeson, Christopher G and An, Chae H and Hollerbach, John M},
  journal={The International Journal of Robotics Research},
  volume={5},
  number={3},
  pages={101--119},
  year={1986},
  publisher={Sage Publications Sage CA: Thousand Oaks, CA}
}

@inproceedings{franceschelli2009decentralized,
  title={Decentralized centroid estimation for multi-agent systems in absence of any common reference frame},
  author={Franceschelli, Mauro and Gasparri, Andrea},
  booktitle={2009 American Control Conference},
  pages={512--517},
  year={2009},
  organization={IEEE}
}

@inproceedings{habibi2015distributed,
  title={Distributed centroid estimation and motion controllers for collective transport by multi-robot systems},
  author={Habibi, Golnaz and Kingston, Zachary and Xie, William and Jellins, Mathew and McLurkin, James},
  booktitle={2015 IEEE International Conference on Robotics and Automation (ICRA)},
  pages={1282--1288},
  year={2015},
  organization={IEEE}
}

@inproceedings{gao2022estimating,
  title={Estimating the center of mass of an unknown object for nonprehensile manipulation},
  author={Gao, Ziyan and Elibol, Armagan and Chong, Nak Young},
  booktitle={2022 IEEE International Conference on Mechatronics and Automation (ICMA)},
  pages={1755--1760},
  year={2022},
  organization={IEEE}
}

@article{hunter1986exponentially,
  title={The exponentially weighted moving average},
  author={Hunter, J Stuart},
  journal={Journal of quality technology},
  volume={18},
  number={4},
  pages={203--210},
  year={1986},
  publisher={Taylor \& Francis}
}

@inproceedings{hess2016real,
  title={Real-time loop closure in 2D LIDAR SLAM},
  author={Hess, Wolfgang and Kohler, Damon and Rapp, Holger and Andor, Daniel},
  booktitle={2016 IEEE international conference on robotics and automation (ICRA)},
  pages={1271--1278},
  year={2016},
  organization={IEEE}
}

@article{chen2023robust,
  title={Robust Loop Closure Selection Based on Inter-Robot and Intra-Robot Consistency for Multi-Robot Map Fusion},
  author={Chen, Zhihong and Zhao, Junqiao and Feng, Tiantian and Ye, Chen and Xiong, Lu},
  journal={Remote Sensing},
  volume={15},
  number={11},
  pages={2796},
  year={2023},
  publisher={MDPI}
}

@inproceedings{kummerle2011g,
  title={g 2 o: A general framework for graph optimization},
  author={K{\"u}mmerle, Rainer and Grisetti, Giorgio and Strasdat, Hauke and Konolige, Kurt and Burgard, Wolfram},
  booktitle={2011 IEEE international conference on robotics and automation},
  pages={3607--3613},
  year={2011},
  organization={IEEE}
}

@article{butterworth1930theory,
  title={On the theory of filter amplifiers},
  author={Butterworth, Stephen and others},
  journal={Wireless Engineer},
  volume={7},
  number={6},
  pages={536--541},
  year={1930}
}

@article{shorinwa2024distributed,
  title={Distributed optimization methods for multi-robot systems: Part 2—A survey},
  author={Shorinwa, Ola and Halsted, Trevor and Yu, Javier and Schwager, Mac},
  journal={IEEE Robotics \& Automation Magazine},
  year={2024},
  publisher={IEEE}
}

@article{oh2013formation,
  title={Formation control and network localization via orientation alignment},
  author={Oh, Kwang-Kyo and Ahn, Hyo-Sung},
  journal={IEEE Transactions on Automatic Control},
  volume={59},
  number={2},
  pages={540--545},
  year={2013},
  publisher={IEEE}
}

@article{sarlette2009consensus,
  title={Consensus optimization on manifolds},
  author={Sarlette, Alain and Sepulchre, Rodolphe},
  journal={SIAM journal on Control and Optimization},
  volume={48},
  number={1},
  pages={56--76},
  year={2009},
  publisher={SIAM}
}

@inproceedings{tron2009distributed,
  title={Distributed image-based 3-d localization of camera sensor networks},
  author={Tron, Roberto and Vidal, Ren{\'e}},
  booktitle={Proceedings of the 48h IEEE Conference on Decision and Control (CDC) held jointly with 2009 28th Chinese Control Conference},
  pages={901--908},
  year={2009},
  organization={IEEE}
}

@book{thrun2005probabilistic,
  title= {Probabilistic Robotics},
  author= {Thrun, Sebastian and Burgard, Wolfram and Fox, Dieter},
  year= {2005},
  publisher= {MIT Press},
  address= {Cambridge, MA},
  pages= {337--383}
}

@article{lu1997globally,
  title={Globally consistent range scan alignment for environment mapping},
  author={Lu, Feng and Milios, Evangelos},
  journal={Autonomous robots},
  volume={4},
  pages={333--349},
  year={1997},
  publisher={Springer}
}