@inproceedings{alonso2015local,
  title={Local motion planning for collaborative multi-robot manipulation of deformable objects},
  author={Alonso-Mora, Javier and Knepper, Ross and Siegwart, Roland and Rus, Daniela},
  booktitle={2015 IEEE international conference on robotics and automation (ICRA)},
  pages={5495--5502},
  year={2015},
  organization={IEEE}
}

@article{atkeson1986estimation,
  title={Estimation of inertial parameters of manipulator loads and links},
  author={Atkeson, Christopher G and An, Chae H and Hollerbach, John M},
  journal={The International Journal of Robotics Research},
  volume={5},
  number={3},
  pages={101--119},
  year={1986},
  publisher={Sage Publications Sage CA: Thousand Oaks, CA}
}

@article{balch1998behavior,
  title={Behavior-based formation control for multirobot teams},
  author={Balch, Tucker and Arkin, Ronald C},
  journal={IEEE transactions on robotics and automation},
  volume={14},
  number={6},
  pages={926--939},
  year={1998},
  publisher={IEEE}
}

@article{caccavale2016cooperative,
  title={Cooperative manipulation},
  author={Caccavale, Fabrizio and Uchiyama, Masaru},
  journal={Springer handbook of robotics},
  pages={989--1006},
  year={2016},
  publisher={Springer}
}

@inproceedings{carey2021collective,
  title={Collective transport of unconstrained objects via implicit coordination and adaptive compliance},
  author={Carey, Nicole E and Werfel, Justin},
  booktitle={2021 IEEE International Conference on Robotics and Automation (ICRA)},
  pages={12603--12609},
  year={2021},
  organization={IEEE}
}

@article{cherubini2016collaborative,
  title={Collaborative manufacturing with physical human--robot interaction},
  author={Cherubini, Andrea and Passama, Robin and Crosnier, Andr{\'e} and Lasnier, Antoine and Fraisse, Philippe},
  journal={Robotics and Computer-Integrated Manufacturing},
  volume={40},
  pages={1--13},
  year={2016},
  publisher={Elsevier}
}

@article{chi2023diffusion,
  title={Diffusion policy: Visuomotor policy learning via action diffusion},
  author={Chi, Cheng and Feng, Siyuan and Du, Yilun and Xu, Zhenjia and Cousineau, Eric and Burchfiel, Benjamin and Song, Shuran},
  journal={arXiv preprint arXiv:2303.04137},
  year={2023}
}

#article{yoneda2023noise,
  title={To the noise and back: Diffusion for shared autonomy},
  author={Yoneda, Takuma and Sun, Luzhe and Stadie, Bradly and Walter, Matthew and others},
  journal={arXiv preprint arXiv:2302.12244},
  year={2023}
}

@inproceedings{colgate1996cobots,
  title={Cobots: Robots for collaboration with human operators},
  author={Colgate, J Edward and Wannasuphoprasit, Witaya and Peshkin, Michael A},
  booktitle={ASME international mechanical engineering congress and exposition},
  volume={15281},
  pages={433--439},
  year={1996},
  organization={American Society of Mechanical Engineers}
}

@article{elwin2022human,
  title={Human-multirobot collaborative mobile manipulation: The omnid mocobots},
  author={Elwin, Matthew L and Strong, Billie and Freeman, Randy A and Lynch, Kevin M},
  journal={IEEE Robotics and Automation Letters},
  volume={8},
  number={1},
  pages={376--383},
  year={2022},
  publisher={IEEE}
}

@inproceedings{habibi2015distributed,
  title={Distributed centroid estimation and motion controllers for collective transport by multi-robot systems},
  author={Habibi, Golnaz and Kingston, Zachary and Xie, William and Jellins, Mathew and McLurkin, James},
  booktitle={2015 IEEE International Conference on Robotics and Automation (ICRA)},
  pages={1282--1288},
  year={2015},
  organization={IEEE}
}

@article{heydinger1995design,
  title={The design of a vehicle inertia measurement facility},
  author={Heydinger, Gary J and Durisek, Nicholas J and Coovert Sr, David A and Guenther, Dennis A and Novak, S Jay},
  journal={SAE transactions},
  pages={465--473},
  year={1995},
  publisher={JSTOR}
}

@article{liu2024self,
  title={Self-Healing Distributed Swarm Formation Control Using Image Moments},
  author={Liu, C Lin and Ridgley, Israel L Donato and Elwin, Matthew L and Rubenstein, Michael and Freeman, Randy A and Lynch, Kevin M},
  journal={IEEE Robotics and Automation Letters},
  year={2024},
  publisher={IEEE}
}

@article{marino2018,
  title={A two stage approach for distributed cooperative manipulation of an unknown object without explicit communication and unknown number of robots},
  author={Marino, Alessandro and Pierri, Francesco},
  journal={Robotics and Autonomous Systems},
  volume={103},
  pages={122--133},
  year={2018},
  publisher={Elsevier}
}

@book{miller1930accurate,
  title={An accurate method of measuring the moments of inertia of airplanes},
  author={Miller, Marvel P},
  number={351},
  year={1930},
  publisher={National Advisory Committee for Aeronautics}
}

@article{rauniyar2021mewbots,
  title={MeWBots: Mecanum-Wheeled robots for collaborative manipulation in an obstacle-clustered environment without communication},
  author={Rauniyar, Aditya and Upreti, Hem Chandra and Mishra, Aman and Sethuramalingam, Prabhu},
  journal={Journal of Intelligent \& Robotic Systems},
  volume={102},
  number={1},
  pages={3},
  year={2021},
  publisher={Springer}
}

@article{ren2020fully,
  title={Fully distributed cooperation for networked uncertain mobile manipulators},
  author={Ren, Yi and Sosnowski, Stefan and Hirche, Sandra},
  journal={IEEE Transactions on Robotics},
  volume={36},
  number={4},
  pages={984--1003},
  year={2020},
  publisher={IEEE}
}

@article{rubenstein2014programmable,
  title={Programmable self-assembly in a thousand-robot swarm},
  author={Rubenstein, Michael and Cornejo, Alejandro and Nagpal, Radhika},
  journal={Science},
  volume={345},
  number={6198},
  pages={795--799},
  year={2014},
  publisher={American Association for the Advancement of Science}
}

@inproceedings{rus1995moving,
  title={Moving furniture with teams of autonomous robots},
  author={Rus, Daniela and Donald, Bruce and Jennings, Jim},
  booktitle={Proceedings 1995 IEEE/RSJ International Conference on Intelligent Robots and Systems. Human Robot Interaction and Cooperative Robots},
  volume={1},
  pages={235--242},
  year={1995},
  organization={IEEE}
}

@inproceedings{sieber2015multi,
  title={Multi-robot manipulation controlled by a human with haptic feedback},
  author={Sieber, Dominik and Musi{\'c}, Selma and Hirche, Sandra},
  booktitle={2015 IEEE/RSJ International Conference on Intelligent Robots and Systems (IROS)},
  pages={2440--2446},
  year={2015},
  organization={IEEE}
}

@article{trevelyan2016robotics,
  title={Robotics in hazardous applications},
  author={Trevelyan, James and Hamel, William R and Kang, Sung-Chul},
  journal={Springer handbook of robotics},
  pages={1521--1548},
  year={2016},
  publisher={Springer}
}

@article{wang2016force,
  title={Force-amplifying n-robot transport system (force-ants) for cooperative planar manipulation without communication},
  author={Wang, Zijian and Schwager, Mac},
  journal={The International Journal of Robotics Research},
  volume={35},
  number={13},
  pages={1564--1586},
  year={2016},
  publisher={SAGE Publications Sage UK: London, England}
}

@inproceedings{werfel2014designing,
  title={Designing Collective Behavior in a Termite-Inspired Robot Construction Team},
  author={Werfel, Justin and Petersen, Kirstin and Nagpal, Radhika},
  booktitle={Proceedings of the IEEE International Conference on Robotics and Automation (ICRA)},
  year={2014},
  pages={3271--3278},
  organization={IEEE}
}

@techreport{winkler1983inertial,
  title={Inertial properties of commercial vehicles-descriptive parameters used in analyzing the braking and handling of heavy trucks. Volume 2. Final report},
  author={Winkler, Christopher B},
  year={1983},
  institution={University of Michigan Transportation Research Institute}
}

@book{winkler1983parametric,
  title={Parametric analysis of heavy duty truck dynamic stability},
  author={Winkler, Christopher B},
  volume={1},
  year={1983},
  publisher={National Highway Traffic Safety Administration}
}

@article{woodfield1968measurement,
  title={Measurement of the yawing moment and product of inertia of an aircraft by the single point suspension method theory and rig design},
  author={Woodfield, AA},
  year={1968},
  journal={Aeronautical Research Council Reports \& Memoranda}
}

@article{zhao2023learning,
  title={Learning fine-grained bimanual manipulation with low-cost hardware},
  author={Zhao, Tony Z and Kumar, Vikash and Levine, Sergey and Finn, Chelsea},
  journal={arXiv preprint arXiv:2304.13705},
  year={2023}
}

