@inproceedings{Bell2020,
author = {Bell, J. H. and Bonawitz, K. A. and Gasc\'{o}n, A. and Lepoint, T. and Raykova, M.},
title = {{Secure Single-Server Aggregation with (Poly)Logarithmic Overhead}},
year = {2020},
isbn = {9781450370899},
publisher = {Association for Computing Machinery},
address = {New York, NY, USA},
url = {https://doi.org/10.1145/3372297.3417885},
doi = {10.1145/3372297.3417885},
booktitle = {Proceedings of the 2020 ACM SIGSAC Conference on Computer and Communications Security},
pages = {1253–1269},
numpages = {17},
location = {Virtual Event, USA},
series = {CCS '20},
}

@inproceedings{Bonawitz2017,
author = {K. Bonawitz \emph{et al.}},
title = {Practical Secure Aggregation for Privacy-Preserving Machine Learning},
year = {2017},
isbn = {9781450349468},
publisher = {Association for Computing Machinery},
address = {New York, NY, USA},
url = {https://doi.org/10.1145/3133956.3133982},
doi = {10.1145/3133956.3133982},
booktitle = {Proceedings of the 2017 ACM SIGSAC Conference on Computer and Communications Security},
pages = {1175–1191},
numpages = {17},
location = {Dallas, Texas, USA},
series = {CCS '17},
}

@InProceedings{Chan2012,
author="Chan, T. -H. H.
and Shi, E.
and Song, D.",
title={"Privacy-Preserving Stream Aggregation with Fault Tolerance"},
booktitle="Financial Cryptography and Data Security",
year="2012",
pages="200--214",
}

@ARTICLE{Eltaras2023,
  author={Eltaras, T. and Sabry, F. and Labda, W. and Alzoubi, K. and Ahmedeltaras, Q.},
  journal={IEEE Transactions on Information Forensics and Security}, 
  title={{Efficient Verifiable Protocol for Privacy-Preserving Aggregation in Federated Learning}}, 
  year={2023},
  volume={18},
  number={},
  pages={2977-2990},
  doi={10.1109/TIFS.2023.3273914},}

@inproceedings{Fazli2023,
author = {Fazli Khojir, H. and Alhadidi, D. and Rouhani, S. and Mohammed, N.},
title = {{FedShare: Secure Aggregation based on Additive Secret Sharing in Federated Learning}},
year = {2023},
isbn = {9798400707445},
publisher = {Association for Computing Machinery},
address = {New York, NY, USA},
url = {https://doi.org/10.1145/3589462.3589504},
doi = {10.1145/3589462.3589504},
booktitle = {Proceedings of the 27th International Database Engineered Applications Symposium},
pages = {25–33},
numpages = {9},
location = {Heraklion, Crete, Greece},
series = {IDEAS '23},
}

@INPROCEEDINGS{Fereidooni2021,
  author={H. Fereidooni \emph{et al.}},
  booktitle={2021 IEEE Security and Privacy Workshops (SPW)}, 
  title={{SAFELearn: Secure Aggregation for private FEderated Learning}}, 
  year={2021},
  volume={},
  number={},
  pages={56-62},
  doi={10.1109/SPW53761.2021.00017},}

@ARTICLE{Fu2024,
  author={Fu \emph{et al.}, X.},
  journal={IEEE Transactions on Consumer Electronics}, 
  title={{Blockchain-Based Efficiently Privacy-Preserving Federated Learning Framework Using Shamir Secret Sharing}}, 
  year={2024},
  volume={},
  number={},
  pages={1-1},}

@ARTICLE{Guo2021,
  author={Guo \emph{et al.}, X.},
  journal={IEEE Transactions on Information Forensics and Security}, 
  title={VeriFL: Communication-Efficient and Fast Verifiable Aggregation for Federated Learning}, 
  year={2021},
  volume={16},
  number={},
  pages={1736-1751},
}

@misc{Kadhe2020,
      title={{FastSecAgg: Scalable Secure Aggregation for Privacy-Preserving Federated Learning}}, 
      author={S. Kadhe and N. Rajaraman and O. O. Koyluoglu and K. Ramchandran},
      year={2020},
      eprint={2009.11248},
      archivePrefix={arXiv},
      primaryClass={cs.CR},
      url={https://arxiv.org/abs/2009.11248}, 
}

@ARTICLE{Liu2022,
  author={Liu \emph{et al.}, Z.},
  journal={IEEE Transactions on Big Data}, 
  title={Privacy-Preserving Aggregation in Federated Learning: A Survey}, 
  year={2022},
  volume={},
  number={},
  pages={1-20},
}

@ARTICLE{Liu2023,
  author={Liu, Z. and Guo, J. and Lam, K. Y. and Zhao, J.},
  journal={IEEE Transactions on Information Forensics and Security}, 
  title={{Efficient Dropout-Resilient Aggregation for Privacy-Preserving Machine Learning}}, 
  year={2023},
  volume={18},
  number={},
  pages={1839-1854},
  doi={10.1109/TIFS.2022.3163592},}

@ARTICLE{Ma2022,
  author={Ma \emph{et al.}, Z.},
  journal={IEEE Transactions on Information Forensics and Security}, 
  title={{ShieldFL: Mitigating Model Poisoning Attacks in Privacy-Preserving Federated Learning}}, 
  year={2022},
  volume={17},
  number={},
  pages={1639-1654},
 }

@INPROCEEDINGS{Ma2023,
  author={Ma, Y. and Woods, J. and Angel, S. and Polychroniadou, A. and Rabin, T.},
  booktitle={2023 IEEE Symposium on Security and Privacy (SP)}, 
  title={{Flamingo: Multi-Round Single-Server Secure Aggregation with Applications to Private Federated Learning}}, 
  year={2023},
  volume={},
  number={},
  pages={477-496},
  keywords={Training;Adaptation models;Privacy;Protocols;Runtime;Federated learning;Neural networks;federated-learning;secure-aggregation},
  doi={10.1109/SP46215.2023.10179434},
}

@ARTICLE{Phong2018,
  author={Phong \emph{et al.}, L. T.},
  journal={IEEE Transactions on Information Forensics and Security}, 
  title={{Privacy-Preserving Deep Learning via Additively Homomorphic Encryption}}, 
  year={2018},
  volume={13},
  number={5},
  pages={1333-1345},
}

@InProceedings{Sav2021,
  author={S. Sav \emph{et al.}},
  bookTitle={NDSS}, 
  title={{POSEIDON: Privacy-Preserving Federated
Neural Network Learning}}, 
  year={2021},
 }

@ARTICLE{So2021,
  author={So, J. and Güler, B. and Avestimehr, A. S.},
  journal={IEEE Journal on Selected Areas in Information Theory}, 
  title={Turbo-Aggregate: Breaking the Quadratic Aggregation Barrier in Secure Federated Learning}, 
  year={2021},
  volume={2},
  number={1},
  pages={479-489},
}

@inproceedings{So2022ML,
 author = {So \emph{et al.}, J.},
 booktitle = {Proceedings of Machine Learning and Systems},
 pages = {694--720},
 title = {{LightSecAgg: a Lightweight and Versatile Design for Secure Aggregation in Federated Learning}},
 volume = {4},
 year = {2022},
}

@article{Wang2020, 
title={{Federated Latent Dirichlet Allocation: A Local Differential Privacy Based Framework}}, 
volume={34}, 
url={https://ojs.aaai.org/index.php/AAAI/article/view/6096}, DOI={10.1609/aaai.v34i04.6096}, 
number={04}, 
journal={Proceedings of the AAAI Conference on Artificial Intelligence}, 
author={Wang, Y. and Tong, Y. and Shi, D.}, 
year={2020}, 
month={Apr.}, 
pages={6283-6290},
}

@ARTICLE{Wang2023,
  author={Wang, Y. and Zhang, A. and Wu, S. and Yu, S.},
  journal={IEEE Transactions on Dependable and Secure Computing}, 
  title={{VOSA: Verifiable and Oblivious Secure Aggregation for Privacy-Preserving Federated Learning}}, 
  year={2023},
  volume={20},
  number={5},
  pages={3601-3616},
  doi={10.1109/TDSC.2022.3226508},}

@ARTICLE{Wei2020,
  author={Wei \emph{et al.}, K.},
  journal={IEEE Transactions on Information Forensics and Security}, 
  title={{Federated Learning With Differential Privacy: Algorithms and Performance Analysis}}, 
  year={2020},
  volume={15},
  number={},
  pages={3454-3469},
}

@ARTICLE{Xu2020,
  author={Xu \emph{et al.}, G.},
  journal={IEEE Transactions on Information Forensics and Security}, 
  title={VerifyNet: Secure and Verifiable Federated Learning}, 
  year={2020},
  volume={15},
  number={},
  pages={911-926},
}

@ARTICLE{Yang2023,
  author={Yang, S. and Chen, Y. and Yang, Z. and Li, B. and Liu, H.},
  journal={IEEE Transactions on Green Communications and Networking}, 
  title={{Fast Secure Aggregation With High Dropout Resilience for Federated Learning}}, 
  year={2023},
  volume={7},
  number={3},
  pages={1501-1514},
  doi={10.1109/TGCN.2023.3277251},}

@article{Yin2021,
author = {Yin, X. and Zhu, Y. and Hu, J.},
title = {{A Comprehensive Survey of Privacy-preserving Federated Learning: A Taxonomy, Review, and Future Directions}},
year = {2021},
volume = {54},
number = {6},
journal = {ACM Comput. Surv.},
month = {Jul},
articleno = {131},
numpages = {36},
}

@inproceedings{Zhang2020Usenix,
author = {Zhang \emph{et al.}, C.},
title = {{BatchCrypt: efficient homomorphic encryption for cross-silo federated learning}},
year = {2020},
booktitle = {Proceedings of the 2020 USENIX Conference on Usenix Annual Technical Conference},
articleno = {33},
numpages = {14},
series = {USENIX ATC'20},
}

@ARTICLE{Zhou2022,
  author={Zhou \emph{et al.}, H.},
  journal={{IEEE Transactions on Information Forensics and Security}}, 
  title={PFLF: Privacy-Preserving Federated Learning Framework for Edge Computing}, 
  year={2022},
  volume={17},
  number={},
  pages={1905-1918},
}

