@inproceedings{Burkhalter2020,
author = {Burkhalter, L. and Hithnawi, A. and Viand, A. and Shafagh, H. and Ratnasamy, S.},
title = {{TimeCrypt: encrypted data stream processing at scale with cryptographic access control}},
year = {2020},
isbn = {9781939133137},
publisher = {USENIX Association},
booktitle = {Proceedings of the 17th Usenix Conference on Networked Systems Design and Implementation},
pages = {835–850},
numpages = {16},
location = {Santa Clara, CA, USA},
series = {USENIX NSDI'20}
}

@article{Castelluccia2009,
author = {Castelluccia, C. and Chan, A. C-F. and Mykletun, E. and Tsudik, G.},
title = {{Efficient and provably secure aggregation of encrypted data in wireless sensor networks}},
year = {2009},
issue_date = {May 2009},
publisher = {Association for Computing Machinery},
address = {New York, NY, USA},
volume = {5},
number = {3},
issn = {1550-4859},
url = {https://doi.org/10.1145/1525856.1525858},
doi = {10.1145/1525856.1525858},
journal = {ACM Trans. Sen. Netw.},
month = {Jun},
articleno = {20},
numpages = {36},
}

@INPROCEEDINGS{So2022,
author = {J. So \emph{et al.}},
title= {{LightSecAgg: a lightweight and versatile design for secure aggregation in federated learning}},
booktitle= {Proceedings of the Machine Learning and Systems},
series= {MLSys'22},
year={2022},
    }

@INPROCEEDINGS{Ma2023,
  author={Ma, Y. and Woods, J. and Angel, S. and Polychroniadou, A. and Rabin, T.},
  booktitle={2023 IEEE Symposium on Security and Privacy (SP)}, 
  title={{Flamingo: Multi-Round Single-Server Secure Aggregation with Applications to Private Federated Learning}}, 
  year={2023},
  volume={},
  number={},
  pages={477-496},
  keywords={Training;Adaptation models;Privacy;Protocols;Runtime;Federated learning;Neural networks;federated-learning;secure-aggregation},
  doi={10.1109/SP46215.2023.10179434},
}

@inproceedings{Bonawitz2017,
author = {K. Bonawitz \emph{et al.}},
title = {Practical Secure Aggregation for Privacy-Preserving Machine Learning},
year = {2017},
isbn = {9781450349468},
publisher = {Association for Computing Machinery},
address = {New York, NY, USA},
url = {https://doi.org/10.1145/3133956.3133982},
doi = {10.1145/3133956.3133982},
booktitle = {Proceedings of the 2017 ACM SIGSAC Conference on Computer and Communications Security},
pages = {1175–1191},
numpages = {17},
location = {Dallas, Texas, USA},
series = {CCS '17},
}

@INPROCEEDINGS{Fereidooni2021,
  author={H. Fereidooni \emph{et al.}},
  booktitle={2021 IEEE Security and Privacy Workshops (SPW)}, 
  title={{SAFELearn: Secure Aggregation for private FEderated Learning}}, 
  year={2021},
  volume={},
  number={},
  pages={56-62},
  doi={10.1109/SPW53761.2021.00017},}

@ARTICLE{Liu2023,
  author={Liu, Z. and Guo, J. and Lam, K. Y. and Zhao, J.},
  journal={IEEE Transactions on Information Forensics and Security}, 
  title={{Efficient Dropout-Resilient Aggregation for Privacy-Preserving Machine Learning}}, 
  year={2023},
  volume={18},
  number={},
  pages={1839-1854},
  doi={10.1109/TIFS.2022.3163592},}

@ARTICLE{Eltaras2023,
  author={Eltaras, T. and Sabry, F. and Labda, W. and Alzoubi, K. and Ahmedeltaras, Q.},
  journal={IEEE Transactions on Information Forensics and Security}, 
  title={{Efficient Verifiable Protocol for Privacy-Preserving Aggregation in Federated Learning}}, 
  year={2023},
  volume={18},
  number={},
  pages={2977-2990},
  doi={10.1109/TIFS.2023.3273914},}

@ARTICLE{Liu2023tifs,
  author={Liu, Z. and Lin, H. Y. and Liu, Y.},
  journal={IEEE Transactions on Information Forensics and Security}, 
  title={{Long-Term Privacy-Preserving Aggregation With User-Dynamics for Federated Learning}}, 
  year={2023},
  volume={18},
  number={},
  pages={2398-2412},
  doi={10.1109/TIFS.2023.3266919},}

@INPROCEEDINGS{Lycklama2023,
  author={H. Lycklama \emph{et al.}},
  booktitle={2023 IEEE Symposium on Security and Privacy (SP)}, 
  title={{RoFL: Robustness of Secure Federated Learning}}, 
  year={2023},
  volume={},
  number={},
  pages={453-476},
  doi={10.1109/SP46215.2023.10179400},}

@inproceedings{Bell2020,
author = {Bell, J. H. and Bonawitz, K. A. and Gasc\'{o}n, A. and Lepoint, T. and Raykova, M.},
title = {{Secure Single-Server Aggregation with (Poly)Logarithmic Overhead}},
year = {2020},
isbn = {9781450370899},
publisher = {Association for Computing Machinery},
address = {New York, NY, USA},
url = {https://doi.org/10.1145/3372297.3417885},
doi = {10.1145/3372297.3417885},
booktitle = {Proceedings of the 2020 ACM SIGSAC Conference on Computer and Communications Security},
pages = {1253–1269},
numpages = {17},
location = {Virtual Event, USA},
series = {CCS '20},
}

@ARTICLE{Wang2023,
  author={Wang, Y. and Zhang, A. and Wu, S. and Yu, S.},
  journal={IEEE Transactions on Dependable and Secure Computing}, 
  title={{VOSA: Verifiable and Oblivious Secure Aggregation for Privacy-Preserving Federated Learning}}, 
  year={2023},
  volume={20},
  number={5},
  pages={3601-3616},
  doi={10.1109/TDSC.2022.3226508},}

@inproceedings {Bell2023usenix,
author = {J. Bell and A. Gasc{\'o}n and T. Lepoint and B. Li and S. Meiklejohn and M. Raykova and C. Yun},
title = {{{ACORN}: Input Validation for Secure Aggregation}},
booktitle = {32nd USENIX Security Symposium (USENIX Security 23)},
year = {2023},
isbn = {978-1-939133-37-3},
address = {Anaheim, CA},
pages = {4805--4822},
url = {https://www.usenix.org/conference/usenixsecurity23/presentation/bell},
publisher = {USENIX Association},
month = {Aug.}
}

@ARTICLE{Yang2023,
  author={Yang, S. and Chen, Y. and Yang, Z. and Li, B. and Liu, H.},
  journal={IEEE Transactions on Green Communications and Networking}, 
  title={{Fast Secure Aggregation With High Dropout Resilience for Federated Learning}}, 
  year={2023},
  volume={7},
  number={3},
  pages={1501-1514},
  doi={10.1109/TGCN.2023.3277251},}

@inproceedings{Bangalore2023,
author = {Bangalore, L. and Sereshgi, M. H. F. and Hazay, C. and Venkitasubramaniam, M.},
title = {{Flag: A Framework for Lightweight Robust Secure Aggregation}},
year = {2023},
isbn = {9798400700989},
publisher = {Association for Computing Machinery},
address = {New York, NY, USA},
url = {https://doi.org/10.1145/3579856.3595805},
doi = {10.1145/3579856.3595805},
booktitle = {Proceedings of the 2023 ACM Asia Conference on Computer and Communications Security},
pages = {14–28},
numpages = {15},
location = {, Melbourne, VIC, Australia, },
series = {ASIA CCS '23},
}

@ARTICLE{Xia2024,
  author={Xia, Y. and Liu, Y. and Dong, S. and Li, M. and Guo, C.},
  journal={IEEE Internet of Things Journal}, 
  title={{SVCA: Secure and Verifiable Chained Aggregation for Privacy-Preserving Federated Learning}}, 
  year={2024},
  volume={},
  number={},
  pages={1-1},
  doi={10.1109/JIOT.2024.3363712},}

@inproceedings{Fazli2023,
author = {Fazli Khojir, H. and Alhadidi, D. and Rouhani, S. and Mohammed, N.},
title = {{FedShare: Secure Aggregation based on Additive Secret Sharing in Federated Learning}},
year = {2023},
isbn = {9798400707445},
publisher = {Association for Computing Machinery},
address = {New York, NY, USA},
url = {https://doi.org/10.1145/3589462.3589504},
doi = {10.1145/3589462.3589504},
booktitle = {Proceedings of the 27th International Database Engineered Applications Symposium},
pages = {25–33},
numpages = {9},
location = {Heraklion, Crete, Greece},
series = {IDEAS '23},
}

@inproceedings{Pasquini2022,
author = {Pasquini, D. and Francati, D. and Ateniese, G.},
title = {Eluding Secure Aggregation in Federated Learning via Model Inconsistency},
year = {2022},
booktitle = {Proceedings of the 2022 ACM SIGSAC Conference on Computer and Communications Security},
pages = {2429–2443},
numpages = {15},
series = {CCS '22},
}

@ARTICLE{Guo2021,
  author={Guo \emph{et al.}, X.},
  journal={IEEE Transactions on Information Forensics and Security}, 
  title={VeriFL: Communication-Efficient and Fast Verifiable Aggregation for Federated Learning}, 
  year={2021},
  volume={16},
  number={},
  pages={1736-1751},
}
@ARTICLE{Xu2020,
  author={Xu \emph{et al.}, G.},
  journal={IEEE Transactions on Information Forensics and Security}, 
  title={VerifyNet: Secure and Verifiable Federated Learning}, 
  year={2020},
  volume={15},
  number={},
  pages={911-926},
}

@ARTICLE{Xu2024,
  author={Xu \emph{et al.}, Runhua},
  journal={IEEE Transactions on Dependable and Secure Computing}, 
  title={{TAPFed: Threshold Secure Aggregation for Privacy-Preserving Federated Learning}}, 
  year={2024},
  volume={},
  number={},
  pages={1-14},
  doi={10.1109/TDSC.2024.3350206},
}

@inproceedings{Zhang2020Usenix,
author = {Zhang \emph{et al.}, C.},
title = {{BatchCrypt: efficient homomorphic encryption for cross-silo federated learning}},
year = {2020},
booktitle = {Proceedings of the 2020 USENIX Conference on Usenix Annual Technical Conference},
articleno = {33},
numpages = {14},
series = {USENIX ATC'20},
}
@ARTICLE {Liu2024,
author = {Z. Liu \emph{et al.}},
journal = {IEEE Transactions on Dependable and Secure Computing},
title = {{Dynamic User Clustering for Efficient and Privacy-Preserving Federated Learning}},
year = {2024},
volume = {},
number = {01},
issn = {1941-0018},
pages = {1-12},
month = {Jan.},
}

@ARTICLE{Tang2024,
  author={Tang \emph{et al.}, X.},
  journal={IEEE Transactions on Information Forensics and Security}, 
  title={{An Efficient and Dynamic Privacy-Preserving Federated Learning System for Edge Computing}}, 
  year={2024},
  volume={19},
  number={},
  pages={207-220},
}

@ARTICLE{Fu2024,
  author={Fu \emph{et al.}, X.},
  journal={IEEE Transactions on Consumer Electronics}, 
  title={{Blockchain-Based Efficiently Privacy-Preserving Federated Learning Framework Using Shamir Secret Sharing}}, 
  year={2024},
  volume={},
  number={},
  pages={1-1},}

@ARTICLE{Liu2022,
  author={Liu \emph{et al.}, Z.},
  journal={IEEE Transactions on Big Data}, 
  title={Privacy-Preserving Aggregation in Federated Learning: A Survey}, 
  year={2022},
  volume={},
  number={},
  pages={1-20},
}
@article{Yin2021,
author = {Yin, X. and Zhu, Y. and Hu, J.},
title = {{A Comprehensive Survey of Privacy-preserving Federated Learning: A Taxonomy, Review, and Future Directions}},
year = {2021},
volume = {54},
number = {6},
journal = {ACM Comput. Surv.},
month = {Jul},
articleno = {131},
numpages = {36},
}
@ARTICLE{Wei2020,
  author={Wei \emph{et al.}, K.},
  journal={IEEE Transactions on Information Forensics and Security}, 
  title={{Federated Learning With Differential Privacy: Algorithms and Performance Analysis}}, 
  year={2020},
  volume={15},
  number={},
  pages={3454-3469},
}
@article{Wang2020, 
title={{Federated Latent Dirichlet Allocation: A Local Differential Privacy Based Framework}}, 
volume={34}, 
url={https://ojs.aaai.org/index.php/AAAI/article/view/6096}, DOI={10.1609/aaai.v34i04.6096}, 
number={04}, 
journal={Proceedings of the AAAI Conference on Artificial Intelligence}, 
author={Wang, Y. and Tong, Y. and Shi, D.}, 
year={2020}, 
month={Apr.}, 
pages={6283-6290},
}
@ARTICLE{Zhou2022,
  author={Zhou \emph{et al.}, H.},
  journal={{IEEE Transactions on Information Forensics and Security}}, 
  title={PFLF: Privacy-Preserving Federated Learning Framework for Edge Computing}, 
  year={2022},
  volume={17},
  number={},
  pages={1905-1918},
}
@InProceedings{Chan2012,
author="Chan, T. -H. H.
and Shi, E.
and Song, D.",
title={"Privacy-Preserving Stream Aggregation with Fault Tolerance"},
booktitle="Financial Cryptography and Data Security",
year="2012",
pages="200--214",
}
@ARTICLE{Phong2018,
  author={Phong \emph{et al.}, L. T.},
  journal={IEEE Transactions on Information Forensics and Security}, 
  title={{Privacy-Preserving Deep Learning via Additively Homomorphic Encryption}}, 
  year={2018},
  volume={13},
  number={5},
  pages={1333-1345},
}
@ARTICLE{Ma2022,
  author={Ma \emph{et al.}, Z.},
  journal={IEEE Transactions on Information Forensics and Security}, 
  title={{ShieldFL: Mitigating Model Poisoning Attacks in Privacy-Preserving Federated Learning}}, 
  year={2022},
  volume={17},
  number={},
  pages={1639-1654},
 }
@InProceedings{Sav2021,
  author={S. Sav \emph{et al.}},
  bookTitle={NDSS}, 
  title={{POSEIDON: Privacy-Preserving Federated
Neural Network Learning}}, 
  year={2021},
 }
@ARTICLE{So2021,
  author={So, J. and Güler, B. and Avestimehr, A. S.},
  journal={IEEE Journal on Selected Areas in Information Theory}, 
  title={Turbo-Aggregate: Breaking the Quadratic Aggregation Barrier in Secure Federated Learning}, 
  year={2021},
  volume={2},
  number={1},
  pages={479-489},
}
@misc{Kadhe2020,
      title={{FastSecAgg: Scalable Secure Aggregation for Privacy-Preserving Federated Learning}}, 
      author={S. Kadhe and N. Rajaraman and O. O. Koyluoglu and K. Ramchandran},
      year={2020},
      eprint={2009.11248},
      archivePrefix={arXiv},
      primaryClass={cs.CR},
      url={https://arxiv.org/abs/2009.11248}, 
}
@inproceedings{So2022ML,
 author = {So \emph{et al.}, J.},
 booktitle = {Proceedings of Machine Learning and Systems},
 pages = {694--720},
 title = {{LightSecAgg: a Lightweight and Versatile Design for Secure Aggregation in Federated Learning}},
 volume = {4},
 year = {2022},
}
@ARTICLE{Khan2021,
  author={Khan, L. U. and Saad, W. and Han, Z. and Hossain, E. and Hong, C. S.},
  journal={IEEE Communications Surveys \& Tutorials}, 
  title={{Federated Learning for Internet of Things: Recent Advances, Taxonomy, and Open Challenges}}, 
  year={2021},
  volume={23},
  number={3},
  pages={1759-1799},
}
@ARTICLE{Niknam2020,
  author={Niknam, S. and Dhillon, H. S. and Reed, J. H.},
  journal={IEEE Communications Magazine}, 
  title={{Federated Learning for Wireless Communications: Motivation, Opportunities, and Challenges}}, 
  year={2020},
  volume={58},
  number={6},
  pages={46-51},
 }

@article{Antunes2022,
author = {Antunes, R. S. and Andr\'{e} da Costa, C. and K\"{u}derle, A. and Yari, I. A. and Eskofier, B.},
title = {{Federated Learning for Healthcare: Systematic Review and Architecture Proposal}},
year = {2022},
volume = {13},
number = {4},
journal = {ACM Trans. Intell. Syst. Technol.},
month = {May},
articleno = {54},
numpages = {23},
}
@ARTICLE{Pang2024,
  author={Pang, Y. and Ni, Z. and Zhong, X.},
  journal={IEEE Internet of Things Journal}, 
  title={{Federated Learning for Crowd Counting in Smart Surveillance Systems}}, 
  year={2024},
  volume={11},
  number={3},
  pages={5200-5209},}

@inproceedings{Zhu2019,
 author = {Zhu, L. and Liu, Z. and Han, S.},
 booktitle = {Advances in Neural Information Processing Systems},
 pages = {},
 publisher = {Curran Associates, Inc.},
 title = {{Deep Leakage from Gradients}},
 url = {https://proceedings.neurips.cc/paper_files/paper/2019/file/60a6c4002cc7b29142def8871531281a-Paper.pdf},
 volume = {32},
 year = {2019},
}
@inproceedings{Geiping2020,
author = {Geiping, J. and Bauermeister, H. and Dr\"{o}ge, H. and Moeller, M.},
title = {{Inverting gradients - how easy is it to break privacy in federated learning?}},
year = {2020},
booktitle = {Proceedings of the 34th International Conference on Neural Information Processing Systems},
articleno = {1421},
numpages = {11},
series = {NIPS '20},
}
@inproceedings{zhou2023ppa,
  title={PPA: Preference profiling attack against federated learning},
  author={Zhou, Chunyi and Gao, Yansong and Fu, Anmin and Chen, Kai and Dai, Zhiyang and Zhang, Zhi and Xue, Minhui and Zhang, Yuqing},
  booktitle={The Network and Distributed System Security Symposium (NDSS)},
  year={2023}
}
@inproceedings{Jeon2024,
author = {Jeon, J. and Kim, J. and Lee, K. and Oh, S. and Ok, J.},
title = {{Gradient inversion with generative image prior}},
year = {2024},
booktitle = {Proceedings of the 35th International Conference on Neural Information Processing Systems},
articleno = {2288},
numpages = {11},
series = {NIPS '21},
}
@article{Chen2024,
author = {Chen \emph{et al.}, J. },
title = {{When Federated Learning Meets Privacy-Preserving Computation}},
year = {2024},
doi = {10.1145/3679013},
journal = {ACM Comput. Surv.},
month = {July},
}




