% Use this file for citations not found in the ACL Anthology (contained in "anthology.bib").

@article{ouyang2022training,
  title={Training language models to follow instructions with human feedback},
  author={Ouyang, Long and Wu, Jeffrey and Jiang, Xu and Almeida, Diogo and Wainwright, Carroll and Mishkin, Pamela and Zhang, Chong and Agarwal, Sandhini and Slama, Katarina and Ray, Alex and others},
  journal={Advances in neural information processing systems},
  volume={35},
  pages={27730--27744},
  year={2022}
}
@article{lee2023rlaif,
  title={Rlaif: Scaling reinforcement learning from human feedback with ai feedback},
  author={Lee, Harrison and Phatale, Samrat and Mansoor, Hassan and Lu, Kellie Ren and Mesnard, Thomas and Ferret, Johan and Bishop, Colton and Hall, Ethan and Carbune, Victor and Rastogi, Abhinav},
  year={2023}
}
@article{hou2024chatglm,
  title={Chatglm-rlhf: Practices of aligning large language models with human feedback},
  author={Hou, Zhenyu and Niu, Yilin and Du, Zhengxiao and Zhang, Xiaohan and Liu, Xiao and Zeng, Aohan and Zheng, Qinkai and Huang, Minlie and Wang, Hongning and Tang, Jie and others},
  journal={arXiv preprint arXiv:2404.00934},
  year={2024}
}
@article{skalse2022defining,
  title={Defining and characterizing reward gaming},
  author={Skalse, Joar and Howe, Nikolaus and Krasheninnikov, Dmitrii and Krueger, David},
  journal={Advances in Neural Information Processing Systems},
  volume={35},
  pages={9460--9471},
  year={2022}
}
@article{huang2024empirical,
  title={An empirical study of llm-as-a-judge for llm evaluation: Fine-tuned judge models are task-specific classifiers},
  author={Huang, Hui and Qu, Yingqi and Liu, Jing and Yang, Muyun and Zhao, Tiejun},
  journal={arXiv preprint arXiv:2403.02839},
  year={2024}
}
@article{ye2024beyond,
  title={Beyond Scalar Reward Model: Learning Generative Judge from Preference Data},
  author={Ye, Ziyi and Li, Xiangsheng and Li, Qiuchi and Ai, Qingyao and Zhou, Yujia and Shen, Wei and Yan, Dong and Liu, Yiqun},
  journal={arXiv preprint arXiv:2410.03742},
  year={2024}
}
@article{wang2024direct,
  title={Direct judgement preference optimization},
  author={Wang, Peifeng and Xu, Austin and Zhou, Yilun and Xiong, Caiming and Joty, Shafiq},
  journal={arXiv preprint arXiv:2409.14664},
  year={2024}
}
@article{mahan2024generative,
  title={Generative reward models},
  author={Mahan, Dakota and Van Phung, Duy and Rafailov, Rafael and Blagden, Chase and Lile, Nathan and Castricato, Louis and Fr{\"a}nken, Jan-Philipp and Finn, Chelsea and Albalak, Alon},
  journal={arXiv preprint arXiv:2410.12832},
  year={2024}
}
@article{wang2024self,
  title={Self-taught evaluators},
  author={Wang, Tianlu and Kulikov, Ilia and Golovneva, Olga and Yu, Ping and Yuan, Weizhe and Dwivedi-Yu, Jane and Pang, Richard Yuanzhe and Fazel-Zarandi, Maryam and Weston, Jason and Li, Xian},
  journal={arXiv preprint arXiv:2408.02666},
  year={2024}
}
@article{wei2022chain,
  title={Chain-of-thought prompting elicits reasoning in large language models},
  author={Wei, Jason and Wang, Xuezhi and Schuurmans, Dale and Bosma, Maarten and Xia, Fei and Chi, Ed and Le, Quoc V and Zhou, Denny and others},
  journal={Advances in neural information processing systems},
  volume={35},
  pages={24824--24837},
  year={2022}
}
@article{rafailov2024direct,
  title={Direct preference optimization: Your language model is secretly a reward model},
  author={Rafailov, Rafael and Sharma, Archit and Mitchell, Eric and Manning, Christopher D and Ermon, Stefano and Finn, Chelsea},
  journal={Advances in Neural Information Processing Systems},
  volume={36},
  year={2024}
}
@article{zhang2024generative,
  title={Generative verifiers: Reward modeling as next-token prediction},
  author={Zhang, Lunjun and Hosseini, Arian and Bansal, Hritik and Kazemi, Mehran and Kumar, Aviral and Agarwal, Rishabh},
  journal={arXiv preprint arXiv:2408.15240},
  year={2024}
}
@article{lightman2023let,
  title={Let's verify step by step},
  author={Lightman, Hunter and Kosaraju, Vineet and Burda, Yura and Edwards, Harri and Baker, Bowen and Lee, Teddy and Leike, Jan and Schulman, John and Sutskever, Ilya and Cobbe, Karl},
  journal={arXiv preprint arXiv:2305.20050},
  year={2023}
}
@article{wei2024systematic,
  title={Systematic evaluation of llm-as-a-judge in llm alignment tasks: Explainable metrics and diverse prompt templates},
  author={Wei, Hui and He, Shenghua and Xia, Tian and Wong, Andy and Lin, Jingyang and Han, Mei},
  journal={arXiv preprint arXiv:2408.13006},
  year={2024}
}
@article{lambert2024rewardbench,
  title={Rewardbench: Evaluating reward models for language modeling},
  author={Lambert, Nathan and Pyatkin, Valentina and Morrison, Jacob and Miranda, LJ and Lin, Bill Yuchen and Chandu, Khyathi and Dziri, Nouha and Kumar, Sachin and Zick, Tom and Choi, Yejin and others},
  journal={arXiv preprint arXiv:2403.13787},
  year={2024}
}
@article{frick2024evaluate,
  title={How to Evaluate Reward Models for RLHF},
  author={Frick, Evan and Li, Tianle and Chen, Connor and Chiang, Wei-Lin and Angelopoulos, Anastasios N and Jiao, Jiantao and Zhu, Banghua and Gonzalez, Joseph E and Stoica, Ion},
  journal={arXiv preprint arXiv:2410.14872},
  year={2024}
}
@article{liu2023alignbench,
  title={Alignbench: Benchmarking chinese alignment of large language models},
  author={Liu, Xiao and Lei, Xuanyu and Wang, Shengyuan and Huang, Yue and Feng, Zhuoer and Wen, Bosi and Cheng, Jiale and Ke, Pei and Xu, Yifan and Tam, Weng Lam and others},
  journal={arXiv preprint arXiv:2311.18743},
  year={2023}
}
@article{zheng2023judging,
  title={Judging llm-as-a-judge with mt-bench and chatbot arena},
  author={Zheng, Lianmin and Chiang, Wei-Lin and Sheng, Ying and Zhuang, Siyuan and Wu, Zhanghao and Zhuang, Yonghao and Lin, Zi and Li, Zhuohan and Li, Dacheng and Xing, Eric and others},
  journal={Advances in Neural Information Processing Systems},
  volume={36},
  pages={46595--46623},
  year={2023}
}
@article{christiano2017deep,
  title={Deep reinforcement learning from human preferences},
  author={Christiano, Paul F and Leike, Jan and Brown, Tom and Martic, Miljan and Legg, Shane and Amodei, Dario},
  journal={Advances in neural information processing systems},
  volume={30},
  year={2017}
}
@inproceedings{liu2020learning,
  title={Learning to summarize from human feedback},
  author={Liu, Fei and others},
  booktitle={Proceedings of the 58th Annual Meeting of the Association for Computational Linguistics},
  year={2020}
}
@article{kim2024prometheus,
  title={Prometheus 2: An open source language model specialized in evaluating other language models},
  author={Kim, Seungone and Suk, Juyoung and Longpre, Shayne and Lin, Bill Yuchen and Shin, Jamin and Welleck, Sean and Neubig, Graham and Lee, Moontae and Lee, Kyungjae and Seo, Minjoon},
  journal={arXiv preprint arXiv:2405.01535},
  year={2024}
}
@article{cao2024compassjudger,
  title={CompassJudger-1: All-in-one Judge Model Helps Model Evaluation and Evolution},
  author={Cao, Maosong and Lam, Alexander and Duan, Haodong and Liu, Hongwei and Zhang, Songyang and Chen, Kai},
  journal={arXiv preprint arXiv:2410.16256},
  year={2024}
}

@article{hendrycks2020measuring,
  title={Measuring massive multitask language understanding},
  author={Hendrycks, Dan and Burns, Collin and Basart, Steven and Zou, Andy and Mazeika, Mantas and Song, Dawn and Steinhardt, Jacob},
  journal={arXiv preprint arXiv:2009.03300},
  year={2020}
}

@article{li2023cmmlu,
  title={Cmmlu: Measuring massive multitask language understanding in chinese},
  author={Li, Haonan and Zhang, Yixuan and Koto, Fajri and Yang, Yifei and Zhao, Hai and Gong, Yeyun and Duan, Nan and Baldwin, Timothy},
  journal={arXiv preprint arXiv:2306.09212},
  year={2023}
}

@article{huang2024c,
  title={C-eval: A multi-level multi-discipline chinese evaluation suite for foundation models},
  author={Huang, Yuzhen and Bai, Yuzhuo and Zhu, Zhihao and Zhang, Junlei and Zhang, Jinghan and Su, Tangjun and Liu, Junteng and Lv, Chuancheng and Zhang, Yikai and Fu, Yao and others},
  journal={Advances in Neural Information Processing Systems},
  volume={36},
  year={2024}
}

@article{suzgun2022challenging,
  title={Challenging big-bench tasks and whether chain-of-thought can solve them},
  author={Suzgun, Mirac and Scales, Nathan and Sch{\"a}rli, Nathanael and Gehrmann, Sebastian and Tay, Yi and Chung, Hyung Won and Chowdhery, Aakanksha and Le, Quoc V and Chi, Ed H and Zhou, Denny and others},
  journal={arXiv preprint arXiv:2210.09261},
  year={2022}
}

@article{cobbe2021training,
  title={Training verifiers to solve math word problems},
  author={Cobbe, Karl and Kosaraju, Vineet and Bavarian, Mohammad and Chen, Mark and Jun, Heewoo and Kaiser, Lukasz and Plappert, Matthias and Tworek, Jerry and Hilton, Jacob and Nakano, Reiichiro and others},
  journal={arXiv preprint arXiv:2110.14168},
  year={2021}
}

@article{pang2024iterative,
  title={Iterative reasoning preference optimization},
  author={Pang, Richard Yuanzhe and Yuan, Weizhe and Cho, Kyunghyun and He, He and Sukhbaatar, Sainbayar and Weston, Jason},
  journal={arXiv preprint arXiv:2404.19733},
  year={2024}
}

@article{yang2024qwen2,
  title={Qwen2. 5 technical report},
  author={Yang, An and Yang, Baosong and Zhang, Beichen and Hui, Binyuan and Zheng, Bo and Yu, Bowen and Li, Chengyuan and Liu, Dayiheng and Huang, Fei and Wei, Haoran and others},
  journal={arXiv preprint arXiv:2412.15115},
  year={2024}
}

@article{wang2024helpsteer2,
  title={HelpSteer2: Open-source dataset for training top-performing reward models},
  author={Wang, Zhilin and Dong, Yi and Delalleau, Olivier and Zeng, Jiaqi and Shen, Gerald and Egert, Daniel and Zhang, Jimmy J and Sreedhar, Makesh Narsimhan and Kuchaiev, Oleksii},
  journal={arXiv preprint arXiv:2406.08673},
  year={2024}
}

@article{cui2023ultrafeedback,
  title={Ultrafeedback: Boosting language models with high-quality feedback},
  author={Cui, Ganqu and Yuan, Lifan and Ding, Ning and Yao, Guanming and Zhu, Wei and Ni, Yuan and Xie, Guotong and Liu, Zhiyuan and Sun, Maosong},
  year={2023}
}
@article{park2024offsetbias,
  title={Offsetbias: Leveraging debiased data for tuning evaluators},
  author={Park, Junsoo and Jwa, Seungyeon and Ren, Meiying and Kim, Daeyoung and Choi, Sanghyuk},
  journal={arXiv preprint arXiv:2407.06551},
  year={2024}
}
@article{han2024wildguard,
  title={Wildguard: Open one-stop moderation tools for safety risks, jailbreaks, and refusals of llms},
  author={Han, Seungju and Rao, Kavel and Ettinger, Allyson and Jiang, Liwei and Lin, Bill Yuchen and Lambert, Nathan and Choi, Yejin and Dziri, Nouha},
  journal={arXiv preprint arXiv:2406.18495},
  year={2024}
}
@article{liu2024skywork,
  title={Skywork-reward: Bag of tricks for reward modeling in llms},
  author={Liu, Chris Yuhao and Zeng, Liang and Liu, Jiacai and Yan, Rui and He, Jujie and Wang, Chaojie and Yan, Shuicheng and Liu, Yang and Zhou, Yahui},
  journal={arXiv preprint arXiv:2410.18451},
  year={2024}
}
@inproceedings{kwon2023efficient,
  title={Efficient memory management for large language model serving with pagedattention},
  author={Kwon, Woosuk and Li, Zhuohan and Zhuang, Siyuan and Sheng, Ying and Zheng, Lianmin and Yu, Cody Hao and Gonzalez, Joseph and Zhang, Hao and Stoica, Ion},
  booktitle={Proceedings of the 29th Symposium on Operating Systems Principles},
  pages={611--626},
  year={2023}
}

@article{dubey2024llama,
  title={The llama 3 herd of models},
  author={Dubey, Abhimanyu and Jauhri, Abhinav and Pandey, Abhinav and Kadian, Abhishek and Al-Dahle, Ahmad and Letman, Aiesha and Mathur, Akhil and Schelten, Alan and Yang, Amy and Fan, Angela and others},
  journal={arXiv preprint arXiv:2407.21783},
  year={2024}
}
