@article{cao2024compassjudger,
  title={CompassJudger-1: All-in-one Judge Model Helps Model Evaluation and Evolution},
  author={Cao, Maosong and Lam, Alexander and Duan, Haodong and Liu, Hongwei and Zhang, Songyang and Chen, Kai},
  journal={arXiv preprint arXiv:2410.16256},
  year={2024}
}

@article{kim2024prometheus,
  title={Prometheus 2: An open source language model specialized in evaluating other language models},
  author={Kim, Seungone and Suk, Juyoung and Longpre, Shayne and Lin, Bill Yuchen and Shin, Jamin and Welleck, Sean and Neubig, Graham and Lee, Moontae and Lee, Kyungjae and Seo, Minjoon},
  journal={arXiv preprint arXiv:2405.01535},
  year={2024}
}

@article{liu2024skywork,
  title={Skywork-reward: Bag of tricks for reward modeling in llms},
  author={Liu, Chris Yuhao and Zeng, Liang and Liu, Jiacai and Yan, Rui and He, Jujie and Wang, Chaojie and Yan, Shuicheng and Liu, Yang and Zhou, Yahui},
  journal={arXiv preprint arXiv:2410.18451},
  year={2024}
}

@article{wang2024direct,
  title={Direct judgement preference optimization},
  author={Wang, Peifeng and Xu, Austin and Zhou, Yilun and Xiong, Caiming and Joty, Shafiq},
  journal={arXiv preprint arXiv:2409.14664},
  year={2024}
}

@article{ye2024beyond,
  title={Beyond Scalar Reward Model: Learning Generative Judge from Preference Data},
  author={Ye, Ziyi and Li, Xiangsheng and Li, Qiuchi and Ai, Qingyao and Zhou, Yujia and Shen, Wei and Yan, Dong and Liu, Yiqun},
  journal={arXiv preprint arXiv:2410.03742},
  year={2024}
}

@article{zhang2024generative,
  title={Generative verifiers: Reward modeling as next-token prediction},
  author={Zhang, Lunjun and Hosseini, Arian and Bansal, Hritik and Kazemi, Mehran and Kumar, Aviral and Agarwal, Rishabh},
  journal={arXiv preprint arXiv:2408.15240},
  year={2024}
}

