@article{GAN,
  title={Generative adversarial nets},
  author={Goodfellow, Ian and Pouget-Abadie, Jean and Mirza, Mehdi and Xu, Bing and Warde-Farley, David and Ozair, Sherjil and Courville, Aaron and Bengio, Yoshua},
  journal={Advances in neural information processing systems},
  volume={27},
  year={2014}
}

@book{bishop2006pattern,
  title={Pattern recognition and machine learning},
  author={Bishop, Christopher M and Nasrabadi, Nasser M},
  volume={4},
  number={4},
  year={2006},
  publisher={Springer}
}

@inproceedings{ctab-gan,
  title={Ctab-gan: Effective table data synthesizing},
  author={Zhao, Zilong and Kunar, Aditya and Birke, Robert and Chen, Lydia Y},
  booktitle={Asian Conference on Machine Learning},
  pages={97--112},
  year={2021},
  organization={PMLR}
}

@article{ctgan,
  title={Modeling tabular data using conditional gan},
  author={Xu, Lei and Skoularidou, Maria and Cuesta-Infante, Alfredo and Veeramachaneni, Kalyan},
  journal={Advances in neural information processing systems},
  volume={32},
  year={2019}
}

@article{hoogeboom2021argmax,
  title={Argmax flows and multinomial diffusion: Learning categorical distributions},
  author={Hoogeboom, Emiel and Nielsen, Didrik and Jaini, Priyank and Forr{\'e}, Patrick and Welling, Max},
  journal={Advances in Neural Information Processing Systems},
  volume={34},
  pages={12454--12465},
  year={2021}
}

@article{kim2022stasy,
  title={Stasy: Score-based tabular data synthesis},
  author={Kim, Jayoung and Lee, Chaejeong and Park, Noseong},
  journal={arXiv preprint arXiv:2210.04018},
  year={2022}
}

@inproceedings{kotelnikov2023tabddpm,
  title={Tabddpm: Modelling tabular data with diffusion models},
  author={Kotelnikov, Akim and Baranchuk, Dmitry and Rubachev, Ivan and Babenko, Artem},
  booktitle={International Conference on Machine Learning},
  pages={17564--17579},
  year={2023},
  organization={PMLR}
}

@article{song2019generativeModeling,
  title={Generative modeling by estimating gradients of the data distribution},
  author={Song, Yang and Ermon, Stefano},
  journal={Advances in neural information processing systems},
  volume={32},
  year={2019}
}

@article{song2021scorebased_sde,
  title={Score-based generative modeling through stochastic differential equations},
  author={Song, Yang and Sohl-Dickstein, Jascha and Kingma, Diederik P and Kumar, Abhishek and Ermon, Stefano and Poole, Ben},
  journal={arXiv preprint arXiv:2011.13456},
  year={2020}
}

@article{vae,
  title={Auto-encoding variational bayes},
  author={Kingma, Diederik P and Welling, Max},
  journal={arXiv preprint arXiv:1312.6114},
  year={2013}
}

