@misc{DeepSeekWebsite,
  author    = {{DeepSeek}},
  title     = {{DeepSeek Homepage}},
  year      = {2025},
  url       = {https://www.deepseek.com/},
  note      = {Accessed: 2025-02-03}
}

@article{DeepSeek2024,
  author    = {DeepSeek-AI},
  title     = {{DeepSeek-V3 Technical Report}},
  year      = {2024},
  month     = {December 27},
  journal = {arXiv},
  archivePrefix = {arXiv},
  eprint    = {2412.19437},
  primaryClass = {cs.AI},
  url       = {https://arxiv.org/abs/2412.19437}
}

@article{Reid2025,
  author    = {Jenni Reid},
  title     = {{Nvidia drops nearly 17\% as China's cheaper AI model DeepSeek sparks global tech sell-off}},
  journal   = {CNBC},
  year      = {2025},
  month     = {January 27},
  url       = {https://www.cnbc.com/2025/01/27/nvidia-falls-10percent-in-premarket-trading-as-chinas-deepseek-triggers-global-tech-sell-off.html},
  note      = {Accessed: 2025-02-03}
}

@article{HoskinsRahmanJones2025,
  author    = {Peter Hoskins and Imran Rahman-Jones},
  title     = {{Nvidia shares sink as Chinese AI app spooks markets}},
  journal   = {BBC News},
  year      = {2025},
  month     = {January 27},
  url       = {https://www.bbc.co.uk/news/articles/c0qw7z2v1pgo},
  note      = {Accessed: 2025-02-03}
}

@article{Marcus2025,
  author    = {Gary Marcus},
  title     = {{The race for "AI Supremacy" is over - at least for now}},
  journal   = {Marcus on AI (Substack)},
  year      = {2025},
  month     = {January 26},
  url       = {https://garymarcus.substack.com/p/the-race-for-ai-supremacy-is-over},
  note      = {Accessed: 2025-02-03}
}

@article{DeepSeek2025_R1,
  author        = {DeepSeek-AI},
  title         = {{DeepSeek-R1: Incentivizing Reasoning Capability in LLMs via Reinforcement Learning}},
  journal       = {arXiv},
  year          = {2025},
  month         = {January 22},
  volume        = {abs/2501.12948},
  url           = {https://arxiv.org/abs/2501.12948}
}

@article{Gibney2025,
  author    = {Elizabeth Gibney},
  title     = {{China's Cheap, Open AI Model DeepSeek Thrills Scientists}},
  journal   = {Nature},
  year      = {2025},
  url       = {https://www.nature.com/articles/d41586-025-00229-6},
  note      = {Accessed: Feb. 3, 2025}
}

@article{Jiang2024,
  author        = {{Jiang et al.} },
  title         = {{Mixtral of Experts}},
  journal       = {arXiv},
  year          = {2024},
  month         = {Jan.},
  volume        = {abs/2401.04088},
  url           = {https://arxiv.org/abs/2401.04088}
}

@article{Dia2024,
  author        = {{Dia et al.}},
  title         = {{DeepSeekMoE: Towards Ultimate Expert Specialization in Mixture-of-Experts Language Models}},
  journal       = {arXiv},
  year          = {2024},
  month         = {Jan.},
  volume        = {abs/2401.06066},
  url           = {https://arxiv.org/abs/2401.06066}
}

@misc{HKUSTNLP2025,
  author    = {{HKUST-NLP}},
  title     = {{Simple Reinforcement Learning for Reasoning}},
  year      = {2025},
  howpublished = {GitHub repository},
  url       = {https://github.com/hkust-nlp/simpleRL-reason},
  note      = {Accessed: Jan. 28, 2025}
}

@misc{Zeng2025,
  author    = {{Zeng et al.}},
  title     = {{7B Model and 8K Examples: Emerging Reasoning with Reinforcement Learning is Both Effective and Efficient}},
  year      = {2025},
  month     = {Jan. 25},
  howpublished = {Notion},
  url       = {https://hkust-nlp.notion.site/simplerl-reason},
  note      = {Accessed: Feb. 3, 2025}
}

@article{Guan2025,
  author        = {{Guan et al.}},
  title         = {{rStar-Math: Small LLMs Can Master Math Reasoning with Self-Evolved Deep Thinking}},
  journal       = {arXiv},
  year          = {2025},
  month         = {Jan. 8},
  volume        = {abs/2501.04519},
  url           = {https://arxiv.org/abs/2501.04519}
}

@misc{HuggingFace2025,
  author    = {{Hugging Face}},
  title     = {{Open R1}},
  year      = {2025},
  howpublished = {GitHub repository},
  url       = {https://github.com/huggingface/open-r1},
  note      = {Accessed: Jan. 31, 2025}
}

@misc{Doubao2025,
  author    = {{Doubao Team}},
  title     = {{Doubao-1.5-Pro}},
  year      = {2025},
  howpublished = {Available at: \url{https://team.doubao.com/en/special/doubao_1_5_pro}},
  note      = {Accessed: Jan. 27, 2025}
}

@article{Razzaq2025,
  author    = {Asif Razzaq},
  title     = {{ByteDance AI Introduces Doubao-1.5-Pro Language Model with a ‘Deep Thinking’ Mode and Matches GPT-4o and Claude 3.5 Sonnet Benchmarks at 50x Cheaper}},
  journal   = {MarkTechPost},
  year      = {2025},
  month     = {Jan. 25},
  url       = {https://www.marktechpost.com/2025/01/25/bytedance-ai-introduces-doubao-1-5-pro-language-model-with-a-deep-thinking-mode-and-matches-gpt-4o-and-claude-3-5-sonnet-benchmarks-at-50x-cheaper/},
  note      = {Accessed: Jan. 27, 2025}
}

@article{ZenSoo2025,
  author    = {Cilin ZenSoo},
  title     = {{DeepSeek Has Rattled the AI Industry. Here’s a Look at Other Chinese AI Models}},
  journal   = {TIME},
  year      = {2025},
  month     = {Jan. 28},
  url       = {https://time.com/7210521/deepseek-chinese-ai-models/},
  note      = {Accessed: Jan. 28, 2025}
}

@article{Yan2024,
  author        = {{Yan et al.}},
  title         = {{Efficient and Accurate Prompt Optimization: The Benefit of Memory in Exemplar-Guided Reflection}},
  journal       = {arXiv},
  year          = {2024},
  month         = {Nov.},
  volume        = {abs/2411.07446},
  url           = {https://arxiv.org/pdf/2411.07446}
}

@article{Nie2024,
  author        = {{Nie et al.}},
  title         = {{LSH-MoE: Communication-Efficient MoE Training via Locality-Sensitive Hashing}},
  journal       = {arXiv},
  year          = {2024},
  month         = {Nov.},
  volume        = {abs/2411.08446},
  url           = {https://arxiv.org/abs/2411.08446}
}

@misc{Kimi2025,
  author    = {{Kimi Team}},
  title     = {{Kimi k1.5}},
  year      = {2025},
  howpublished = {GitHub repository},
  url       = {https://github.com/MoonshotAI/Kimi-k1.5},
  note      = {Accessed: Jan. 28, 2025}
}

@article{KimiTeam2025,
  author        = {{KimiTeam et al.}},
  title         = {{Kimi k1.5: Scaling Reinforcement Learning with LLMs}},
  journal       = {arXiv},
  year          = {2025},
  month         = {Jan. 22},
  volume        = {abs/2501.12599},
  url           = {https://arxiv.org/abs/2501.12599}
}

@article{Ashley2025,
  author    = {Ashley},
  title     = {{Kimi k1.5: How China’s New AI Powerhouse is Redefining Multimodal Reasoning and Beating OpenAI’s o1}},
  journal   = {Medium},
  year      = {2025},
  url       = {https://medium.com/@ashinno43/kimi-k1-5-how-this-next-gen-ai-model-is-revolutionizing-multimodal-reasoning-with-reinforcement-e06fbd64c12c},
  note      = {Accessed: Jan. 28, 2025}
}

@misc{AIbase2025,
  author    = {{AIbase}},
  title     = {{iFlytek Releases the Xunfei Spark Deep Reasoning Model X1}},
  year      = {2025},
  howpublished = {Available at: \url{https://www.aibase.com/news/14723}},
  note      = {Accessed: Jan. 28, 2025}
}

@misc{OpenAI2025,
  author    = {{OpenAI}},
  title     = {{OpenAI o3-mini}},
  year      = {2025},
  month     = {Jan. 31},
  howpublished = {Available at: \url{https://openai.com/index/openai-o3-mini/}}
}

@article{Mulligan2025,
  author    = {Scott J. Mulligan},
  title     = {{OpenAI Releases Its New o3-mini Reasoning Model for Free}},
  journal   = {MIT Technology Review},
  year      = {2025},
  month     = {Jan. 31},
  url       = {https://www.technologyreview.com/2025/01/31/1110757/openai-makes-its-reasoning-model-for-free/},
  note      = {Accessed: Feb. 3, 2025}
}

@article{Jamali2025,
  author    = {Lily Jamali},
  title     = {{China's DeepSeek AI Shakes Industry and Dents America's Swagger}},
  journal   = {BBC News},
  year      = {2025},
  month     = {Jan. 28},
  url       = {https://www.bbc.co.uk/news/articles/cd643wx888qo},
  note      = {Accessed: Feb. 3, 2025}
}

@misc{Wikipedia2025,
  author    = {{Wikipedia}},
  title     = {{CHIPS and Science Act}},
  year      = {2025},
  howpublished = {Available at: \url{https://en.wikipedia.org/wiki/CHIPS_and_Science_Act}},
  note      = {Accessed: Jan. 28, 2025}
}

@article{Ng2025,
  author    = {Nelly Ng and Bradon Drenon and Tom Gerken and March Cieslak},
  title     = {{DeepSeek: The Chinese AI App That Has the World Talking}},
  journal   = {BBC News},
  year      = {2025},
  month     = {Jan. 27},
  url       = {https://www.bbc.co.uk/news/articles/c5yv5976z9po},
  note      = {Accessed: Jan. 27, 2025}
}

@misc{DeepSeekAI2025_HF,
  author    = {{DeepSeek-AI}},
  title     = {{DeepSeek}},
  year      = {2025},
  howpublished = {Hugging Face},
  url       = {https://huggingface.co/deepseek-ai},
  note      = {Accessed: Jan. 27, 2025}
}

@misc{Ollama2025,
  author    = {{Ollama}},
  title     = {{deepseek-r1}},
  year      = {2025},
  howpublished = {Available at: \url{https://ollama.com/library/deepseek-r1}},
  note      = {Accessed: Jan. 27, 2025}
}

@misc{Kellog2025,
  author    = {Tim Kellog},
  title     = {{Someone on X Claims to Have Jailbroken R1 by Invoking the Name of Pliny, a Renowned LLM Jailbreaker}},
  year      = {2025},
  month     = {Jan. 24},
  howpublished = {BlueSky},
  url       = {https://bsky.app/profile/timkellogg.me/post/3lgj25q42w22h},
  note      = {Accessed: Jan. 27, 2025}
}

@article{Martin2025,
  author    = {{Martin et al.}},
  title     = {{DeepSh*t: Exposing the Security Risks of DeepSeek-r1}},
  journal   = {Hidden Layer},
  year      = {2025},
  month     = {Jan. 30},
  url       = {https://hiddenlayer.com/innovation-hub/deepsht-exposing-the-security-risks-of-deepseek-r1/},
  note      = {Accessed: Feb. 1, 2025}
}

@article{Wilhoit2025,
  author    = {Kyle Wilhoit},
  title     = {{Recent Jailbreaks Demonstrate Emerging Threat to DeepSeek}},
  journal   = {Palo Alto Networks},
  year      = {2025},
  month     = {Jan. 30},
  url       = {https://unit42.paloaltonetworks.com/jailbreaking-deepseek-three-techniques/},
  note      = {Accessed: Feb. 1, 2025}
}

@article{Thompson2025,
  author    = {Ben Thompson},
  title     = {{DeepSeek FAQ}},
  journal   = {Stratechery},
  year      = {2025},
  month     = {Jan. 27},
  url       = {https://stratechery.com/2025/deepseek-faq/},
  note      = {Accessed: Jan. 28, 2025}
}

@misc{Kimmonismus2025,
  author    = {@kimmonismus},
  title     = {{Billionaire and Scale AI CEO Alexandr Wang: DeepSeek Has About 50,000 NVIDIA H100s That They Can’t Talk About Because of the US Export Controls That Are in Place}},
  year      = {2025},
  month     = {Jan. 24},
  howpublished = {X (formerly Twitter)},
  url       = {https://x.com/kimmonismus/status/1882824571281436713},
  note      = {Accessed: Feb. 3, 2025}
}

@misc{Dibya2025,
  author    = {@its\_dibya},
  title     = {{With R1, a Lot of People Have Been Asking How Come We Didn't Discover This 2 Years Ago?}},
  year      = {2025},
  month     = {Jan. 26},
  howpublished = {X (formerly Twitter)},
  url       = {https://x.com/its_dibya/status/1883595705736163727},
  note      = {Accessed: Feb. 3, 2025}
}

@misc{JiayiPirate2025,
  author    = {@jiayi\_pirate},
  title     = {{The Specific RL Alg Doesn’t Matter Much…}},
  year      = {2025},
  month     = {Jan. 24},
  howpublished = {X (formerly Twitter)},
  url       = {https://x.com/jiayi_pirate/status/1882839504899420517},
  note      = {Accessed: Feb. 3, 2025}
}

@article{Janakiram2025,
  author    = {Janakiram MSV},
  title     = {{All About DeepSeek – The Chinese AI Startup Challenging US Big Tech}},
  journal   = {Forbes},
  year      = {2025},
  month     = {Jan. 26},
  url       = {https://www.forbes.com/sites/janakirammsv/2025/01/26/all-about-deepseekthe-chinese-ai-startup-challenging-the-us-big-tech},
  note      = {Accessed: Feb. 3, 2025}
}

@article{deSilvaFraser2025,
  author    = {João de Silva and Graham Fraser},
  title     = {{OpenAI Says Chinese Rivals Using Its Work for Their AI Apps}},
  journal   = {BBC News},
  year      = {2025},
  url       = {https://www.bbc.co.uk/news/articles/c9vm1m8wpr9o},
  note      = {Accessed: Feb. 3, 2025}
}

@article{Gerken2025,
  author    = {Tom Gerken},
  title     = {{Be Careful with DeepSeek Australia Says – So Is It Safe to Use?}},
  journal   = {BBC News},
  year      = {2025},
  url       = {https://www.bbc.co.uk/news/articles/cx2k7r5nrvpo},
  note      = {Accessed: Jan. 28, 2025}
}

@article{Doffman2025,
  author    = {Zak Doffman},
  title     = {{New DeepSeek Warning — Do You Need To Delete Your iPhone, Android App?}},
  journal   = {Forbes},
  year      = {2025},
  month     = {Jan. 30},
  url       = {https://www.forbes.com/sites/zakdoffman/2025/01/30/new-deepseek-warning-do-you-need-to-delete-your-iphone-android-app/},
  note      = {Accessed: Feb. 3, 2025}
}

@article{Pollina2025,
    author = {Elvira Pollina},
    title = {{DeepSeek blocked on Apple and Google app stores in Italy}},
    journal = {Reuters},
    year = {2025},
    month = {Jan. 29},
    url = {https://www.reuters.com/technology/deepseek-app-unavailable-apple-google-app-stores-italy-2025-01-29/},
    note = {Accessed: Feb 3, 2025}
}

@blog{WizNagli2025,
    author = {Gal Nagli},
    title = {{Wiz Research Uncovers Exposed DeepSeek Database Leaking Sensitive Information, Including Chat History}},
    journal = {Wiz Research Blog},
    year = {2025},
    month = {Jan. 29},
    url = {https://www.wiz.io/blog/wiz-research-uncovers-exposed-deepseek-database-leak},
note = {Accessed: Feb 3, 2025}
}

@misc{Qwen2025,
    author = {Qwen},
    title = {{Qwen2.5-VL}},
    url = {https://github.com/QwenLM/Qwen2.5-VL/blob/main/README.md}}


@misc{OpenAIDeepResearch2025,
    author = {OpenAI},
    title = {{Introducing Deep Research}},
    url = {https://openai.com/index/introducing-deep-research/}
}

@article{Sweney2025,
  author    = {Mark Sweney and Dan Milmo},
  title     = {{OpenAI 'reviewing' allegations that its AI models were used to make DeepSeek}},
  journal   = {The Guardian},
  year      = {2025},
  month     = {Jan. 29},
  url       = {https://www.theguardian.com/technology/2025/jan/29/openai-chatgpt-deepseek-china-us-ai-models},
  note      = {Accessed: Feb. 3, 2025}
}

@article{Macaulay2025,
    author = {Thomas Macaulay},
    title = {{European AI alliance unveils LLM alternative to Silicon Valley and DeepSeek}},
    journal = {The Next Web},
    year = {2025},
    month = {Feb. 3},
    url = {https://thenextweb.com/news/european-ai-alliance-openeurollm-challenges-us-china},
    note = {Accessed: Feb. 3, 2025}
}

@article{Stargate2025,
    author = {OpenAI},
    title = {{Announcing The Stargate Project}},
    journal = {{OpenAI Blog}},
    year = {2025},
    month = {Jan. 21},
    url = {https://openai.com/index/announcing-the-stargate-project/},
    note = {Accessed: Feb. 3 2025}
}