@misc{AIbase2025,
  author    = {{AIbase}},
  title     = {{iFlytek Releases the Xunfei Spark Deep Reasoning Model X1}},
  year      = {2025},
  howpublished = {Available at: \url{https://www.aibase.com/news/14723}},
  note      = {Accessed: Jan. 28, 2025}
}

@article{Ashley2025,
  author    = {Ashley},
  title     = {{Kimi k1.5: How China’s New AI Powerhouse is Redefining Multimodal Reasoning and Beating OpenAI’s o1}},
  journal   = {Medium},
  year      = {2025}

@misc{Doubao2025,
  author    = {{Doubao Team}},
  title     = {{Doubao-1.5-Pro}},
  year      = {2025},
  howpublished = {Available at: \url{https://team.doubao.com/en/special/doubao_1_5_pro}},
  note      = {Accessed: Jan. 27, 2025}
}

@misc{Kimi2025,
  author    = {{Kimi Team}},
  title     = {{Kimi k1.5}},
  year      = {2025},
  howpublished = {GitHub repository},
  url       = {https://github.com/MoonshotAI/Kimi-k1.5},
  note      = {Accessed: Jan. 28, 2025}
}

@article{KimiTeam2025,
  author        = {{KimiTeam et al.}},
  title         = {{Kimi k1.5: Scaling Reinforcement Learning with LLMs}},
  journal       = {arXiv},
  year          = {2025},
  month         = {Jan. 22},
  volume        = {abs/2501.12599},
  url           = {https://arxiv.org/abs/2501.12599}
}

@article{Nie2024,
  author        = {{Nie et al.}},
  title         = {{LSH-MoE: Communication-Efficient MoE Training via Locality-Sensitive Hashing}},
  journal       = {arXiv},
  year          = {2024},
  month         = {Nov.},
  volume        = {abs/2411.08446},
  url           = {https://arxiv.org/abs/2411.08446}
}

@misc{OpenAIDeepResearch2025,
    author = {OpenAI},
    title = {{Introducing Deep Research}},
    url = {https://openai.com/index/introducing-deep-research/}
}

@misc{Qwen2025,
    author = {Qwen},
    title = {{Qwen2.5-VL}},
    url = {https://github.com/QwenLM/Qwen2.5-VL/blob/main/README.md}}

@article{Razzaq2025,
  author    = {Asif Razzaq},
  title     = {{ByteDance AI Introduces Doubao-1.5-Pro Language Model with a ‘Deep Thinking’ Mode and Matches GPT-4o and Claude 3.5 Sonnet Benchmarks at 50x Cheaper}},
  journal   = {MarkTechPost},
  year      = {2025},
  month     = {Jan. 25},
  url       = {https://www.marktechpost.com/2025/01/25/bytedance-ai-introduces-doubao-1-5-pro-language-model-with-a-deep-thinking-mode-and-matches-gpt-4o-and-claude-3-5-sonnet-benchmarks-at-50x-cheaper/},
  note      = {Accessed: Jan. 27, 2025}
}

@article{Yan2024,
  author        = {{Yan et al.}},
  title         = {{Efficient and Accurate Prompt Optimization: The Benefit of Memory in Exemplar-Guided Reflection}},
  journal       = {arXiv},
  year          = {2024},
  month         = {Nov.},
  volume        = {abs/2411.07446},
  url           = {https://arxiv.org/pdf/2411.07446}
}

@article{ZenSoo2025,
  author    = {Cilin ZenSoo},
  title     = {{DeepSeek Has Rattled the AI Industry. Here’s a Look at Other Chinese AI Models}},
  journal   = {TIME},
  year      = {2025},
  month     = {Jan. 28},
  url       = {https://time.com/7210521/deepseek-chinese-ai-models/},
  note      = {Accessed: Jan. 28, 2025}
}

