@inproceedings{akbari2015reasoning,
  title={Reasoning-based evaluation of manipulation actions for efficient task planning},
  booktitle={Proc. Iber. Robot. Conf.: Adv. Robot.},
  author={Akbari, A. and others},
  pages={69--80},
  year={2015}
}
%  author={Akbari, A. and Gillani, M. and Rosell, J.},
% booktitle={Robot 2015: Second Iberian Robotics Conference: Advances in Robotics, Volume 1}

@inproceedings{akbari2015task,
  title={Task and motion planning using physics-based reasoning},
  author={Akbari, A. and others},
  booktitle={Proc. IEEE Conf. Emerg. Technol. Factory Autom. },
  pages={1--7},
  year={2015}
}
%  author={Akbari, A. and Rosell, J. and others}

@inproceedings{akbari2016task,
  title={Task planning using physics-based heuristics on manipulation actions},
  author={Akbari, A. and others},
  booktitle={Proc. IEEE Int. Conf. Emerg. Technol. Factory Autom.},
  pages={1--8},
  year={2016}
}

@article{akbari2019combined,
  title={Combined heuristic task and motion planning for bi-manual robots},
  author={Akbari, A. and others},
  journal={Auton. Robots},
  volume={43},
  number={6},
  pages={1575--1590},
  year={2019}
}
%  author={Akbari, A. and Lagriffoul, F. and Rosell, J.}

@article{akbari2019knowledge,
  title={Knowledge-oriented task and motion planning for multiple mobile robots},
  author={Akbari, A. and others},
  journal={J. Exp. Theor. Artif. Intell.},
  volume={31},
  number={1},
  pages={137--162},
  year={2019}
}
%  author={Akbari, A. and Muhayyuddin and Rosell, J,.}

@article{akbari2020contigent,
AUTHOR = {Akbari, A. and others},
TITLE = {Contingent Task and Motion Planning under Uncertainty for Human–Robot Interactions},
JOURNAL = {Applied Sciences},
VOLUME = {10},
YEAR = {2020},
NUMBER = {5},
ARTICLE-NUMBER = {1665},
ISSN = {2076-3417}
}
% AUTHOR = {Akbari, A. and Diab, M. and Rosell, J.}

@inproceedings{ayton2019aaai,
 author = {B. Ayton and others},
 booktitle = {Proc. AAAI Conf. Artif. Intell.},
 keywords = {chance constrained planning, adaptive sampling, approximation, gaussian processes},
 title = {Measurement Maximizing Adaptive Sampling With Risk Bounding Functions},
  volume={33},
  number={01},
  pages={7511--7519},
 year = {2019}
}
% author = {B. Ayton and B. C. Williams and R. Camilli}

@inproceedings{ayton2019astro,
 author = {B. Ayton and others},
booktitle = {Proc. Astrobiol. Sci. Conf.},
 title = {Risk Aware Adaptive Sampling for the Search for Life in Ocean Worlds},
 year = {2019}
}
% author = {B. Ayton and E. Timmons and R. Camilli and B. C. Williams}

@inproceedings{blackmore2009convex,
  title={Convex chance constrained predictive control without sampling},
  author={Blackmore, Lars and Ono, Masahiro},
  booktitle={Proc. AIAA Guid. Navig. Control Conf.},
  pages={5876},
  year={2009}
}

@article{blackmore2010,
author = {Blackmore, L. and others},
title = {A Probabilistic Particle-Control Approximation of Chance-Constrained Stochastic Predictive Control},
year = {2010},
issue_date = {June 2010},
volume = {26},
number = {3},
issn = {1552-3098},
journal = {IEEE Trans. Rob.},
month = {jun},
pages = {502–517},
numpages = {16},
keywords = {Chance constraints, chance constraints, planning under stochastic uncertainty, hybrid discrete-continuous systems, nonholonomic motion planning}
}
% author = {Blackmore, L. and Ono, M. and Bektassov, A. and Williams, B. C.}

@article{blackmore2011chance,
  title={Chance-constrained optimal path planning with obstacles},
  author={Blackmore, Lars and others},
  journal={IEEE Trans. Robot.},
  volume={27},
  number={6},
  pages={1080--1094},
  year={2011}
}
%  author={Blackmore, Lars and Ono, Masahiro and Williams, Brian C}

@article{cambon2009hybrid,
  title={A hybrid approach to intricate motion, manipulation and task planning},
  author={Cambon, S. and others},
  journal={Int. J. Robot. Res.},
  volume={28},
  number={1},
  pages={104--126},
  year={2009}
}
%  author={Cambon, S. and Alami, R. and Gravot, F.}

@inproceedings{dai2019chance,
  title={Chance constrained motion planning for high-dimensional robots},
  author={Dai, Siyu and others},
  booktitle={Proc. IEEE Int. Conf. Robot. Autom.},
  pages={8805--8811},
  year={2019}
}
%  author={Dai, Siyu and Schaffert, Shawn and Jasour, Ashkan and Hofmann, Andreas and Williams, Brian}

@inproceedings{dantam2016incremental,
  title={Incremental task and motion planning: A constraint-based approach},
  author={Dantam, N. T. and others},
  booktitle={Proc. Robot.: Sci. Syst.},
  volume={12},
  pages={00052},
  year={2016}
}
%  author={Dantam, N. T. and Kingston, Z. K. and Chaudhuri, S. and Kavraki, L.E. }

@article{diab2019pmk,
  title={Pmk—a knowledge processing framework for autonomous robotics perception and manipulation},
  author={Diab, M. and others},
  journal={Sensors},
  volume={19},
  number={5},
  pages={1166},
  year={2019}
}
%  author={Diab, M. and Akbari, A. and Ud Din, M. and Rosell, J.}

@article{fernandezgonzalez2018,
 author = {E. Fernandez-Gonzalez and others},
    journal = {J. Artif. Intell. Res.},
 keywords = {hybrid planning, automated planning, mixed discrete-continuous
planning, planning and robotics, temporal planning, motion
planning},
 title = {ScottyActivity: Mixed Discrete-Continuous Planning With Convex
Optimization},
  volume={62},
  pages={579--664},
 year = {2018}
}
 author = {E. Fernandez-Gonzalez and E. Karpas and B. C. Williams}

@inproceedings{garrett2015ffrob,
  title={Ffrob: An efficient heuristic for task and motion planning},
  author={Garrett, C. R. and others},
  booktitle={Proc. Int. Workshop Alg. Found. Robot.},
  pages={179--195},
  year={2015}
}
%  author={Garrett, C. R. and Lozano-P., Tom{\'a}s and Kaelbling, L. P.}

@inproceedings{han2022non,
  title={Non-Gaussian risk bounded trajectory optimization for stochastic nonlinear systems in uncertain environments},
  author={Han, Weiqiao and others},
  booktitle={Proc. IEEE Int. Conf. Robot. Autom.},
  pages={11044--11050},
  year={2022}
}
%   author={Han, Weiqiao and Jasour, Ashkan and Williams, Brian}

@inproceedings{he2015towards,
  title={Towards manipulation planning with temporal logic specifications},
  author={He, K. and others},
  booktitle={Proc. IEEE Int. Conf. Robot. Autom.},
  pages={346--352},
  year={2015}
}
%  author={He, K. and Lahijanian, M. and Kavraki, L. E. and Vardi, M. Y.}

@inproceedings{huang2018hybrid,
  title={Hybrid risk-aware conditional planning with applications in autonomous vehicles},
  author={Huang, X. and others},
  booktitle={Proc. IEEE Conf. Decis. Control},
  pages={3608--3614},
  year={2018}
}
%  author={Huang, X. and Jasour, A. and Deyo, M. and Hofmann, A. and Williams, B. C.}

@incollection{janson2017monte,
  title={Monte Carlo motion planning for robot trajectory optimization under uncertainty},
  author={Janson, L. and others},
  booktitle={Robot. Res.},
  pages={343--361},
  year={2017}
}
%  author={Janson, L. and Schmerling, E. and Pavone, M.}

@inproceedings{jasour2021convex,
  title={Convex risk bounded continuous-time trajectory planning in uncertain nonconvex environments},
  author={Jasour, Ashkan and others},
  booktitle={Proc. Robot.: Sci. Syst.},
  year={2021}
}
%  author={Jasour, Ashkan and Han, Weiqiao and Williams, Brian}

@article{lagriffoul2016combining,
  title={Combining task and motion planning: A culprit detection problem},
  author={Lagriffoul, F. and Andres, B.},
  journal={Int. J. Robot. Res.},
  volume={35},
  number={8},
  pages={890--927},
  year={2016}
}

@inproceedings{lew2020chance,
  title={Chance-constrained sequential convex programming for robust trajectory optimization},
  author={Lew, Thomas and others},
  booktitle={Eur. Control Conf.},
  pages={1871--1878},
  year={2020}
}
%  author={Lew, Thomas and Bonalli, Riccardo and Pavone, Marco}

@inproceedings{luders2010chance,
  title={Chance constrained RRT for probabilistic robustness to environmental uncertainty},
  author={Luders, Brandon and others},
  booktitle={Proc. AIAA Guid. Navig. Control Conf.},
  pages={8160},
  year={2010}
}
%  author={Luders, Brandon and Kothari, Mangal and How, Jonathan}

@inproceedings{mochizukiKT22,
  author    = {S. Mochizuki and others},
  title     = {ProTAMP: Probabilistic Task and Motion Planning Considering Human
               Action for Harmonious Collaboration},
  booktitle = {Proc. IEEE/RSJ Int. Conf. Intell. Robots Syst.},
  pages     = {2159--2166},
  year      = {2022}
}

@inproceedings{nouman2017experimental,
  title={Experimental evaluation of hybrid conditional planning for service robotics},
  author={Nouman, A. and others},
  booktitle={Proc. Int. Symp. Exp. Robot.},
  pages={692--702},
  year={2017}
}
%  author={Nouman, A. and Yalciner, I. F. and Erdem, E. and Patoglu, V.}

@inproceedings{rodriguez2016combining,
  title={Combining motion planning and task assignment for a dual-arm system},
  author={Rodr{\'\i}guez, C. and Su{\'a}rez, R.},
  booktitle={Proc. IEEE/RSJ Int. Conf. Intell. Robots Syst.},
  pages={4238--4243},
  year={2016}
}

@inproceedings{santana2016hybrid,
author = {P. Santana and others},
title = {Risk-aware Planning in Hybrid Domains: An Application to Autonomous Planetary Rovers},
booktitle = {Proc. AIAA SPACE},
pages = {},
doi = {10.2514/6.2016-5537},
year = {2016}
}
author = {P. Santana and T. Vaquero and C. L. McGhan and C. Toledo and E. Timmons and B. Williams and R. Murray}

@inproceedings{srivastava2014combined,
  title={Combined task and motion planning through an extensible planner-independent interface layer},
  author={Srivastava, S. and others},
  booktitle={Proc. IEEE Int. Conf. Robot. Autom.},
  pages={639--646},
  year={2014}
}
%  author={Srivastava, S. and Fang, E. and Riano, L. and Chitnis, R. and Russell, S. and Abbeel, P.}

@article{yunl2020petlon,
  author = {S. Lo and others},
  title = {The PETLON Algorithm to Plan Efficiently for Task-Level-Optimal Navigation},
  journal={J. Artif. Intell. Res.},
  volume={67},
  year = {2020}
}
%  author = {S. Lo and S. Zhang and P. Stone}

