@article{pppo,
  title={LQG-MP: Optimized path planning for robots with motion uncertainty and imperfect state information},
  author={Van Den Berg, J. and others},
  journal={Int. J. Robot. Res.},
  volume={30},
  number={7},
  pages={895--913},
  year={2011}
}
% author={Van Den Berg, J. and Abbeel, P. and Goldberg, K.},

@article{marcucci2022motion,
author = {Tobia Marcucci  and others},
title = {Motion planning around obstacles with convex optimization},
journal = {Sci. Robot.},
volume = {8},
number = {84},
pages = {eadf7843},
year = {2023},
}
% author = {Tobia Marcucci  and Mark Petersen  and David von Wrangel  and Russ Tedrake },


@article{egorov2017pomdps,
  author  = {M. Egorov and others},
  title   = {{POMDP}s.jl: A Framework for Sequential Decision Making under Uncertainty},
  journal = {J. Mach. Learn. Res.},
  year    = {2017},
  volume  = {18},
  number  = {26},
  pages   = {1-5}
}
%   author  = {M. Egorov and Z. N. Sunberg and E. Balaban and T. A. Wheeler and J. K. Gupta and M. J. Kochenderfer},


@software{ortools,
  title = {OR-Tools},
  version = {v9.6},
  author = {L. Perron and V. Furnon},
  organization = {Google},
  url = {https://developers.google.com/optimization/},
  date = {2023-03-13}
}

@inproceedings{couetoux2011continuous,
  title={Continuous upper confidence trees},
  author={Cou{\"e}toux, A. and others},
  booktitle={Proc. Learn. Intell. Optim.},
  pages={433--445},
  year={2011}
}
%   author={Cou{\"e}toux, A. and Hoock, J.B. and Sokolovska, N. and Teytaud, O. and Bonnard, N.},


@misc{gurobi,
  author = {{Gurobi Optimization, LLC}},
  title = {{Gurobi Optimizer Reference Manual}},
  year = 2024,
  url = "https://www.gurobi.com"
}

@article{kim2019bi,
  title={Bi-directional value learning for risk-aware planning under uncertainty},
  author={Kim, H.K. and others},
  journal={IEEE Robot. Autom. Lett.},
  volume={4},
  number={3},
  pages={2493--2500},
  year={2019}
}
%  author={Kim, H.K. and Thakker, R. and Agha-Mohammadi, A.A.},

@article{da2019collision,
  title={Collision-free encoding for chance-constrained nonconvex path planning},
  author={da Silva Arantes, M. and others},
  journal={IEEE Trans. Robot.},
  volume={35},
  number={2},
  pages={433--448},
  year={2019}
}
%  author={da Silva Arantes, M. and Toledo, C. F. M. and Williams, B. C. and Ono, M.},

% Related Work
% ------------

@inproceedings{rodriguez2016combining,
  title={Combining motion planning and task assignment for a dual-arm system},
  author={Rodr{\'\i}guez, C. and Su{\'a}rez, R.},
  booktitle={Proc. IEEE/RSJ Int. Conf. Intell. Robots Syst.},
  pages={4238--4243},
  year={2016}
}

@article{lagriffoul2016combining,
  title={Combining task and motion planning: A culprit detection problem},
  author={Lagriffoul, F. and Andres, B.},
  journal={Int. J. Robot. Res.},
  volume={35},
  number={8},
  pages={890--927},
  year={2016}
}

@inproceedings{dantam2016incremental,
  title={Incremental task and motion planning: A constraint-based approach},
  author={Dantam, N. T. and others},
  booktitle={Proc. Robot.: Sci. Syst.},
  volume={12},
  pages={00052},
  year={2016}
}
%  author={Dantam, N. T. and Kingston, Z. K. and Chaudhuri, S. and Kavraki, L.E. },


@inproceedings{he2015towards,
  title={Towards manipulation planning with temporal logic specifications},
  author={He, K. and others},
  booktitle={Proc. IEEE Int. Conf. Robot. Autom.},
  pages={346--352},
  year={2015}
}
%  author={He, K. and Lahijanian, M. and Kavraki, L. E. and Vardi, M. Y.},


@inproceedings{akbari2015task,
  title={Task and motion planning using physics-based reasoning},
  author={Akbari, A. and others},
  booktitle={Proc. IEEE Conf. Emerg. Technol. Factory Autom. },
  pages={1--7},
  year={2015}
}
%  author={Akbari, A. and Rosell, J. and others},


@inproceedings{srivastava2014combined,
  title={Combined task and motion planning through an extensible planner-independent interface layer},
  author={Srivastava, S. and others},
  booktitle={Proc. IEEE Int. Conf. Robot. Autom.},
  pages={639--646},
  year={2014}
}
%  author={Srivastava, S. and Fang, E. and Riano, L. and Chitnis, R. and Russell, S. and Abbeel, P.},


@article{diab2019pmk,
  title={Pmk—a knowledge processing framework for autonomous robotics perception and manipulation},
  author={Diab, M. and others},
  journal={Sensors},
  volume={19},
  number={5},
  pages={1166},
  year={2019}
}
%  author={Diab, M. and Akbari, A. and Ud Din, M. and Rosell, J.},


@article{cambon2009hybrid,
  title={A hybrid approach to intricate motion, manipulation and task planning},
  author={Cambon, S. and others},
  journal={Int. J. Robot. Res.},
  volume={28},
  number={1},
  pages={104--126},
  year={2009}
}
%  author={Cambon, S. and Alami, R. and Gravot, F.},


@inproceedings{garrett2015ffrob,
  title={Ffrob: An efficient heuristic for task and motion planning},
  author={Garrett, C. R. and others},
  booktitle={Proc. Int. Workshop Alg. Found. Robot.},
  pages={179--195},
  year={2015}
}
%  author={Garrett, C. R. and Lozano-P., Tom{\'a}s and Kaelbling, L. P.},


@inproceedings{akbari2015reasoning,
  title={Reasoning-based evaluation of manipulation actions for efficient task planning},
  booktitle={Proc. Iber. Robot. Conf.: Adv. Robot.},
  author={Akbari, A. and others},
  pages={69--80},
  year={2015}
}
%  author={Akbari, A. and Gillani, M. and Rosell, J.},
% booktitle={Robot 2015: Second Iberian Robotics Conference: Advances in Robotics, Volume 1},


@inproceedings{akbari2016task,
  title={Task planning using physics-based heuristics on manipulation actions},
  author={Akbari, A. and others},
  booktitle={Proc. IEEE Int. Conf. Emerg. Technol. Factory Autom.},
  pages={1--8},
  year={2016}
}


@article{akbari2019knowledge,
  title={Knowledge-oriented task and motion planning for multiple mobile robots},
  author={Akbari, A. and others},
  journal={J. Exp. Theor. Artif. Intell.},
  volume={31},
  number={1},
  pages={137--162},
  year={2019}
}
%  author={Akbari, A. and Muhayyuddin and Rosell, J,.},


@inproceedings{nouman2017experimental,
  title={Experimental evaluation of hybrid conditional planning for service robotics},
  author={Nouman, A. and others},
  booktitle={Proc. Int. Symp. Exp. Robot.},
  pages={692--702},
  year={2017}
}
%  author={Nouman, A. and Yalciner, I. F. and Erdem, E. and Patoglu, V.},


@inproceedings{santana2016hybrid,
author = {P. Santana and others},
title = {Risk-aware Planning in Hybrid Domains: An Application to Autonomous Planetary Rovers},
booktitle = {Proc. AIAA SPACE},
pages = {},
doi = {10.2514/6.2016-5537},
year = {2016}
}
author = {P. Santana and T. Vaquero and C. L. McGhan and C. Toledo and E. Timmons and B. Williams and R. Murray},

@article{akbari2019combined,
  title={Combined heuristic task and motion planning for bi-manual robots},
  author={Akbari, A. and others},
  journal={Auton. Robots},
  volume={43},
  number={6},
  pages={1575--1590},
  year={2019}
}
%  author={Akbari, A. and Lagriffoul, F. and Rosell, J.},

@article{akbari2020contigent,
AUTHOR = {Akbari, A. and others},
TITLE = {Contingent Task and Motion Planning under Uncertainty for Human–Robot Interactions},
JOURNAL = {Applied Sciences},
VOLUME = {10},
YEAR = {2020},
NUMBER = {5},
ARTICLE-NUMBER = {1665},
ISSN = {2076-3417}
}
% AUTHOR = {Akbari, A. and Diab, M. and Rosell, J.},


@article{yunl2020petlon,
  author = {S. Lo and others},
  title = {The PETLON Algorithm to Plan Efficiently for Task-Level-Optimal Navigation},
  journal={J. Artif. Intell. Res.},
  volume={67},
  year = {2020}
}
%  author = {S. Lo and S. Zhang and P. Stone},


@inproceedings{mochizukiKT22,
  author    = {S. Mochizuki and others},
  title     = {ProTAMP: Probabilistic Task and Motion Planning Considering Human
               Action for Harmonious Collaboration},
  booktitle = {Proc. IEEE/RSJ Int. Conf. Intell. Robots Syst.},
  pages     = {2159--2166},
  year      = {2022}
}


@article{fernandezgonzalez2018,
 author = {E. Fernandez-Gonzalez and others},
    journal = {J. Artif. Intell. Res.},
 keywords = {hybrid planning, automated planning, mixed discrete-continuous
planning, planning and robotics, temporal planning, motion
planning},
 title = {ScottyActivity: Mixed Discrete-Continuous Planning With Convex
Optimization},
  volume={62},
  pages={579--664},
 year = {2018}
}
 author = {E. Fernandez-Gonzalez and E. Karpas and B. C. Williams},

@inproceedings{ayton2019astro,
 author = {B. Ayton and others},
booktitle = {Proc. Astrobiol. Sci. Conf.},
 title = {Risk Aware Adaptive Sampling for the Search for Life in Ocean Worlds},
 year = {2019}
}
% author = {B. Ayton and E. Timmons and R. Camilli and B. C. Williams},

@inproceedings{ayton2019aaai,
 author = {B. Ayton and others},
 booktitle = {Proc. AAAI Conf. Artif. Intell.},
 keywords = {chance constrained planning, adaptive sampling, approximation, gaussian processes},
 title = {Measurement Maximizing Adaptive Sampling With Risk Bounding Functions},
  volume={33},
  number={01},
  pages={7511--7519},
 year = {2019}
}
% author = {B. Ayton and B. C. Williams and R. Camilli},


@article{blackmore2010,
author = {Blackmore, L. and others},
title = {A Probabilistic Particle-Control Approximation of Chance-Constrained Stochastic Predictive Control},
year = {2010},
issue_date = {June 2010},
volume = {26},
number = {3},
issn = {1552-3098},
journal = {IEEE Trans. Rob.},
month = {jun},
pages = {502–517},
numpages = {16},
keywords = {Chance constraints, chance constraints, planning under stochastic uncertainty, hybrid discrete-continuous systems, nonholonomic motion planning}
}
% author = {Blackmore, L. and Ono, M. and Bektassov, A. and Williams, B. C.},


@inproceedings{ono2008,
  author    = {M. Ono and
               B. C. Williams},
  title     = {An Efficient Motion Planning Algorithm for Stochastic Dynamic Systems with Constraints on Probability of Failure},
    booktitle = {Proc. 33rd AAAI Conf. Artif. Intell.},
  pages     = {1376--1382},
  year      = {2008}
}

@inproceedings{depetris2022,
  author={De Petris, P. and others},
  booktitle={Proc. IEEE/RSJ Int. Conf. Intell. Robots Syst.}, 
  title={Risk-aware Motion Planning for Collision-tolerant Aerial Robots subject to Localization Uncertainty}, 
  year={2022},
  volume={},
  number={},
  pages={4561-4568},
  doi={10.1109/IROS47612.2022.9981597}}
%  author={De Petris, P. and Dharmadhikari, M. and Nguyen, H. and Alexis, K.},



@inproceedings{huang2018hybrid,
  title={Hybrid risk-aware conditional planning with applications in autonomous vehicles},
  author={Huang, X. and others},
  booktitle={Proc. IEEE Conf. Decis. Control},
  pages={3608--3614},
  year={2018}
}
%  author={Huang, X. and Jasour, A. and Deyo, M. and Hofmann, A. and Williams, B. C.},

@incollection{janson2017monte,
  title={Monte Carlo motion planning for robot trajectory optimization under uncertainty},
  author={Janson, L. and others},
  booktitle={Robot. Res.},
  pages={343--361},
  year={2017}
}
%  author={Janson, L. and Schmerling, E. and Pavone, M.},

@article{blackmore2010probabilistic,
  title={A probabilistic particle-control approximation of chance-constrained stochastic predictive control},
  author={Blackmore, L. and others},
  journal={IEEE Trans. Robot.},
  volume={26},
  number={3},
  pages={502--517},
  year={2010}
}
%  author={Blackmore, L. and Ono, M. and Bektassov, A. and Williams, B. C},

@inproceedings{luders2010chance,
  title={Chance constrained RRT for probabilistic robustness to environmental uncertainty},
  author={Luders, Brandon and others},
  booktitle={Proc. AIAA Guid. Navig. Control Conf.},
  pages={8160},
  year={2010}
}
%  author={Luders, Brandon and Kothari, Mangal and How, Jonathan},


@inproceedings{lew2020chance,
  title={Chance-constrained sequential convex programming for robust trajectory optimization},
  author={Lew, Thomas and others},
  booktitle={Eur. Control Conf.},
  pages={1871--1878},
  year={2020}
}
%  author={Lew, Thomas and Bonalli, Riccardo and Pavone, Marco},


@inproceedings{dai2019chance,
  title={Chance constrained motion planning for high-dimensional robots},
  author={Dai, Siyu and others},
  booktitle={Proc. IEEE Int. Conf. Robot. Autom.},
  pages={8805--8811},
  year={2019}
}
%  author={Dai, Siyu and Schaffert, Shawn and Jasour, Ashkan and Hofmann, Andreas and Williams, Brian},


@inproceedings{blackmore2009convex,
  title={Convex chance constrained predictive control without sampling},
  author={Blackmore, Lars and Ono, Masahiro},
  booktitle={Proc. AIAA Guid. Navig. Control Conf.},
  pages={5876},
  year={2009}
}

@article{blackmore2011chance,
  title={Chance-constrained optimal path planning with obstacles},
  author={Blackmore, Lars and others},
  journal={IEEE Trans. Robot.},
  volume={27},
  number={6},
  pages={1080--1094},
  year={2011}
}
%  author={Blackmore, Lars and Ono, Masahiro and Williams, Brian C},


@inproceedings{han2022non,
  title={Non-Gaussian risk bounded trajectory optimization for stochastic nonlinear systems in uncertain environments},
  author={Han, Weiqiao and others},
  booktitle={Proc. IEEE Int. Conf. Robot. Autom.},
  pages={11044--11050},
  year={2022}
}
%   author={Han, Weiqiao and Jasour, Ashkan and Williams, Brian},

@inproceedings{jasour2021convex,
  title={Convex risk bounded continuous-time trajectory planning in uncertain nonconvex environments},
  author={Jasour, Ashkan and others},
  booktitle={Proc. Robot.: Sci. Syst.},
  year={2021}
}
%  author={Jasour, Ashkan and Han, Weiqiao and Williams, Brian},

% ------------

@inproceedings{cunningham2015mpdm,
  title={MPDM: Multipolicy decision-making in dynamic, uncertain environments for autonomous driving},
  author={Cunningham, Alexander G and others},
  booktitle={Proc. IEEE Int. Conf. Robot. Autom.},
  pages={1670--1677},
  year={2015}
}
%   author={Cunningham, Alexander G and Galceran, Enric and Eustice, Ryan M and Olson, Edwin},


@article{leung2006planning,
  title={Planning under uncertainty using model predictive control for information gathering},
  author={Leung, Cindy and others},
  journal={Robot. Auton. Syst.},
  volume={54},
  number={11},
  pages={898--910},
  year={2006}
}
%   author={Leung, Cindy and Huang, Shoudong and Kwok, Ngai and Dissanayake, Gamini},

@inproceedings{cassandra1994acting,
  title={Acting optimally in partially observable stochastic domains},
  author={Cassandra, Anthony R and others},
  booktitle={Proc. AAAI Natl. Conf. Artif. Intell.},
  volume={94},
  pages={1023--1028},
  year={1994}
}
%  author={Cassandra, Anthony R and Kaelbling, Leslie Pack and Littman, Michael L},

@inproceedings{thakker2023EELS,
  title={EELS: Towards Autonomous Mobility in Extreme Terrain with a Versatile Snake Robot with Resilience to Exteroception Failures},
  author={R. Thakker and others},
  booktitle={Proc. IEEE/RSJ Int. Conf. Intell. Robots Syst.},
  year={2023},
  pages={9886-9893}
}

@article{hauskrecht2000value,
  title={Value-function approximations for partially observable Markov decision processes},
  author={Hauskrecht, Milos},
  journal={J. Artif. Intell. Res.},
  volume={13},
  pages={33--94},
  year={2000}
}


@article{hansen2011composition,
  title={The composition and structure of the Enceladus plume},
  author={Hansen, CJ and others},
  journal={Geophys. Res. Lett.},
  volume={38},
  number={11},
  year={2011}
}

@INPROCEEDINGS{ponte2014movescan,
  author={Ponte, Hugo and others},
  booktitle={Proc. IEEE Int. Conf. Robot. Autom.}, 
  title={Visual sensing for developing autonomous behavior in snake robots}, 
  year={2014},
  volume={},
  number={},
  pages={2779-2784},
  keywords={Robot sensing systems;Cameras;Three-dimensional displays;Head;Robot kinematics;Planning},
  doi={10.1109/ICRA.2014.6907257}}


@INPROCEEDINGS{risk_allo1,
  author={Masahiro Ono and Williams, Brian C.},
  booktitle={Proc. IEEE Conf. Decis. Control}, 
  title={Iterative Risk Allocation: A new approach to robust Model Predictive Control with a joint chance constraint}, 
  year={2008},
  volume={},
  number={},
  pages={3427-3432},
  keywords={Iterative methods;Robust control;Predictive models;Predictive control;Constraint optimization;Optimization methods;State estimation;Error correction;Art;Linear programming},
  doi={10.1109/CDC.2008.4739221}}
%  author={Masahiro Ono and Williams, Brian C.},

@INPROCEEDINGS{talbot2023principled,
  author={Talbot, William and others},
  booktitle={Proc. IEEE/RSJ Int. Conf. Intell. Robots Syst.}, 
  title={Principled ICP Covariance Modelling in Perceptually Degraded Environments for the EELS Mission Concept}, 
  year={2023},
  volume={},
  number={},
  pages={10763-10770},
  keywords={Simultaneous localization and mapping;Uncertainty;Saturn;Vents;Pipelines;Optimized production technology;Propulsion}}

@article{
vaquero2024eels,
author = {T. S. Vaquero  and others},
title = {EELS: Autonomous snake-like robot with task and motion planning capabilities for ice world exploration},
journal = {Sci. Robot.},
volume = {9},
number = {88},
pages = {eadh8332},
year = {2024}}

@inproceedings{thakker2024to,
author = {Rohan Thakker and others},
title = {To Boldly Go Where No Robots Have Gone Before – Part 4: NEO Autonomy for Robustly Exploring Unknown, Extreme Environments with Versatile Robots},
booktitle = {Proc. AIAA SCITECH Forum},
chapter = {},
pages = {},
year = {2024}
}