@article{altae2017low,
  title={Low data drug discovery with one-shot learning},
  author={Altae-Tran, Han and Ramsundar, Bharath and Pappu, Aneesh S and Pande, Vijay},
  journal={ACS central science},
  volume={3},
  number={4},
  pages={283--293},
  year={2017},
  publisher={ACS Publications}
}

@inproceedings{guo2021few,
  title={Few-Shot Graph Learning for Molecular Property Prediction},
  author={Guo, Zhichun and Zhang, Chuxu and Yu, Wenhao and Herr, John and Wiest, Olaf and Jiang, Meng and Chawla, Nitesh V},
  booktitle={The Web Conference 2021-Proceedings of the World Wide Web Conference, WWW 2021},
  pages={2559--2567},
  year={2021},
  organization={ACM}
}

@inproceedings{hu2020strategies,
  title={Strategies For Pre-training Graph Neural Networks},
  author={Hu, W and Liu, B and Gomes, J and Zitnik, M and Liang, P and Pande, V and Leskovec, J},
  booktitle={International Conference on Learning Representations (ICLR)},
  year={2020}
}

@inproceedings{li2019lgm,
  title={LGM-Net: Learning to generate matching networks for few-shot learning},
  author={Li, Huaiyu and Dong, Weiming and Mei, Xing and Ma, Chongyang and Huang, Feiyue and Hu, Bao-Gang},
  booktitle={International conference on machine learning},
  pages={3825--3834},
  year={2019},
  organization={PMLR}
}

@article{liu2024moleculargpt,
  title={MolecularGPT: Open Large Language Model (LLM) for Few-Shot Molecular Property Prediction},
  author={Liu, Yuyan and Ding, Sirui and Zhou, Sheng and Fan, Wenqi and Tan, Qiaoyu},
  journal={arXiv preprint arXiv:2406.12950},
  year={2024}
}

@article{lv2024meta,
  title={Meta-MolNet: A Cross-Domain Benchmark for Few Examples Drug Discovery},
  author={Lv, Qiujie and Chen, Guanxing and Yang, Ziduo and Zhong, Weihe and Chen, Calvin Yu-Chian},
  journal={IEEE Transactions on Neural Networks and Learning Systems},
  year={2024},
  publisher={IEEE}
}

@article{mai2019attentive,
  title={Attentive matching network for few-shot learning},
  author={Mai, Sijie and Hu, Haifeng and Xu, Jia},
  journal={Computer Vision and Image Understanding},
  volume={187},
  pages={102781},
  year={2019},
  publisher={Elsevier}
}

@inproceedings{ren2018meta,
  title={Meta-Learning for Semi-Supervised Few-Shot Classification},
  author={Ren, Mengye and Triantafillou, Eleni and Ravi, Sachin and Snell, Jake and Swersky, Kevin and Tenenbaum, Joshua B and Larochelle, Hugo and Zemel, Richard S},
  booktitle={International Conference on Learning Representations},
  year={2018}
}

@article{snell2017prototypical,
  title={Prototypical networks for few-shot learning},
  author={Snell, Jake and Swersky, Kevin and Zemel, Richard},
  journal={Advances in neural information processing systems},
  volume={30},
  year={2017}
}

@inproceedings{sung2018learning,
  title={Learning to compare: Relation network for few-shot learning},
  author={Sung, Flood and Yang, Yongxin and Zhang, Li and Xiang, Tao and Torr, Philip HS and Hospedales, Timothy M},
  booktitle={Proceedings of the IEEE conference on computer vision and pattern recognition},
  pages={1199--1208},
  year={2018}
}

@inproceedings{velivckovic2018graph,
  title={Graph Attention Networks},
  author={Veli{\v{c}}kovi{\'c}, Petar and Cucurull, Guillem and Casanova, Arantxa and Romero, Adriana and Li{\`o}, Pietro and Bengio, Yoshua},
  booktitle={International Conference on Learning Representations},
  year={2018}
}

@article{vinyals2016matching,
  title={Matching networks for one shot learning},
  author={Vinyals, Oriol and Blundell, Charles and Lillicrap, Timothy and Wierstra, Daan and others},
  journal={Advances in neural information processing systems},
  volume={29},
  year={2016}
}

@article{zhao2023gimlet,
  title={Gimlet: A unified graph-text model for instruction-based molecule zero-shot learning},
  author={Zhao, Haiteng and Liu, Shengchao and Chang, Ma and Xu, Hannan and Fu, Jie and Deng, Zhihong and Kong, Lingpeng and Liu, Qi},
  journal={Advances in Neural Information Processing Systems},
  volume={36},
  pages={5850--5887},
  year={2023}
}

@inproceedings{zheng2022few,
  title={Few-shot action recognition with hierarchical matching and contrastive learning},
  author={Zheng, Sipeng and Chen, Shizhe and Jin, Qin},
  booktitle={European Conference on Computer Vision},
  pages={297--313},
  year={2022},
  organization={Springer}
}

@article{zhong2023self,
  title={Self-similarity feature based few-shot learning via hierarchical relation network},
  author={Zhong, Yangqing and Su, Yuling and Zhao, Hong},
  journal={International Journal of Machine Learning and Cybernetics},
  volume={14},
  number={12},
  pages={4237--4249},
  year={2023},
  publisher={Springer}
}

@article{zhuang2023graph,
  title={Graph sampling-based meta-learning for molecular property prediction},
  author={Zhuang, Xiang and Zhang, Qiang and Wu, Bin and Ding, Keyan and Fang, Yin and Chen, Huajun},
  journal={arXiv preprint arXiv:2306.16780},
  year={2023}
}

