@incollection{Bengio+chapter2007,
author = {Bengio, Yoshua and LeCun, Yann},
booktitle = {Large Scale Kernel Machines},
publisher = {MIT Press},
title = {Scaling Learning Algorithms Towards {AI}},
year = {2007}
}

@article{Hinton06,
author = {Hinton, Geoffrey E. and Osindero, Simon and Teh, Yee Whye},
journal = {Neural Computation},
pages = {1527--1554},
title = {A Fast Learning Algorithm for Deep Belief Nets},
volume = {18},
year = {2006}
}

@book{goodfellow2016deep,
title={Deep learning},
author={Goodfellow, Ian and Bengio, Yoshua and Courville, Aaron and Bengio, Yoshua},
volume={1},
year={2016},
publisher={MIT Press}
}


%% drug discovery 
@article{atanasov2021natural,
  title={Natural products in drug discovery: advances and opportunities},
  author={Atanasov, Atanas G and Zotchev, Sergey B and Dirsch, Verena M and Supuran, Claudiu T},
  journal={Nature reviews Drug discovery},
  volume={20},
  number={3},
  pages={200--216},
  year={2021},
  publisher={Nature Publishing Group}
} 

@article{moffat2017opportunities,
  title={Opportunities and challenges in phenotypic drug discovery: an industry perspective},
  author={Moffat, John G and Vincent, Fabien and Lee, Jonathan A and Eder, J{\"o}rg and Prunotto, Marco},
  journal={Nature reviews Drug discovery},
  volume={16},
  number={8},
  pages={531--543},
  year={2017},
  publisher={Nature Publishing Group UK London}
}


%% AIDD 
@article{choudhury2022structure,
  title={Structure-based drug repurposing: Traditional and advanced AI/ML-aided methods},
  author={Choudhury, Chinmayee and Murugan, N Arul and Priyakumar, U Deva},
  journal={Drug Discovery Today},
  volume={27},
  number={7},
  pages={1847--1861},
  year={2022},
  publisher={Elsevier}
}

@article{mullowney2023artificial,
  title={Artificial intelligence for natural product drug discovery},
  author={Mullowney, Michael W and Duncan, Katherine R and Elsayed, Somayah S and Garg, Neha and van der Hooft, Justin JJ and Martin, Nathaniel I and Meijer, David and Terlouw, Barbara R and Biermann, Friederike and Blin, Kai and others},
  journal={Nature Reviews Drug Discovery},
  volume={22},
  number={11},
  pages={895--916},
  year={2023},
  publisher={Nature Publishing Group UK London}
}

@article{lecun2015deep,
  title={Deep learning},
  author={LeCun, Yann and Bengio, Yoshua and Hinton, Geoffrey},
  journal={nature},
  volume={521},
  number={7553},
  pages={436--444},
  year={2015},
  publisher={Nature Publishing Group UK London}
}


%%  molecular property prediction 
@article{wang2022molecular,
  title={Molecular contrastive learning of representations via graph neural networks},
  author={Wang, Yuyang and Wang, Jianren and Cao, Zhonglin and Barati Farimani, Amir},
  journal={Nature Machine Intelligence},
  volume={4},
  number={3},
  pages={279--287},
  year={2022},
  publisher={Nature Publishing Group UK London}
}

@article{fang2023knowledge,
  title={Knowledge graph-enhanced molecular contrastive learning with functional prompt},
  author={Fang, Yin and Zhang, Qiang and Zhang, Ningyu and Chen, Zhuo and Zhuang, Xiang and Shao, Xin and Fan, Xiaohui and Chen, Huajun},
  journal={Nature Machine Intelligence},
  pages={1--12},
  year={2023},
  publisher={Nature Publishing Group UK London}
}

@inproceedings{
  zhou2023unimol,
  title={Uni-Mol: A Universal 3D Molecular Representation Learning Framework},
  author={Gengmo Zhou and Zhifeng Gao and Qiankun Ding and Hang Zheng and Hongteng Xu and Zhewei Wei and Linfeng Zhang and Guolin Ke},
  booktitle={The Eleventh International Conference on Learning Representations },
  year={2023},
  url={https://openreview.net/forum?id=6K2RM6wVqKu}
}

@inproceedings{
stark20223d,
title={3D Infomax improves {GNN}s for Molecular Property Prediction},
author={Hannes St{\"a}rk and Dominique Beaini and Gabriele Corso and Prudencio Tossou and Christian Dallago and Stephan G{\"u}nnemann and Pietro Lio},
booktitle={NeurIPS 2021 AI for Science Workshop},
year={2021},
url={https://openreview.net/forum?id=8K23ZyTIKuF}
}

%% FSL in MPP   

@article{altae2017low,
  title={Low data drug discovery with one-shot learning},
  author={Altae-Tran, Han and Ramsundar, Bharath and Pappu, Aneesh S and Pande, Vijay},
  journal={ACS central science},
  volume={3},
  number={4},
  pages={283--293},
  year={2017},
  publisher={ACS Publications}
}


@inproceedings{guo2021few,
  title={Few-Shot Graph Learning for Molecular Property Prediction},
  author={Guo, Zhichun and Zhang, Chuxu and Yu, Wenhao and Herr, John and Wiest, Olaf and Jiang, Meng and Chawla, Nitesh V},
  booktitle={The Web Conference 2021-Proceedings of the World Wide Web Conference, WWW 2021},
  pages={2559--2567},
  year={2021},
  organization={ACM}
}

@inproceedings{finn2017model,
  title={Model-agnostic meta-learning for fast adaptation of deep networks},
  author={Finn, Chelsea and Abbeel, Pieter and Levine, Sergey},
  booktitle={International conference on machine learning},
  pages={1126--1135},
  year={2017},
  organization={PMLR}
}

@inproceedings{
chen2023metalearning,
title={Meta-learning Adaptive Deep Kernel Gaussian Processes for Molecular Property Prediction},
author={Wenlin Chen and Austin Tripp and Jos{\'e} Miguel Hern{\'a}ndez-Lobato},
booktitle={The Eleventh International Conference on Learning Representations },
year={2023},
url={https://openreview.net/forum?id=KXRSh0sdVTP}
}

%% distribution shift 
@inproceedings{
yang2021free,
title={Free Lunch for Few-shot Learning:  Distribution Calibration},
author={Shuo Yang and Lu Liu and Min Xu},
booktitle={International Conference on Learning Representations},
year={2021},
url={https://openreview.net/forum?id=JWOiYxMG92s}
}

@article{yang2021bridging,
  title={Bridging the gap between few-shot and many-shot learning via distribution calibration},
  author={Yang, Shuo and Wu, Songhua and Liu, Tongliang and Xu, Min},
  journal={IEEE Transactions on Pattern Analysis and Machine Intelligence},
  volume={44},
  number={12},
  pages={9830--9843},
  year={2021},
  publisher={IEEE}
}

%% sample select bias 
@article{fan2022debiased,
  title={Debiased graph neural networks with agnostic label selection bias},
  author={Fan, Shaohua and Wang, Xiao and Shi, Chuan and Kuang, Kun and Liu, Nian and Wang, Bai},
  journal={IEEE transactions on neural networks and learning systems},
  year={2022},
  publisher={IEEE}
}

@inproceedings{zadrozny2004learning,
  title={Learning and evaluating classifiers under sample selection bias},
  author={Zadrozny, Bianca},
  booktitle={Proceedings of the twenty-first international conference on Machine learning},
  pages={114},
  year={2004}
}
xu2022alleviating

@inproceedings{
xu2022alleviating,
title={Alleviating the Sample Selection Bias in Few-shot Learning by Removing Projection to the Centroid},
author={Jing Xu and Xu Luo and Xinglin Pan and Yanan Li and Wenjie Pei and Zenglin Xu},
booktitle={Advances in Neural Information Processing Systems},
editor={Alice H. Oh and Alekh Agarwal and Danielle Belgrave and Kyunghyun Cho},
year={2022},
url={https://openreview.net/forum?id=EwLChH1fJJK}
}
%% method 

@inproceedings{
han2021transformer,
title={Transformer in Transformer},
author={Kai Han and An Xiao and Enhua Wu and Jianyuan Guo and Chunjing Xu and Yunhe Wang},
booktitle={Advances in Neural Information Processing Systems},
editor={A. Beygelzimer and Y. Dauphin and P. Liang and J. Wortman Vaughan},
year={2021},
url={https://openreview.net/forum?id=iFODavhthGZ}
}

@inproceedings{chen2021transformer,
  title={Transformer tracking},
  author={Chen, Xin and Yan, Bin and Zhu, Jiawen and Wang, Dong and Yang, Xiaoyun and Lu, Huchuan},
  booktitle={Proceedings of the IEEE/CVF conference on computer vision and pattern recognition},
  pages={8126--8135},
  year={2021}
}

%% similarity function 
@inproceedings{koch2015siamese,
  title={Siamese neural networks for one-shot image recognition},
  author={Koch, Gregory and Zemel, Richard and Salakhutdinov, Ruslan and others},
  booktitle={ICML deep learning workshop},
  volume={2},
  number={1},
  year={2015},
  organization={Lille}
}

% SIMLES
@article{weininger1988smiles,
  title={SMILES, a chemical language and information system. 1. Introduction to methodology and encoding rules},
  author={Weininger, David},
  journal={Journal of chemical information and computer sciences},
  volume={28},
  number={1},
  pages={31--36},
  year={1988},
  publisher={ACS Publications}
} 

@article{winter2019learning,
  title={Learning continuous and data-driven molecular descriptors by translating equivalent chemical representations},
  author={Winter, Robin and Montanari, Floriane and No{\'e}, Frank and Clevert, Djork-Arn{\'e}},
  journal={Chemical science},
  volume={10},
  number={6},
  pages={1692--1701},
  year={2019},
  publisher={Royal Society of Chemistry}
}


$ descriptors
@article{bender2004similarity,
  title={Similarity searching of chemical databases using atom environment descriptors (MOLPRINT 2D): evaluation of performance},
  author={Bender, Andreas and Mussa, Hamse Y and Glen, Robert C and Reiling, Stephan},
  journal={Journal of chemical information and computer sciences},
  volume={44},
  number={5},
  pages={1708--1718},
  year={2004},
  publisher={ACS Publications}
}

@inproceedings{unterthiner2014deep,
  title={Deep learning as an opportunity in virtual screening},
  author={Unterthiner, Thomas and Mayr, Andreas and Klambauer, G{\"u}nter and Steijaert, Marvin and Wegner, J{\"o}rg K and Ceulemans, Hugo and Hochreiter, Sepp},
  booktitle={Proceedings of the deep learning workshop at NIPS},
  volume={27},
  pages={1--9},
  year={2014}
}

%% fingerprint 
@article{rogers2010extended,
  title={Extended-connectivity fingerprints},
  author={Rogers, David and Hahn, Mathew},
  journal={Journal of chemical information and modeling},
  volume={50},
  number={5},
  pages={742--754},
  year={2010},
  publisher={ACS Publications}
}

@article{glen2006circular,
  title={Circular fingerprints: flexible molecular descriptors with applications from physical chemistry to ADME},
  author={Glen, Robert C and Bender, Andreas and Arnby, Catrin H and Carlsson, Lars and Boyer, Scott and Smith, James},
  journal={IDrugs},
  volume={9},
  number={3},
  pages={199},
  year={2006},
  publisher={Thomson Scientific}
}

%% molecular graph 
@article{merk2018novo,
  title={De Novo Design of Bioactive Small Molecules by Artificial Intelligence.},
  author={Merk, D and Friedrich, L and Grisoni, F and Schneider, G},
  journal={Molecular informatics},
  year={2018}
}

@article{kearnes2016molecular,
  title={Molecular graph convolutions: moving beyond fingerprints},
  author={Kearnes, Steven and McCloskey, Kevin and Berndl, Marc and Pande, Vijay and Riley, Patrick},
  journal={Journal of computer-aided molecular design},
  volume={30},
  pages={595--608},
  year={2016},
  publisher={Springer}
}

@article{yang2019analyzing,
  title={Analyzing learned molecular representations for property prediction},
  author={Yang, Kevin and Swanson, Kyle and Jin, Wengong and Coley, Connor and Eiden, Philipp and Gao, Hua and Guzman-Perez, Angel and Hopper, Timothy and Kelley, Brian and Mathea, Miriam and others},
  journal={Journal of chemical information and modeling},
  volume={59},
  number={8},
  pages={3370--3388},
  year={2019},
  publisher={ACS Publications}
}

@article{jiang2021could,
  title={Could graph neural networks learn better molecular representation for drug discovery? A comparison study of descriptor-based and graph-based models},
  author={Jiang, Dejun and Wu, Zhenxing and Hsieh, Chang-Yu and Chen, Guangyong and Liao, Ben and Wang, Zhe and Shen, Chao and Cao, Dongsheng and Wu, Jian and Hou, Tingjun},
  journal={Journal of cheminformatics},
  volume={13},
  number={1},
  pages={1--23},
  year={2021},
  publisher={BioMed Central}
}

%% experiment 

%% set up 
@article{klambauer2017self,
  title={Self-normalizing neural networks},
  author={Klambauer, G{\"u}nter and Unterthiner, Thomas and Mayr, Andreas and Hochreiter, Sepp},
  journal={Advances in neural information processing systems},
  volume={30},
  year={2017}
}

@inproceedings{
    stanley2021fsmol,
    title={{FS}-Mol: A Few-Shot Learning Dataset of Molecules},
    author={Megan Stanley and John F Bronskill and Krzysztof Maziarz and Hubert Misztela and Jessica Lanini and Marwin Segler and Nadine Schneider and Marc Brockschmidt},
    booktitle={Thirty-fifth Conference on Neural Information Processing Systems Datasets and Benchmarks Track (Round 2)},
    year={2021},
    url={https://openreview.net/forum?id=701FtuyLlAd}
}

@article{maziarka2020molecule,
  title={Molecule attention transformer},
  author={Maziarka, {\L}ukasz and Danel, Tomasz and Mucha, S{\l}awomir and Rataj, Krzysztof and Tabor, Jacek and Jastrz{\k{e}}bski, Stanis{\l}aw},
  journal={arXiv preprint arXiv:2002.08264},
  year={2020}
}

@article{breiman2001random,
  title={Random forests},
  author={Breiman, Leo},
  journal={Machine learning},
  volume={45},
  pages={5--32},
  year={2001},
  publisher={Springer}
}


@article{paszke2019pytorch,
  title={Pytorch: An imperative style, high-performance deep learning library},
  author={Paszke, Adam and Gross, Sam and Massa, Francisco and Lerer, Adam and Bradbury, James and Chanan, Gregory and Killeen, Trevor and Lin, Zeming and Gimelshein, Natalia and Antiga, Luca and others},
  journal={Advances in neural information processing systems},
  volume={32},
  year={2019}
}
@inproceedings{
    wang2021propertyaware,
    title={Property-Aware Relation Networks for Few-Shot Molecular Property Prediction},
    author={Yaqing Wang and ABULIKEMU ABUDUWEILI and quanming yao and Dejing Dou},
    booktitle={Advances in Neural Information Processing Systems},
    editor={A. Beygelzimer and Y. Dauphin and P. Liang and J. Wortman Vaughan},
    year={2021},
    url={https://openreview.net/forum?id=vGjTOxss-Dl}
}

@article{snell2017prototypical,
  title={Prototypical networks for few-shot learning},
  author={Snell, Jake and Swersky, Kevin and Zemel, Richard},
  journal={Advances in neural information processing systems},
  volume={30},
  year={2017}
}

@inproceedings{
schimunek2023contextenriched,
title={Context-enriched molecule representations improve few-shot drug discovery},
author={Johannes Schimunek and Philipp Seidl and Lukas Friedrich and Daniel Kuhn and Friedrich Rippmann and Sepp Hochreiter and G{\"u}nter Klambauer},
booktitle={The Eleventh International Conference on Learning Representations },
year={2023},
url={https://openreview.net/forum?id=XrMWUuEevr}
}
@InProceedings{KingBa15,
  author    = {Kingma, Diederik and Ba, Jimmy},
  booktitle = {International Conference on Learning Representations (ICLR)},
  title     = {Adam: A Method for Stochastic Optimization},
  year      = {2015},
  address   = {San Diega, CA, USA},
  optmonth  = {12},
}

%% Tox21 
@article{richard2020tox21,
  title={The Tox21 10K compound library: collaborative chemistry advancing toxicology},
  author={Richard, Ann M and Huang, Ruili and Waidyanatha, Suramya and Shinn, Paul and Collins, Bradley J and Thillainadarajah, Inthirany and Grulke, Christopher M and Williams, Antony J and Lougee, Ryan R and Judson, Richard S and others},
  journal={Chemical Research in Toxicology},
  volume={34},
  number={2},
  pages={189--216},
  year={2020},
  publisher={ACS Publications}
}

@article{mayr2016deeptox,
  title={DeepTox: toxicity prediction using deep learning},
  author={Mayr, Andreas and Klambauer, G{\"u}nter and Unterthiner, Thomas and Hochreiter, Sepp},
  journal={Frontiers in Environmental Science},
  volume={3},
  pages={80},
  year={2016},
  publisher={Frontiers Media SA}
}

%% QSAR 
@article{tropsha2023integrating,
  title={Integrating QSAR modelling and deep learning in drug discovery: the emergence of deep QSAR},
  author={Tropsha, Alexander and Isayev, Olexandr and Varnek, Alexandre and Schneider, Gisbert and Cherkasov, Artem},
  journal={Nature Reviews Drug Discovery},
  pages={1--15},
  year={2023},
  publisher={Nature Publishing Group UK London}
}

%% introduction 
@article{li2021mol,
  title={Mol-BERT: an effective molecular representation with BERT for molecular property prediction},
  author={Li, Juncai and Jiang, Xiaofei},
  journal={Wireless Communications and Mobile Computing},
  volume={2021},
  pages={1--7},
  year={2021},
  publisher={Hindawi Limited}
}

@inproceedings{yu2022molecular,
  title={Molecular representation learning via heterogeneous motif graph neural networks},
  author={Yu, Zhaoning and Gao, Hongyang},
  booktitle={International Conference on Machine Learning},
  pages={25581--25594},
  year={2022},
  organization={PMLR}
}

@inproceedings{kipf2016semi,
  title={Semi-Supervised Classification with Graph Convolutional Networks},
  author={Kipf, Thomas N and Welling, Max},
  booktitle={International Conference on Learning Representations},
  year={2016}
}

@inproceedings{velivckovic2018graph,
  title={Graph Attention Networks},
  author={Veli{\v{c}}kovi{\'c}, Petar and Cucurull, Guillem and Casanova, Arantxa and Romero, Adriana and Li{\`o}, Pietro and Bengio, Yoshua},
  booktitle={International Conference on Learning Representations},
  year={2018}
}

@inproceedings{
xu2018how,
title={How Powerful are Graph Neural Networks?},
author={Keyulu Xu and Weihua Hu and Jure Leskovec and Stefanie Jegelka},
booktitle={International Conference on Learning Representations},
year={2019},
url={https://openreview.net/forum?id=ryGs6iA5Km},
}

@article{duvenaud2015convolutional,
  title={Convolutional networks on graphs for learning molecular fingerprints},
  author={Duvenaud, David K and Maclaurin, Dougal and Iparraguirre, Jorge and Bombarell, Rafael and Hirzel, Timothy and Aspuru-Guzik, Al{\'a}n and Adams, Ryan P},
  journal={Advances in neural information processing systems},
  volume={28},
  year={2015}
}

@article{vaswani2017attention,
  title={Attention is all you need},
  author={Vaswani, Ashish and Shazeer, Noam and Parmar, Niki and Uszkoreit, Jakob and Jones, Llion and Gomez, Aidan N and Kaiser, {\L}ukasz and Polosukhin, Illia},
  journal={Advances in neural information processing systems},
  volume={30},
  year={2017}
}

@article{huang2006correcting,
  title={Correcting sample selection bias by unlabeled data},
  author={Huang, Jiayuan and Gretton, Arthur and Borgwardt, Karsten and Sch{\"o}lkopf, Bernhard and Smola, Alex},
  journal={Advances in neural information processing systems},
  volume={19},
  year={2006}
}

@inproceedings{fei2021z,
  title={Z-score normalization, hubness, and few-shot learning},
  author={Fei, Nanyi and Gao, Yizhao and Lu, Zhiwu and Xiang, Tao},
  booktitle={Proceedings of the IEEE/CVF International Conference on Computer Vision},
  pages={142--151},
  year={2021}
}

@article{Wang2019SimpleShotRN,
  title={SimpleShot: Revisiting Nearest-Neighbor Classification for Few-Shot Learning},
  author={Yan Wang and Wei-Lun Chao and Kilian Q. Weinberger and Laurens van der Maaten},
  journal={ArXiv},
  year={2019},
  volume={abs/1911.04623},
  url={https://api.semanticscholar.org/CorpusID:207863469}
}

@article{li2024contextual,
  title={Contextual Representation Anchor Network to Alleviate Selection Bias in Few-Shot Drug Discovery},
  author={Li, Ruifeng and Liu, Wei and Zhou, Xiangxin and Li, Mingqian and Zhang, Qiang and Chen, Hongyang and Lin, Xuemin},
  journal={arXiv preprint arXiv:2410.20711},
  year={2024}
}

@inproceedings{nguyen2020sen,
  title={Sen: A novel feature normalization dissimilarity measure for prototypical few-shot learning networks},
  author={Nguyen, Van Nhan and L{\o}kse, Sigurd and Wickstr{\o}m, Kristoffer and Kampffmeyer, Michael and Roverso, Davide and Jenssen, Robert},
  booktitle={Computer Vision--ECCV 2020: 16th European Conference, Glasgow, UK, August 23--28, 2020, Proceedings, Part XXIII 16},
  pages={118--134},
  year={2020},
  organization={Springer}
}

@inproceedings{tao2022powering,
  title={Powering finetuning in few-shot learning: Domain-agnostic bias reduction with selected sampling},
  author={Tao, Ran and Zhang, Han and Zheng, Yutong and Savvides, Marios},
  booktitle={Proceedings of the AAAI Conference on Artificial Intelligence},
  volume={36},
  number={8},
  pages={8467--8475},
  year={2022}
}


%% semi-supervised learning 
@inproceedings{ren2018meta,
  title={Meta-Learning for Semi-Supervised Few-Shot Classification},
  author={Ren, Mengye and Triantafillou, Eleni and Ravi, Sachin and Snell, Jake and Swersky, Kevin and Tenenbaum, Joshua B and Larochelle, Hugo and Zemel, Richard S},
  booktitle={International Conference on Learning Representations},
  year={2018}
}

@inproceedings{ayyad2021semi,
  title={Semi-supervised few-shot learning with prototypical random walks},
  author={Ayyad, Ahmed and Li, Yuchen and Muaz, Raden and Albarqouni, Shadi and Elhoseiny, Mohamed},
  booktitle={AAAI Workshop on Meta-Learning and MetaDL Challenge},
  pages={45--57},
  year={2021},
  organization={PMLR}
}

@inproceedings{ling2022semi,
  title={Semi-supervised few-shot learning via multi-factor clustering},
  author={Ling, Jie and Liao, Lei and Yang, Meng and Shuai, Jia},
  booktitle={Proceedings of the IEEE/CVF Conference on Computer Vision and Pattern Recognition},
  pages={14564--14573},
  year={2022}
}

@article{zhang2022sample,
  title={Sample-centric feature generation for semi-supervised few-shot learning},
  author={Zhang, Bo and Ye, Hancheng and Yu, Gang and Wang, Bin and Wu, Yike and Fan, Jiayuan and Chen, Tao},
  journal={IEEE Transactions on Image Processing},
  volume={31},
  pages={2309--2320},
  year={2022},
  publisher={IEEE}
}

@inproceedings{huang2021pseudo,
  title={Pseudo-loss confidence metric for semi-supervised few-shot learning},
  author={Huang, Kai and Geng, Jie and Jiang, Wen and Deng, Xinyang and Xu, Zhe},
  booktitle={Proceedings of the IEEE/CVF international conference on computer vision},
  pages={8671--8680},
  year={2021}
}

@article{cui2023uncertainty,
  title={Uncertainty-aware distillation for semi-supervised few-shot class-incremental learning},
  author={Cui, Yawen and Deng, Wanxia and Chen, Haoyu and Liu, Li},
  journal={IEEE Transactions on Neural Networks and Learning Systems},
  year={2023},
  publisher={IEEE}
}


@article{zhang2021fragat,
  title={FraGAT: a fragment-oriented multi-scale graph attention model for molecular property prediction},
  author={Zhang, Ziqiao and Guan, Jihong and Zhou, Shuigeng},
  journal={Bioinformatics},
  volume={37},
  number={18},
  pages={2981--2987},
  year={2021},
  publisher={Oxford University Press}
}

@article{zang2023hierarchical,
  title={Hierarchical molecular graph self-supervised learning for property prediction},
  author={Zang, Xuan and Zhao, Xianbing and Tang, Buzhou},
  journal={Communications Chemistry},
  volume={6},
  number={1},
  pages={34},
  year={2023},
  publisher={Nature Publishing Group UK London}
}

@article{zhang2021motif,
  title={Motif-based graph self-supervised learning for molecular property prediction},
  author={Zhang, Zaixi and Liu, Qi and Wang, Hao and Lu, Chengqiang and Lee, Chee-Kong},
  journal={Advances in Neural Information Processing Systems},
  volume={34},
  pages={15870--15882},
  year={2021},
  url={https://openreview.net/forum?id=to9OkIFYyC}
}

@inproceedings{
kipf2017semisupervised,
title={Semi-Supervised Classification with Graph Convolutional Networks},
author={Thomas N. Kipf and Max Welling},
booktitle={International Conference on Learning Representations},
year={2017},
url={https://openreview.net/forum?id=SJU4ayYgl}
}

@inproceedings{song2020communicative,
  title={Communicative Representation Learning on Attributed Molecular Graphs.},
  author={Song, Ying and Zheng, Shuangjia and Niu, Zhangming and Fu, Zhang-Hua and Lu, Yutong and Yang, Yuedong},
  booktitle={IJCAI},
  volume={2020},
  pages={2831--2838},
  year={2020}
}

@inproceedings{gilmer2017neural,
  title={Neural message passing for quantum chemistry},
  author={Gilmer, Justin and Schoenholz, Samuel S and Riley, Patrick F and Vinyals, Oriol and Dahl, George E},
  booktitle={International conference on machine learning},
  pages={1263--1272},
  year={2017},
  organization={PMLR}
}

@inproceedings{hu2020strategies,
  title={Strategies For Pre-training Graph Neural Networks},
  author={Hu, W and Liu, B and Gomes, J and Zitnik, M and Liang, P and Pande, V and Leskovec, J},
  booktitle={International Conference on Learning Representations (ICLR)},
  year={2020}
}

@article{vinyals2016matching,
  title={Matching networks for one shot learning},
  author={Vinyals, Oriol and Blundell, Charles and Lillicrap, Timothy and Wierstra, Daan and others},
  journal={Advances in neural information processing systems},
  volume={29},
  year={2016}
}


@article{liu2018learning,
  title={Learning to propagate labels: Transductive propagation network for few-shot learning},
  author={Liu, Yanbin and Lee, Juho and Park, Minseop and Kim, Saehoon and Yang, Eunho and Hwang, Sung Ju and Yang, Yi},
  journal={arXiv preprint arXiv:1805.10002},
  year={2018}
}

@inproceedings{kim2019edge,
  title={Edge-labeling graph neural network for few-shot learning},
  author={Kim, Jongmin and Kim, Taesup and Kim, Sungwoong and Yoo, Chang D},
  booktitle={Proceedings of the IEEE/CVF conference on computer vision and pattern recognition},
  pages={11--20},
  year={2019}
}

@article{wu2018moleculenet,
  title={MoleculeNet: a benchmark for molecular machine learning},
  author={Wu, Zhenqin and Ramsundar, Bharath and Feinberg, Evan N and Gomes, Joseph and Geniesse, Caleb and Pappu, Aneesh S and Leswing, Karl and Pande, Vijay},
  journal={Chemical science},
  volume={9},
  number={2},
  pages={513--530},
  year={2018},
  publisher={Royal Society of Chemistry}
}

@article{ralaivola2005graph,
  title={Graph kernels for chemical informatics},
  author={Ralaivola, Liva and Swamidass, Sanjay J and Saigo, Hiroto and Baldi, Pierre},
  journal={Neural networks},
  volume={18},
  number={8},
  pages={1093--1110},
  year={2005},
  publisher={Elsevier}
}

@article{lv2024meta,
  title={Meta-MolNet: A Cross-Domain Benchmark for Few Examples Drug Discovery},
  author={Lv, Qiujie and Chen, Guanxing and Yang, Ziduo and Zhong, Weihe and Chen, Calvin Yu-Chian},
  journal={IEEE Transactions on Neural Networks and Learning Systems},
  year={2024},
  publisher={IEEE}
}

@article{bao2016lbsizecleav,
  title={LBSizeCleav: improved support vector machine (SVM)-based prediction of Dicer cleavage sites using loop/bulge length},
  author={Bao, Yu and Hayashida, Morihiro and Akutsu, Tatsuya},
  journal={BMC bioinformatics},
  volume={17},
  pages={1--11},
  year={2016},
  publisher={Springer}
}

@article{deng2021xgraphboost,
  title={XGraphBoost: extracting graph neural network-based features for a better prediction of molecular properties},
  author={Deng, Daiguo and Chen, Xiaowei and Zhang, Ruochi and Lei, Zengrong and Wang, Xiaojian and Zhou, Fengfeng},
  journal={Journal of chemical information and modeling},
  volume={61},
  number={6},
  pages={2697--2705},
  year={2021},
  publisher={ACS Publications}
}

@article{fabris2018new,
  title={A new approach for interpreting random forest models and its application to the biology of ageing},
  author={Fabris, Fabio and Doherty, Aoife and Palmer, Daniel and de Magalhaes, Joao Pedro and Freitas, Alex A},
  journal={Bioinformatics},
  volume={34},
  number={14},
  pages={2449--2456},
  year={2018},
  publisher={Oxford University Press}
}



@article{xiong2019pushing,
  title={Pushing the boundaries of molecular representation for drug discovery with the graph attention mechanism},
  author={Xiong, Zhaoping and Wang, Dingyan and Liu, Xiaohong and Zhong, Feisheng and Wan, Xiaozhe and Li, Xutong and Li, Zhaojun and Luo, Xiaomin and Chen, Kaixian and Jiang, Hualiang and others},
  journal={Journal of medicinal chemistry},
  volume={63},
  number={16},
  pages={8749--8760},
  year={2019},
  publisher={ACS Publications}
}



@article{fabian2020molecular,
  title={Molecular representation learning with language models and domain-relevant auxiliary tasks},
  author={Fabian, Benedek and Edlich, Thomas and Gaspar, H{\'e}l{\'e}na and Segler, Marwin and Meyers, Joshua and Fiscato, Marco and Ahmed, Mohamed},
  journal={arXiv preprint arXiv:2011.13230},
  year={2020}
}

@article{liu2019n,
  title={N-gram graph: Simple unsupervised representation for graphs, with applications to molecules},
  author={Liu, Shengchao and Demirel, Mehmet F and Liang, Yingyu},
  journal={Advances in neural information processing systems},
  volume={32},
  year={2019}
}

@article{hamilton2017inductive,
  title={Inductive representation learning on large graphs},
  author={Hamilton, Will and Ying, Zhitao and Leskovec, Jure},
  journal={Advances in neural information processing systems},
  volume={30},
  year={2017}
}

@article{10.1093/bib/bbaa266,
    author = {Li, Pengyong and Li, Yuquan and Hsieh, Chang-Yu and Zhang, Shengyu and Liu, Xianggen and Liu, Huanxiang and Song, Sen and Yao, Xiaojun},
    title = "{TrimNet: learning molecular representation from triplet messages for biomedicine}",
    journal = {Briefings in Bioinformatics},
    volume = {22},
    number = {4},
    pages = {bbaa266},
    year = {2020},
    month = {11},
    issn = {1477-4054},
    doi = {10.1093/bib/bbaa266},
    url = {https://doi.org/10.1093/bib/bbaa266},
    eprint = {https://academic.oup.com/bib/article-pdf/22/4/bbaa266/39144778/bbaa266.pdf},
}

@article{10.1093/bib/bbab317,
    author = {Lv, Qiujie and Chen, Guanxing and Zhao, Lu and Zhong, Weihe and Yu-Chian Chen, Calvin},
    title = "{Mol2Context-vec: learning molecular representation from context awareness for drug discovery}",
    journal = {Briefings in Bioinformatics},
    volume = {22},
    number = {6},
    pages = {bbab317},
    year = {2021},
    month = {08},
    doi = {10.1093/bib/bbab317},
    url = {https://doi.org/10.1093/bib/bbab317},
    eprint = {https://academic.oup.com/bib/article-pdf/22/6/bbab317/41090038/bbab317.pdf},
}


%%% drug discovery 
@article{drews2000drug,
  title={Drug discovery: a historical perspective},
  author={Drews, Jurgen},
  journal={science},
  volume={287},
  number={5460},
  pages={1960--1964},
  year={2000},
  publisher={American Association for the Advancement of Science}
}

@article{renaud2016biophysics,
  title={Biophysics in drug discovery: impact, challenges and opportunities},
  author={Renaud, Jean-Paul and Chung, Chun-wa and Danielson, U Helena and Egner, Ursula and Hennig, Michael and Hubbard, Roderick E and Nar, Herbert},
  journal={Nature reviews Drug discovery},
  volume={15},
  number={10},
  pages={679--698},
  year={2016},
  publisher={Nature Publishing Group UK London}
}


%%%% Challenge 
@article{sliwoski2014computational,
  title={Computational methods in drug discovery},
  author={Sliwoski, Gregory and Kothiwale, Sandeepkumar and Meiler, Jens and Lowe, Edward W},
  journal={Pharmacological reviews},
  volume={66},
  number={1},
  pages={334--395},
  year={2014},
  publisher={ASPET}
}

@article{adelusi2022molecular,
  title={Molecular modeling in drug discovery},
  author={Adelusi, Temitope Isaac and Oyedele, Abdul-Quddus Kehinde and Boyenle, Ibrahim Damilare and Ogunlana, Abdeen Tunde and Adeyemi, Rofiat Oluwabusola and Ukachi, Chiamaka Divine and Idris, Mukhtar Oluwaseun and Olaoba, Olamide Tosin and Adedotun, Ibrahim Olaide and Kolawole, Oladipo Elijah and others},
  journal={Informatics in Medicine Unlocked},
  volume={29},
  pages={100880},
  year={2022},
  publisher={Elsevier}
}


%%% AIDD 
@article{mak2023artificial,
  title={Artificial intelligence in drug discovery and development},
  author={Mak, Kit-Kay and Wong, Yi-Hang and Pichika, Mallikarjuna Rao},
  journal={Drug Discovery and Evaluation: Safety and Pharmacokinetic Assays},
  pages={1--38},
  year={2023},
  publisher={Springer}
}

@article{macalino2015role,
  title={Role of computer-aided drug design in modern drug discovery},
  author={Macalino, Stephani Joy Y and Gosu, Vijayakumar and Hong, Sunhye and Choi, Sun},
  journal={Archives of pharmacal research},
  volume={38},
  pages={1686--1701},
  year={2015},
  publisher={Springer}
}

@article{gawehn2016deep,
  title={Deep learning in drug discovery},
  author={Gawehn, Erik and Hiss, Jan A and Schneider, Gisbert},
  journal={Molecular informatics},
  volume={35},
  number={1},
  pages={3--14},
  year={2016},
  publisher={Wiley Online Library}
}

%%% LLM 
@article{savage2023drug,
  title={Drug discovery companies are customizing ChatGPT: here’s how},
  author={Savage, Neil},
  journal={Nat Biotechnol},
  volume={41},
  number={5},
  pages={585--586},
  year={2023}
}

@article{chakraborty2023artificial,
  title={Artificial intelligence enabled ChatGPT and large language models in drug target discovery, drug discovery, and development},
  author={Chakraborty, Chiranjib and Bhattacharya, Manojit and Lee, Sang-Soo},
  journal={Molecular Therapy-Nucleic Acids},
  volume={33},
  pages={866--868},
  year={2023},
  publisher={Elsevier}
}

%%% QSAR 
@article{cherkasov2014qsar,
  title={QSAR modeling: where have you been? Where are you going to?},
  author={Cherkasov, Artem and Muratov, Eugene N and Fourches, Denis and Varnek, Alexandre and Baskin, Igor I and Cronin, Mark and Dearden, John and Gramatica, Paola and Martin, Yvonne C and Todeschini, Roberto and others},
  journal={Journal of medicinal chemistry},
  volume={57},
  number={12},
  pages={4977--5010},
  year={2014},
  publisher={ACS Publications}
}

%%% fingerprint
@article{david2020molecular,
  title={Molecular representations in AI-driven drug discovery: a review and practical guide},
  author={David, Laurianne and Thakkar, Amol and Mercado, Roc{\'\i}o and Engkvist, Ola},
  journal={Journal of Cheminformatics},
  volume={12},
  number={1},
  pages={56},
  year={2020},
  publisher={Springer}
}

%%% these models 

%%%% few-shot learning 
@article{wang2020generalizing,
  title={Generalizing from a few examples: A survey on few-shot learning},
  author={Wang, Yaqing and Yao, Quanming and Kwok, James T and Ni, Lionel M},
  journal={ACM computing surveys (csur)},
  volume={53},
  number={3},
  pages={1--34},
  year={2020},
  publisher={ACM New York, NY, USA}
}

@article{li2023deep,
  title={Deep metric learning for few-shot image classification: A review of recent developments},
  author={Li, Xiaoxu and Yang, Xiaochen and Ma, Zhanyu and Xue, Jing-Hao},
  journal={Pattern Recognition},
  volume={138},
  pages={109381},
  year={2023},
  publisher={Elsevier}
}

@inproceedings{hou2022graphmae,
  title={Graphmae: Self-supervised masked graph autoencoders},
  author={Hou, Zhenyu and Liu, Xiao and Cen, Yukuo and Dong, Yuxiao and Yang, Hongxia and Wang, Chunjie and Tang, Jie},
  booktitle={Proceedings of the 28th ACM SIGKDD Conference on Knowledge Discovery and Data Mining},
  pages={594--604},
  year={2022}
}

%%% pooling methods 
@inproceedings{xu2018representation,
  title={Representation learning on graphs with jumping knowledge networks},
  author={Xu, Keyulu and Li, Chengtao and Tian, Yonglong and Sonobe, Tomohiro and Kawarabayashi, Ken-ichi and Jegelka, Stefanie},
  booktitle={International conference on machine learning},
  pages={5453--5462},
  year={2018},
  organization={PMLR}
}

@article{ying2018hierarchical,
  title={Hierarchical graph representation learning with differentiable pooling},
  author={Ying, Zhitao and You, Jiaxuan and Morris, Christopher and Ren, Xiang and Hamilton, Will and Leskovec, Jure},
  journal={Advances in neural information processing systems},
  volume={31},
  year={2018}
}

@inproceedings{lee2019self,
  title={Self-attention graph pooling},
  author={Lee, Junhyun and Lee, Inyeop and Kang, Jaewoo},
  booktitle={International conference on machine learning},
  pages={3734--3743},
  year={2019},
  organization={PMLR}
}

@inproceedings{ranjan2020asap,
  title={Asap: Adaptive structure aware pooling for learning hierarchical graph representations},
  author={Ranjan, Ekagra and Sanyal, Soumya and Talukdar, Partha},
  booktitle={Proceedings of the AAAI conference on artificial intelligence},
  volume={34},
  number={04},
  pages={5470--5477},
  year={2020}
}

@article{grattarola2022understanding,
  title={Understanding pooling in graph neural networks},
  author={Grattarola, Daniele and Zambon, Daniele and Bianchi, Filippo Maria and Alippi, Cesare},
  journal={IEEE transactions on neural networks and learning systems},
  year={2022},
  publisher={IEEE}
}

@inproceedings{
kim2023universal,
title={Universal Few-shot Learning of Dense Prediction Tasks with Visual Token Matching},
author={Donggyun Kim and Jinwoo Kim and Seongwoong Cho and Chong Luo and Seunghoon Hong},
booktitle={The Eleventh International Conference on Learning Representations },
year={2023},
url={https://openreview.net/forum?id=88nT0j5jAn}
}

@article{rohrer2009maximum,
  title={Maximum unbiased validation (MUV) data sets for virtual screening based on PubChem bioactivity data},
  author={Rohrer, Sebastian G and Baumann, Knut},
  journal={Journal of chemical information and modeling},
  volume={49},
  number={2},
  pages={169--184},
  year={2009},
  publisher={ACS Publications}
}

@article{kuhn2016sider,
  title={The SIDER database of drugs and side effects},
  author={Kuhn, Michael and Letunic, Ivica and Jensen, Lars Juhl and Bork, Peer},
  journal={Nucleic acids research},
  volume={44},
  number={D1},
  pages={D1075--D1079},
  year={2016},
  publisher={Oxford University Press}
}

@article{richard2016toxcast,
  title={ToxCast chemical landscape: paving the road to 21st century toxicology},
  author={Richard, Ann M and Judson, Richard S and Houck, Keith A and Grulke, Christopher M and Volarath, Patra and Thillainadarajah, Inthirany and Yang, Chihae and Rathman, James and Martin, Matthew T and Wambaugh, John F and others},
  journal={Chemical research in toxicology},
  volume={29},
  number={8},
  pages={1225--1251},
  year={2016},
  publisher={ACS Publications}
}

@article{liu2009current,
  title={Current mathematical methods used in QSAR/QSPR studies},
  author={Liu, Peixun and Long, Wei},
  journal={International Journal of Molecular Sciences},
  volume={10},
  number={5},
  pages={1978--1998},
  year={2009},
  publisher={Molecular Diversity Preservation International (MDPI)}
}

@article{kingma2014adam,
  title={Adam: A method for stochastic optimization},
  author={Kingma, Diederik P and Ba, Jimmy},
  journal={arXiv preprint arXiv:1412.6980},
  year={2014}
}

@article{ramsauer2020hopfield,
  title={Hopfield networks is all you need},
  author={Ramsauer, Hubert and Sch{\"a}fl, Bernhard and Lehner, Johannes and Seidl, Philipp and Widrich, Michael and Adler, Thomas and Gruber, Lukas and Holzleitner, Markus and Pavlovi{\'c}, Milena and Sandve, Geir Kjetil and others},
  journal={arXiv preprint arXiv:2008.02217},
  year={2020}
}

@inproceedings{wang2020graph,
  title={Graph few-shot learning with attribute matching},
  author={Wang, Ning and Luo, Minnan and Ding, Kaize and Zhang, Lingling and Li, Jundong and Zheng, Qinghua},
  booktitle={Proceedings of the 29th ACM International Conference on Information \& Knowledge Management},
  pages={1545--1554},
  year={2020}
}

@article{hu2012assignment,
  title={Assignment of EC numbers to enzymatic reactions with reaction difference fingerprints},
  author={Hu, Qian-Nan and Zhu, Hui and Li, Xiaobing and Zhang, Manman and Deng, Zhe and Yang, Xiaoyan and Deng, Zixin},
  journal={PloS one},
  volume={7},
  number={12},
  pages={e52901},
  year={2012},
  publisher={Public Library of Science San Francisco, USA}
}

%%% matching learning 
@inproceedings{sung2018learning,
  title={Learning to compare: Relation network for few-shot learning},
  author={Sung, Flood and Yang, Yongxin and Zhang, Li and Xiang, Tao and Torr, Philip HS and Hospedales, Timothy M},
  booktitle={Proceedings of the IEEE conference on computer vision and pattern recognition},
  pages={1199--1208},
  year={2018}
}

@article{mai2019attentive,
  title={Attentive matching network for few-shot learning},
  author={Mai, Sijie and Hu, Haifeng and Xu, Jia},
  journal={Computer Vision and Image Understanding},
  volume={187},
  pages={102781},
  year={2019},
  publisher={Elsevier}
}

@inproceedings{li2019lgm,
  title={LGM-Net: Learning to generate matching networks for few-shot learning},
  author={Li, Huaiyu and Dong, Weiming and Mei, Xing and Ma, Chongyang and Huang, Feiyue and Hu, Bao-Gang},
  booktitle={International conference on machine learning},
  pages={3825--3834},
  year={2019},
  organization={PMLR}
}

%%% Hierarchical matching 
@article{zhong2023self,
  title={Self-similarity feature based few-shot learning via hierarchical relation network},
  author={Zhong, Yangqing and Su, Yuling and Zhao, Hong},
  journal={International Journal of Machine Learning and Cybernetics},
  volume={14},
  number={12},
  pages={4237--4249},
  year={2023},
  publisher={Springer}
}

@inproceedings{zheng2022few,
  title={Few-shot action recognition with hierarchical matching and contrastive learning},
  author={Zheng, Sipeng and Chen, Shizhe and Jin, Qin},
  booktitle={European Conference on Computer Vision},
  pages={297--313},
  year={2022},
  organization={Springer}
}



@article{fey2019fast,
  title={Fast graph representation learning with PyTorch Geometric},
  author={Fey, Matthias and Lenssen, Jan Eric},
  journal={arXiv preprint arXiv:1903.02428},
  year={2019}
}

@article{devlin2018bert,
  title={Bert: Pre-training of deep bidirectional transformers for language understanding},
  author={Devlin, Jacob and Chang, Ming-Wei and Lee, Kenton and Toutanova, Kristina},
  journal={arXiv preprint arXiv:1810.04805},
  year={2018}
}

@article{loshchilov2017decoupled,
  title={Decoupled weight decay regularization},
  author={Loshchilov, Ilya and Hutter, Frank},
  journal={arXiv preprint arXiv:1711.05101},
  year={2017}
}

@inproceedings{abu2019mixhop,
  title={Mixhop: Higher-order graph convolutional architectures via sparsified neighborhood mixing},
  author={Abu-El-Haija, Sami and Perozzi, Bryan and Kapoor, Amol and Alipourfard, Nazanin and Lerman, Kristina and Harutyunyan, Hrayr and Ver Steeg, Greg and Galstyan, Aram},
  booktitle={international conference on machine learning},
  pages={21--29},
  year={2019},
  organization={PMLR}
}

@article{adler2020cross,
  title={Cross-domain few-shot learning by representation fusion},
  author={Adler, Thomas and Brandstetter, Johannes and Widrich, Michael and Mayr, Andreas and Kreil, David and Kopp, Michael K and Klambauer, G{\"u}nter and Hochreiter, Sepp},
  year={2020}
}

@inproceedings{liu2022pre,
  title={Pre-training Molecular Graph Representation with 3D Geometry},
  author={Liu, Shengchao and Wang, Hanchen and Liu, Weiyang and Lasenby, Joan and Guo, Hongyu and Tang, Jian},
  booktitle={ICLR 2022 Workshop on Geometrical and Topological Representation Learning}
}


@article{liu2024moleculargpt,
  title={MolecularGPT: Open Large Language Model (LLM) for Few-Shot Molecular Property Prediction},
  author={Liu, Yuyan and Ding, Sirui and Zhou, Sheng and Fan, Wenqi and Tan, Qiaoyu},
  journal={arXiv preprint arXiv:2406.12950},
  year={2024}
}

@article{zhao2023gimlet,
  title={Gimlet: A unified graph-text model for instruction-based molecule zero-shot learning},
  author={Zhao, Haiteng and Liu, Shengchao and Chang, Ma and Xu, Hannan and Fu, Jie and Deng, Zhihong and Kong, Lingpeng and Liu, Qi},
  journal={Advances in Neural Information Processing Systems},
  volume={36},
  pages={5850--5887},
  year={2023}
}

@article{srinivas2024cross,
  title={Cross-Modal Learning for Chemistry Property Prediction: Large Language Models Meet Graph Machine Learning},
  author={Srinivas, Sakhinana Sagar and Runkana, Venkataramana},
  journal={arXiv preprint arXiv:2408.14964},
  year={2024}
}

@inproceedings{luo2024learning,
  title={Learning Multi-view Molecular Representations with Structured and Unstructured Knowledge},
  author={Luo, Yizhen and Yang, Kai and Hong, Massimo and Liu, Xing Yi and Nie, Zikun and Zhou, Hao and Nie, Zaiqing},
  booktitle={Proceedings of the 30th ACM SIGKDD Conference on Knowledge Discovery and Data Mining},
  pages={2082--2093},
  year={2024}
}

@article{tang2023mollm,
  title={Mollm: A unified language model to integrate biomedical text with 2d and 3d molecular representations},
  author={Tang, Xiangru and Tran, Andrew and Tan, Jeffrey and Gerstein, Mark B},
  journal={bioRxiv},
  pages={2023--11},
  year={2023},
  publisher={Cold Spring Harbor Laboratory}
}

@article{zhou2020graph,
  title={Graph neural networks: A review of methods and applications},
  author={Zhou, Jie and Cui, Ganqu and Hu, Shengding and Zhang, Zhengyan and Yang, Cheng and Liu, Zhiyuan and Wang, Lifeng and Li, Changcheng and Sun, Maosong},
  journal={AI open},
  volume={1},
  pages={57--81},
  year={2020},
  publisher={Elsevier}
}

@article{zhang2019hierarchical,
  title={Hierarchical graph pooling with structure learning},
  author={Zhang, Zhen and Bu, Jiajun and Ester, Martin and Zhang, Jianfeng and Yao, Chengwei and Yu, Zhi and Wang, Can},
  journal={arXiv preprint arXiv:1911.05954},
  year={2019}
}

@article{zhuang2023graph,
  title={Graph sampling-based meta-learning for molecular property prediction},
  author={Zhuang, Xiang and Zhang, Qiang and Wu, Bin and Ding, Keyan and Fang, Yin and Chen, Huajun},
  journal={arXiv preprint arXiv:2306.16780},
  year={2023}
}


@article{song2023comprehensive,
  title={A comprehensive survey of few-shot learning: Evolution, applications, challenges, and opportunities},
  author={Song, Yisheng and Wang, Ting and Cai, Puyu and Mondal, Subrota K and Sahoo, Jyoti Prakash},
  journal={ACM Computing Surveys},
  volume={55},
  number={13s},
  pages={1--40},
  year={2023},
  publisher={ACM New York, NY}
}

@inproceedings{chen2020measuring,
  title={Measuring and relieving the over-smoothing problem for graph neural networks from the topological view},
  author={Chen, Deli and Lin, Yankai and Li, Wei and Li, Peng and Zhou, Jie and Sun, Xu},
  booktitle={Proceedings of the AAAI conference on artificial intelligence},
  volume={34},
  number={04},
  pages={3438--3445},
  year={2020}
}


@article{kang2024adapting,
  title={Adapting differential molecular representation with hierarchical prompts for multi-label property prediction},
  author={Kang, Linjia and Zhou, Songhua and Fang, Shuyan and Liu, Shichao},
  journal={Briefings in Bioinformatics},
  volume={25},
  number={5},
  pages={bbae438},
  year={2024},
  publisher={Oxford University Press}
}

@article{feng2024unicorn,
  title={UniCorn: A Unified Contrastive Learning Approach for Multi-view Molecular Representation Learning},
  author={Feng, Shikun and Ni, Yuyan and Li, Minghao and Huang, Yanwen and Ma, Zhi-Ming and Ma, Wei-Ying and Lan, Yanyan},
  journal={arXiv preprint arXiv:2405.10343},
  year={2024}
}

@inproceedings{shrikumar2017learning,
  title={Learning important features through propagating activation differences},
  author={Shrikumar, Avanti and Greenside, Peyton and Kundaje, Anshul},
  booktitle={International conference on machine learning},
  pages={3145--3153},
  year={2017},
  organization={PMlR}
}

@article{liu2024kan,
  title={Kan: Kolmogorov-arnold networks},
  author={Liu, Ziming and Wang, Yixuan and Vaidya, Sachin and Ruehle, Fabian and Halverson, James and Solja{\v{c}}i{\'c}, Marin and Hou, Thomas Y and Tegmark, Max},
  journal={arXiv preprint arXiv:2404.19756},
  year={2024}
}