@inproceedings{agrawal2019learning,
  title={Learning in structured mdps with convex cost functions: Improved regret bounds for inventory management},
  author={Agrawal, Shipra and Jia, Randy},
  booktitle={Proceedings of the 2019 ACM Conference on Economics and Computation},
  pages={743--744},
  year={2019}
}

@article{besbes2022exploration,
  title={The exploration-exploitation trade-off in the newsvendor problem},
  author={Besbes, Omar and Chaneton, Juan M and Moallemi, Ciamac C},
  journal={Stochastic Systems},
  volume={12},
  number={4},
  pages={319--339},
  year={2022},
  publisher={INFORMS}
}

@article{bisi2011censored,
  title={A censored-data multiperiod inventory problem with newsvendor demand distributions},
  author={Bisi, Arnab and Dada, Maqbool and Tokdar, Surya},
  journal={Manufacturing \& Service Operations Management},
  volume={13},
  number={4},
  pages={525--533},
  year={2011},
  publisher={INFORMS}
}

@article{chen2010bounds,
  title={Bounds and heuristics for optimal Bayesian inventory control with unobserved lost sales},
  author={Chen, Li},
  journal={Operations research},
  volume={58},
  number={2},
  pages={396--413},
  year={2010},
  publisher={INFORMS}
}

@article{chuang2023bayesian,
  title={Bayesian Inventory Control: Accelerated Demand Learning via Exploration Boosts},
  author={Chuang, Ya-Tang and Kim, Michael Jong},
  journal={Operations Research},
  volume={71},
  number={5},
  pages={1515--1529},
  year={2023},
  publisher={INFORMS}
}

@article{dehoratius2008retail,
  title={Retail inventory management when records are inaccurate},
  author={DeHoratius, Nicole and Mersereau, Adam J and Schrage, Linus},
  journal={Manufacturing \& Service Operations Management},
  volume={10},
  number={2},
  pages={257--277},
  year={2008},
  publisher={INFORMS}
}

@article{ding2024feature,
  title={Feature-based inventory control with censored demand},
  author={Ding, Jingying and Huh, Woonghee Tim and Rong, Ying},
  journal={Manufacturing \& Service Operations Management},
  volume={26},
  number={3},
  pages={1157--1172},
  year={2024},
  publisher={INFORMS}
}

@article{huh2009nonparametric,
  title={A nonparametric asymptotic analysis of inventory planning with censored demand},
  author={Huh, Woonghee Tim and Rusmevichientong, Paat},
  journal={Mathematics of Operations Research},
  volume={34},
  number={1},
  pages={103--123},
  year={2009},
  publisher={INFORMS}
}

@article{kamath2002bayesian,
  title={A Bayesian approach to a dynamic inventory model under an unknown demand distribution},
  author={Kamath, K Rajashree and Pakkala, TPM},
  journal={Computers \& Operations Research},
  volume={29},
  number={4},
  pages={403--422},
  year={2002},
  publisher={Elsevier}
}

@article{russo2014learning,
  title={Learning to optimize via posterior sampling},
  author={Russo, Daniel and Van Roy, Benjamin},
  journal={Mathematics of Operations Research},
  volume={39},
  number={4},
  pages={1221--1243},
  year={2014},
  publisher={INFORMS}
}

@article{russo2016information,
  title={An information-theoretic analysis of thompson sampling},
  author={Russo, Daniel and Van Roy, Benjamin},
  journal={Journal of Machine Learning Research},
  volume={17},
  number={68},
  pages={1--30},
  year={2016}
}

@article{tang2025offline,
  title={Offline feature-based pricing under censored demand: A causal inference approach},
  author={Tang, Jingwen and Qi, Zhengling and Fang, Ethan and Shi, Cong},
  journal={Manufacturing \& Service Operations Management},
  year={2025},
  publisher={INFORMS}
}

