@article{tang2025offline,
  title={Offline feature-based pricing under censored demand: A causal inference approach},
  author={Tang, Jingwen and Qi, Zhengling and Fang, Ethan and Shi, Cong},
  journal={Manufacturing \& Service Operations Management},
  year={2025},
  publisher={INFORMS}
}
@article{ding2024feature,
  title={Feature-based inventory control with censored demand},
  author={Ding, Jingying and Huh, Woonghee Tim and Rong, Ying},
  journal={Manufacturing \& Service Operations Management},
  volume={26},
  number={3},
  pages={1157--1172},
  year={2024},
  publisher={INFORMS}
}

@article{gallego1993distribution,
  title={The distribution free newsboy problem: review and extensions},
  author={Gallego, Guillermo and Moon, Ilkyeong},
  journal={Journal of the Operational Research Society},
  volume={44},
  number={8},
  pages={825--834},
  year={1993},
  publisher={Taylor \& Francis}
}


@article{mersereau2015demand,
  title={Demand estimation from censored observations with inventory record inaccuracy},
  author={Mersereau, Adam J},
  journal={Manufacturing \& Service Operations Management},
  volume={17},
  number={3},
  pages={335--349},
  year={2015},
  publisher={INFORMS}
}
@article{besbes2022exploration,
  title={The exploration-exploitation trade-off in the newsvendor problem},
  author={Besbes, Omar and Chaneton, Juan M and Moallemi, Ciamac C},
  journal={Stochastic Systems},
  volume={12},
  number={4},
  pages={319--339},
  year={2022},
  publisher={INFORMS}
}
@article{raz2013design,
  title={Design for the environment: life-cycle approach using a newsvendor model},
  author={Raz, Gal and Druehl, Cheryl T and Blass, Vered},
  journal={Production and operations management},
  volume={22},
  number={4},
  pages={940--957},
  year={2013},
  publisher={SAGE Publications Sage CA: Los Angeles, CA}
}


@article{fisher1997right,
  title={What is the right supply chain for your product},
  author={Fisher, ML},
  journal={Harvard Business Review},
  year={1997}
}

@book{scarf1957min,
  title={A min-max solution of an inventory problem},
  author={Scarf, Herbert E and Arrow, KJ and Karlin, S},
  year={1957},
  publisher={Rand Corporation Santa Monica}
}


@article{dehoratius2008retail,
  title={Retail inventory management when records are inaccurate},
  author={DeHoratius, Nicole and Mersereau, Adam J and Schrage, Linus},
  journal={Manufacturing \& Service Operations Management},
  volume={10},
  number={2},
  pages={257--277},
  year={2008},
  publisher={INFORMS}
}

@article{kamath2002bayesian,
  title={A Bayesian approach to a dynamic inventory model under an unknown demand distribution},
  author={Kamath, K Rajashree and Pakkala, TPM},
  journal={Computers \& Operations Research},
  volume={29},
  number={4},
  pages={403--422},
  year={2002},
  publisher={Elsevier}
}
@article{chen2014concentration,
  title={Concentration Inequalities from Likelihood Ratio Method},
  author={Chen, Xinjia},
  journal={arXiv preprint arXiv:1409.6276},
  year={2014}
}
@inproceedings{agrawal2019learning,
  title={Learning in structured mdps with convex cost functions: Improved regret bounds for inventory management},
  author={Agrawal, Shipra and Jia, Randy},
  booktitle={Proceedings of the 2019 ACM Conference on Economics and Computation},
  pages={743--744},
  year={2019}
}

@inproceedings{bubeck2015bandit,
  title={Bandit convex optimization:$\backslash$sqrtt regret in one dimension},
  author={Bubeck, S{\'e}bastien and Dekel, Ofer and Koren, Tomer and Peres, Yuval},
  booktitle={Conference on Learning Theory},
  pages={266--278},
  year={2015},
  organization={PMLR}
}
@article{chuang2023bayesian,
  title={Bayesian Inventory Control: Accelerated Demand Learning via Exploration Boosts},
  author={Chuang, Ya-Tang and Kim, Michael Jong},
  journal={Operations Research},
  volume={71},
  number={5},
  pages={1515--1529},
  year={2023},
  publisher={INFORMS}
}

@article{russo2016information,
  title={An information-theoretic analysis of thompson sampling},
  author={Russo, Daniel and Van Roy, Benjamin},
  journal={Journal of Machine Learning Research},
  volume={17},
  number={68},
  pages={1--30},
  year={2016}
}

@article{russo2014learning,
  title={Learning to optimize via posterior sampling},
  author={Russo, Daniel and Van Roy, Benjamin},
  journal={Mathematics of Operations Research},
  volume={39},
  number={4},
  pages={1221--1243},
  year={2014},
  publisher={INFORMS}
}
@article{clarke1990information,
  title={Information-theoretic asymptotics of Bayes methods},
  author={Clarke, Bertrand S and Barron, Andrew R},
  journal={IEEE Transactions on Information Theory},
  volume={36},
  number={3},
  pages={453--471},
  year={1990},
  publisher={IEEE}
}

@article{chung2006concentration,
  title={Concentration inequalities and martingale inequalities: a survey},
  author={Chung, Fan and Lu, Linyuan},
  journal={Internet mathematics},
  volume={3},
  number={1},
  pages={79--127},
  year={2006},
  publisher={Taylor \& Francis}
}

@article{gumbel1960bivariate,
  title={Bivariate exponential distributions},
  author={Gumbel, Emil J},
  journal={Journal of the American Statistical Association},
  volume={55},
  number={292},
  pages={698--707},
  year={1960},
  publisher={Taylor \& Francis}
}

@article{whitin1955inventory,
  title={Inventory control and price theory},
  author={Whitin, Thomson M},
  journal={Management science},
  volume={2},
  number={1},
  pages={61--68},
  year={1955},
  publisher={INFORMS}
}

@article{petruzzi1999pricing,
  title={Pricing and the newsvendor problem: A review with extensions},
  author={Petruzzi, Nicholas C and Dada, Maqbool},
  journal={Operations research},
  volume={47},
  number={2},
  pages={183--194},
  year={1999},
  publisher={INFORMS}
}

@article{chen2022privacy,
  title={Privacy-preserving dynamic personalized pricing with demand learning},
  author={Chen, Xi and Simchi-Levi, David and Wang, Yining},
  journal={Management Science},
  volume={68},
  number={7},
  pages={4878--4898},
  year={2022},
  publisher={INFORMS}
}

@article{scarf1959bayes,
  title={Bayes solutions of the statistical inventory problem},
  author={Scarf, Herbert},
  journal={The annals of mathematical statistics},
  volume={30},
  number={2},
  pages={490--508},
  year={1959},
  publisher={JSTOR}
}
@article{azoury1985bayes,
  title={Bayes solution to dynamic inventory models under unknown demand distribution},
  author={Azoury, Katy S},
  journal={Management science},
  volume={31},
  number={9},
  pages={1150--1160},
  year={1985},
  publisher={INFORMS}
}
@article{harpaz1982learning,
  title={Learning, experimentation, and the optimal output decisions of a competitive firm},
  author={Harpaz, Giora and Lee, Wayne Y and Winkler, Robert L},
  journal={Management Science},
  volume={28},
  number={6},
  pages={589--603},
  year={1982},
  publisher={INFORMS}
}

@article{lariviere1999stalking,
  title={Stalking information: Bayesian inventory management with unobserved lost sales},
  author={Lariviere, Martin A and Porteus, Evan L},
  journal={Management Science},
  volume={45},
  number={3},
  pages={346--363},
  year={1999},
  publisher={INFORMS}
}

@article{braden1991informational,
  title={Informational dynamics of censored observations},
  author={Braden, David J and Freimer, Marshall},
  journal={Management Science},
  volume={37},
  number={11},
  pages={1390--1404},
  year={1991},
  publisher={INFORMS}
}

@article{bisi2011censored,
  title={A censored-data multiperiod inventory problem with newsvendor demand distributions},
  author={Bisi, Arnab and Dada, Maqbool and Tokdar, Surya},
  journal={Manufacturing \& Service Operations Management},
  volume={13},
  number={4},
  pages={525--533},
  year={2011},
  publisher={INFORMS}
}

@article{chen2010bounds,
  title={Bounds and heuristics for optimal Bayesian inventory control with unobserved lost sales},
  author={Chen, Li},
  journal={Operations research},
  volume={58},
  number={2},
  pages={396--413},
  year={2010},
  publisher={INFORMS}
}

@article{huh2009nonparametric,
  title={A nonparametric asymptotic analysis of inventory planning with censored demand},
  author={Huh, Woonghee Tim and Rusmevichientong, Paat},
  journal={Mathematics of Operations Research},
  volume={34},
  number={1},
  pages={103--123},
  year={2009},
  publisher={INFORMS}
}

@inproceedings{seldin2014one,
  title={One practical algorithm for both stochastic and adversarial bandits},
  author={Seldin, Yevgeny and Slivkins, Aleksandrs},
  booktitle={International Conference on Machine Learning},
  pages={1287--1295},
  year={2014},
  organization={PMLR}
}

@article{chapelle2011empirical,
  title={An empirical evaluation of thompson sampling},
  author={Chapelle, Olivier and Li, Lihong},
  journal={Advances in neural information processing systems},
  volume={24},
  year={2011}
}

@inproceedings{xu2023bayesian,
  title={Bayesian design principles for frequentist sequential learning},
  author={Xu, Yunbei and Zeevi, Assaf},
  booktitle={International Conference on Machine Learning},
  pages={38768--38800},
  year={2023},
  organization={PMLR}
}
