@inproceedings{carbonell1998mmr,
  title={The use of MMR, diversity-based reranking for reordering documents and producing summaries},
  author={Carbonell, Jaime and Goldstein, Jade},
  booktitle={Proceedings of the 21st annual international ACM SIGIR conference on Research and development in information retrieval},
  pages={335--336},
  year={1998}
}

@article{chen2023bias,
  title={Bias and debias in recommender system: A survey and future directions},
  author={Chen, Jiawei and Dong, Hande and Wang, Xiang and Feng, Fuli and Wang, Meng and He, Xiangnan},
  journal={ACM Transactions on Information Systems},
  volume={41},
  number={3},
  pages={1--39},
  year={2023},
  publisher={ACM New York, NY}
}

@article{gastwirth1972giniindex,
  title={The estimation of the Lorenz curve and Gini index},
  author={Gastwirth, Joseph L},
  journal={The review of economics and statistics},
  pages={306--316},
  year={1972},
  publisher={JSTOR}
}

@inproceedings{hohnhold2015focusing,
  title={Focusing on the long-term: It's good for users and business},
  author={Hohnhold, Henning and O'Brien, Deirdre and Tang, Diane},
  booktitle={Proceedings of the 21th ACM SIGKDD International Conference on Knowledge Discovery and Data Mining},
  pages={1849--1858},
  year={2015}
}

@article{ie2019recsim,
  title={Recsim: A configurable simulation platform for recommender systems},
  author={Ie, Eugene and Hsu, Chih-wei and Mladenov, Martin and Jain, Vihan and Narvekar, Sanmit and Wang, Jing and Wu, Rui and Boutilier, Craig},
  journal={arXiv preprint arXiv:1909.04847},
  year={2019}
}

@inproceedings{jannach2012recommender_landscape,
  title={Recommender systems in computer science and information systems--a landscape of research},
  author={Jannach, Dietmar and Zanker, Markus and Ge, Mouzhi and Gr{\"o}ning, Marian},
  booktitle={E-Commerce and Web Technologies: 13th International Conference, EC-Web 2012, Vienna, Austria, September 4-5, 2012. Proceedings 13},
  pages={76--87},
  year={2012},
  organization={Springer}
}

@article{jannach2020escaping,
  title={Escaping the McNamara fallacy: Towards more impactful recommender systems research},
  author={Jannach, Dietmar and Bauer, Christine},
  journal={Ai Magazine},
  volume={41},
  number={4},
  pages={79--95},
  year={2020}
}

@article{jarvelin2002ndcg,
  title={Cumulated gain-based evaluation of IR techniques},
  author={J{\"a}rvelin, Kalervo and Kek{\"a}l{\"a}inen, Jaana},
  journal={ACM Transactions on Information Systems (TOIS)},
  volume={20},
  number={4},
  pages={422--446},
  year={2002},
  publisher={ACM New York, NY, USA}
}

@incollection{kahneman2013prospecttheory,
  title={Prospect theory: An analysis of decision under risk},
  author={Kahneman, Daniel and Tversky, Amos},
  booktitle={Handbook of the fundamentals of financial decision making: Part I},
  pages={99--127},
  year={2013},
  publisher={World Scientific}
}

@article{kohavi2015onlineabtest,
  title={Online controlled experiments and A/B tests},
  author={Kohavi, Ron and Longbotham, Roger},
  journal={Encyclopedia of machine learning and data mining},
  pages={1--11},
  year={2015},
  publisher={New York: Springer Publishing}
}

@article{lin2024cfd,
  title={User-Creator Feature Dynamics in Recommender Systems with Dual Influence},
  author={Lin, Tao and Jin, Kun and Estornell, Andrew and Zhang, Xiaoying and Chen, Yiling and Liu, Yang},
  journal={arXiv preprint arXiv:2407.14094},
  year={2024}
}

@inproceedings{mladenov2020optimizing_long-term,
  title={Optimizing long-term social welfare in recommender systems: A constrained matching approach},
  author={Mladenov, Martin and Creager, Elliot and Ben-Porat, Omer and Swersky, Kevin and Zemel, Richard and Boutilier, Craig},
  booktitle={International Conference on Machine Learning},
  pages={6987--6998},
  year={2020},
  organization={PMLR}
}

@article{mladenov2021recsimng,
  title={Recsim ng: Toward principled uncertainty modeling for recommender ecosystems},
  author={Mladenov, Martin and Hsu, Chih-Wei and Jain, Vihan and Ie, Eugene and Colby, Christopher and Mayoraz, Nicolas and Pham, Hubert and Tran, Dustin and Vendrov, Ivan and Boutilier, Craig},
  journal={arXiv preprint arXiv:2103.08057},
  year={2021}
}

@misc{mullainathan2000behavioral_ecnomics,
  title={Behavioral economics},
  author={Mullainathan, Sendhil and Thaler, Richard H},
  year={2000},
  publisher={National Bureau of Economic Research Cambridge, Mass., USA}
}

@inproceedings{naghiaei2022cpfair,
  title={Cpfair: Personalized consumer and producer fairness re-ranking for recommender systems},
  author={Naghiaei, Mohammadmehdi and Rahmani, Hossein A and Deldjoo, Yashar},
  booktitle={Proceedings of the 45th International ACM SIGIR Conference on Research and Development in Information Retrieval},
  pages={770--779},
  year={2022}
}

@article{prasad2023contentprompting,
  title={Content prompting: Modeling content provider dynamics to improve user welfare in recommender ecosystems},
  author={Prasad, Siddharth and Mladenov, Martin and Boutilier, Craig},
  journal={arXiv preprint arXiv:2309.00940},
  year={2023}
}

@article{rohde2018recogym,
  title={Recogym: A reinforcement learning environment for the problem of product recommendation in online advertising},
  author={Rohde, David and Bonner, Stephen and Dunlop, Travis and Vasile, Flavian and Karatzoglou, Alexandros},
  journal={arXiv preprint arXiv:1808.00720},
  year={2018}
}

@inproceedings{saito2024long_term_off_policy_saito,
  title={Long-term Off-Policy Evaluation and Learning},
  author={Saito, Yuta and Abdollahpouri, Himan and Anderton, Jesse and Carterette, Ben and Lalmas, Mounia},
  booktitle={Proceedings of the ACM on Web Conference 2024},
  pages={3432--3443},
  year={2024}
}

@article{selten1990bounded_rationality,
  title={Bounded rationality},
  author={Selten, Reinhard},
  journal={Journal of Institutional and Theoretical Economics (JITE)/Zeitschrift f{\"u}r die gesamte Staatswissenschaft},
  volume={146},
  number={4},
  pages={649--658},
  year={1990},
  publisher={JSTOR}
}

@inproceedings{shi2019virtualtaobao,
  title={Virtual-taobao: Virtualizing real-world online retail environment for reinforcement learning},
  author={Shi, Jing-Cheng and Yu, Yang and Da, Qing and Chen, Shi-Yong and Zeng, An-Xiang},
  booktitle={Proceedings of the AAAI Conference on Artificial Intelligence},
  volume={33},
  number={01},
  pages={4902--4909},
  year={2019}
}

@inproceedings{surer2018multistakeholder,
  title={Multistakeholder recommendation with provider constraints},
  author={S{\"u}rer, {\"O}zge and Burke, Robin and Malthouse, Edward C},
  booktitle={Proceedings of the 12th ACM Conference on Recommender Systems},
  pages={54--62},
  year={2018}
}

@article{wang2023recagent,
  title={User behavior simulation with large language model based agents},
  author={Wang, Lei and Zhang, Jingsen and Yang, Hao and Chen, Zhiyuan and Tang, Jiakai and Zhang, Zeyu and Chen, Xu and Lin, Yankai and Song, Ruihua and Zhao, Wayne Xin and others},
  journal={arXiv preprint arXiv:2306.02552},
  year={2023}
}

@inproceedings{wang2024macrec,
  title={MACRec: A Multi-Agent Collaboration Framework for Recommendation},
  author={Wang, Zhefan and Yu, Yuanqing and Zheng, Wendi and Ma, Weizhi and Zhang, Min},
  booktitle={Proceedings of the 47th International ACM SIGIR Conference on Research and Development in Information Retrieval},
  pages={2760--2764},
  year={2024}
}

@article{willmott2005MAE,
  title={Advantages of the mean absolute error (MAE) over the root mean square error (RMSE) in assessing average model performance},
  author={Willmott, Cort J and Matsuura, Kenji},
  journal={Climate research},
  volume={30},
  number={1},
  pages={79--82},
  year={2005}
}

@article{xu2024ppa,
  title={PPA-Game: Characterizing and Learning Competitive Dynamics Among Online Content Creators},
  author={Xu, Renzhe and Wang, Haotian and Zhang, Xingxuan and Li, Bo and Cui, Peng},
  journal={arXiv preprint arXiv:2403.15524},
  year={2024}
}

@article{xu2024taxation,
  title={A Taxation Perspective for Fair Re-ranking},
  author={Xu, Chen and Ye, Xiaopeng and Wang, Wenjie and Pang, Liang and Xu, Jun and Chua, Tat-Seng},
  journal={arXiv preprint arXiv:2404.17826},
  year={2024}
}

@inproceedings{yao2023howbad,
  title={How Bad is Top-$ K $ Recommendation under Competing Content Creators?},
  author={Yao, Fan and Li, Chuanhao and Nekipelov, Denis and Wang, Hongning and Xu, Haifeng},
  booktitle={International Conference on Machine Learning},
  pages={39674--39701},
  year={2023},
  organization={PMLR}
}

@inproceedings{yao2024userwelfare_opt,
  title={User welfare optimization in recommender systems with competing content creators},
  author={Yao, Fan and Liao, Yiming and Wu, Mingzhe and Li, Chuanhao and Zhu, Yan and Yang, James and Liu, Jingzhou and Wang, Qifan and Xu, Haifeng and Wang, Hongning},
  booktitle={Proceedings of the 30th ACM SIGKDD Conference on Knowledge Discovery and Data Mining},
  pages={3874--3885},
  year={2024}
}

@article{yao2024uwo,
  title={User Welfare Optimization in Recommender Systems with Competing Content Creators},
  author={Yao, Fan and Liao, Yiming and Wu, Mingzhe and Li, Chuanhao and Zhu, Yan and Yang, James and Wang, Qifan and Xu, Haifeng and Wang, Hongning},
  journal={arXiv preprint arXiv:2404.18319},
  year={2024}
}

@article{ye2024bankfair,
  title={Guaranteeing Accuracy and Fairness under Fluctuating User Traffic: A Bankruptcy-Inspired Re-ranking Approach},
  author={Ye, Xiaopeng and Xu, Chen and Xu, Jun and Xie, Xuyang and Wang, Gang and Dong, Zhenhua},
  journal={arXiv preprint arXiv:2405.16120},
  year={2024}
}

@article{zangerle2022evaluating_RS_survey,
  title={Evaluating recommender systems: survey and framework},
  author={Zangerle, Eva and Bauer, Christine},
  journal={ACM Computing Surveys},
  volume={55},
  number={8},
  pages={1--38},
  year={2022},
  publisher={ACM New York, NY}
}

@inproceedings{zhan2021toward_content_provider_rec,
  title={Towards content provider aware recommender systems: A simulation study on the interplay between user and provider utilities},
  author={Zhan, Ruohan and Christakopoulou, Konstantina and Le, Ya and Ooi, Jayden and Mladenov, Martin and Beutel, Alex and Boutilier, Craig and Chi, Ed and Chen, Minmin},
  booktitle={Proceedings of the Web Conference 2021},
  pages={3872--3883},
  year={2021}
}

@article{zhang2023simuLine,
  title={Simulating news recommendation ecosystem for fun and profit},
  author={Zhang, Guangping and Li, Dongsheng and Gu, Hansu and Lu, Tun and Shang, Li and Gu, Ning},
  journal={arXiv preprint arXiv:2305.14103},
  year={2023}
}

@inproceedings{zhang2024agent4rec,
  title={On generative agents in recommendation},
  author={Zhang, An and Chen, Yuxin and Sheng, Leheng and Wang, Xiang and Chua, Tat-Seng},
  booktitle={Proceedings of the 47th International ACM SIGIR Conference on Research and Development in Information Retrieval},
  pages={1807--1817},
  year={2024}
}

@inproceedings{zhang2024agentcf,
  title={Agentcf: Collaborative learning with autonomous language agents for recommender systems},
  author={Zhang, Junjie and Hou, Yupeng and Xie, Ruobing and Sun, Wenqi and McAuley, Julian and Zhao, Wayne Xin and Lin, Leyu and Wen, Ji-Rong},
  booktitle={Proceedings of the ACM on Web Conference 2024},
  pages={3679--3689},
  year={2024}
}

@article{zhao2019toward_simulating,
  title={Toward simulating environments in reinforcement learning based recommendations},
  author={Zhao, Xiangyu and Xia, Long and Zou, Lixin and Yin, Dawei and Tang, Jiliang},
  journal={arXiv preprint arXiv:1906.11462},
  year={2019}
}

