@article{abdollahpouri2020multistakeholder,
  title={Multistakeholder recommendation: Survey and research directions},
  author={Abdollahpouri, Himan and Adomavicius, Gediminas and Burke, Robin and Guy, Ido and Jannach, Dietmar and Kamishima, Toshihiro and Krasnodebski, Jan and Pizzato, Luiz},
  journal={User Modeling and User-Adapted Interaction},
  volume={30},
  pages={127--158},
  year={2020},
  publisher={Springer}
}

@article{abdollahpouri2019multi,
  title={Multi-stakeholder recommendation and its connection to multi-sided fairness},
  author={Abdollahpouri, Himan and Burke, Robin},
  journal={arXiv preprint arXiv:1907.13158},
  year={2019}
}


@article{milano2021ethical,
  title={Ethical aspects of multi-stakeholder recommendation systems},
  author={Milano, Silvia and Taddeo, Mariarosaria and Floridi, Luciano},
  journal={The information society},
  volume={37},
  number={1},
  pages={35--45},
  year={2021},
  publisher={Taylor \& Francis}
}


@article{zheng2017multi,
  title={Multi-stakeholder recommendation: Applications and challenges},
  author={Zheng, Yong},
  journal={arXiv preprint arXiv:1707.08913},
  year={2017}
}


@inproceedings{balseiro2021regularized,
  title={Regularized online allocation problems: Fairness and beyond},
  author={Balseiro, Santiago and Lu, Haihao and Mirrokni, Vahab},
  booktitle={International Conference on Machine Learning},
  pages={630--639},
  year={2021},
  organization={PMLR}
}


@inproceedings{fu2020fairness,
  title={Fairness-aware explainable recommendation over knowledge graphs},
  author={Fu, Zuohui and Xian, Yikun and Gao, Ruoyuan and Zhao, Jieyu and Huang, Qiaoying and Ge, Yingqiang and Xu, Shuyuan and Geng, Shijie and Shah, Chirag and Zhang, Yongfeng and others},
  booktitle={Proceedings of the 43rd International ACM SIGIR Conference on Research and Development in Information Retrieval},
  pages={69--78},
  year={2020}
}

@inproceedings{wen2022distributionally,
  title={Distributionally-robust Recommendations for Improving Worst-case User Experience},
  author={Wen, Hongyi and Yi, Xinyang and Yao, Tiansheng and Tang, Jiaxi and Hong, Lichan and Chi, Ed H},
  booktitle={Proceedings of the ACM Web Conference 2022},
  pages={3606--3610},
  year={2022}
}

@article{thomson2003axiomatic,
  title={Axiomatic and game-theoretic analysis of bankruptcy and taxation problems: a survey},
  author={Thomson, William},
  journal={Mathematical social sciences},
  volume={45},
  number={3},
  pages={249--297},
  year={2003},
  publisher={Elsevier}
}


@inproceedings{xu2023p,
  title={P-MMF: Provider Max-min Fairness Re-ranking in Recommender System},
  author={Xu, Chen and Chen, Sirui and Xu, Jun and Shen, Weiran and Zhang, Xiao and Wang, Gang and Dong, Zhenhua},
  booktitle={Proceedings of the ACM Web Conference 2023},
  pages={3701--3711},
  year={2023}
}

@inproceedings{patro2020fairrec,
  title={Fairrec: Two-sided fairness for personalized recommendations in two-sided platforms},
  author={Patro, Gourab K and Biswas, Arpita and Ganguly, Niloy and Gummadi, Krishna P and Chakraborty, Abhijnan},
  booktitle={Proceedings of the web conference 2020},
  pages={1194--1204},
  year={2020}
}


@inproceedings{qi2022profairrec,
  title={Profairrec: Provider fairness-aware news recommendation},
  author={Qi, Tao and Wu, Fangzhao and Wu, Chuhan and Sun, Peijie and Wu, Le and Wang, Xiting and Huang, Yongfeng and Xie, Xing},
  booktitle={Proceedings of the 45th International ACM SIGIR Conference on Research and Development in Information Retrieval},
  pages={1164--1173},
  year={2022}
}

@inproceedings{wu2021tfrom,
  title={Tfrom: A two-sided fairness-aware recommendation model for both customers and providers},
  author={Wu, Yao and Cao, Jian and Xu, Guandong and Tan, Yudong},
  booktitle={Proceedings of the 44th International ACM SIGIR Conference on Research and Development in Information Retrieval},
  pages={1013--1022},
  year={2021}
}

@inproceedings{naghiaei2022cpfair,
  title={Cpfair: Personalized consumer and producer fairness re-ranking for recommender systems},
  author={Naghiaei, Mohammadmehdi and Rahmani, Hossein A and Deldjoo, Yashar},
  booktitle={Proceedings of the 45th International ACM SIGIR Conference on Research and Development in Information Retrieval},
  pages={770--779},
  year={2022}
}

@inproceedings{burke2018balanced,
  title={Balanced neighborhoods for multi-sided fairness in recommendation},
  author={Burke, Robin and Sonboli, Nasim and Ordonez-Gauger, Aldo},
  booktitle={Conference on fairness, accountability and transparency},
  pages={202--214},
  year={2018},
  organization={PMLR}
}

@inproceedings{sonboli2020opportunistic,
  title={Opportunistic multi-aspect fairness through personalized re-ranking},
  author={Sonboli, Nasim and Eskandanian, Farzad and Burke, Robin and Liu, Weiwen and Mobasher, Bamshad},
  booktitle={Proceedings of the 28th ACM Conference on User Modeling, Adaptation and Personalization},
  pages={239--247},
  year={2020}
}


 @article{bpr,  
 title={BPR: Bayesian personalized ranking from implicit feedback}, 
 journal={Uncertainty in Artificial Intelligence,Uncertainty in Artificial Intelligence}, 
 author={Rendle, Steffen and Freudenthaler, Christoph and Gantner, Zeno and Schmidt-Thieme, Lars}, 
 year={2009}, 
 month={Jun}, 
 language={en-US} 
 }

@inproceedings{dietterich2002slidingwindow,
  title={Machine learning for sequential data: A review},
  author={Dietterich, Thomas G},
  booktitle={Structural, Syntactic, and Statistical Pattern Recognition: Joint IAPR International Workshops SSPR 2002 and SPR 2002 Windsor, Ontario, Canada, August 6--9, 2002 Proceedings},
  pages={15--30},
  year={2002},
  organization={Springer}
}

@article{bardhan2022more,
  title={More buyers or more sellers: on marketing resource allocation strategies of competing two-sided platforms},
  author={Bardhan, Amit Kumar and Ashraf, Saad},
  journal={Electronic Commerce Research},
  pages={1--30},
  year={2022},
  publisher={Springer}
}


@article{caillaud2003chicken,
  title={Chicken \& egg: Competition among intermediation service providers},
  author={Caillaud, Bernard and Jullien, Bruno},
  journal={RAND journal of Economics},
  pages={309--328},
  year={2003},
  publisher={JSTOR}
}

 @article{Information_Transparency,
 title={Information Transparency, Multihoming, and Platform Competition: A Natural Experiment in the Daily Deals Market}, 
 volume={67}, 
 url={http://dx.doi.org/10.1287/mnsc.2020.3718}, 
 DOI={10.1287/mnsc.2020.3718}, 
 number={7}, 
 journal={Management Science}, 
 author={Li, Hui and Zhu, Feng}, 
 year={2021}, 
 month={Jul}, 
 pages={4384–4407}, 
 language={en-US} 
 }

 @article{Muzellec_Ronteau_Lambkin_2015,  
 title={Two-sided Internet Platforms: A Business Model Lifecycle Perspective}, 
 volume={45}, 
 url={http://dx.doi.org/10.1016/j.indmarman.2015.02.012}, 
 DOI={10.1016/j.indmarman.2015.02.012}, 
 journal={Industrial Marketing Management}, 
 author={Muzellec, Laurent and Ronteau, Sébastien and Lambkin, Mary}, 
 year={2015}, 
 month={Feb}, 
 pages={139–150}, 
 language={en-US} 
 }

@inproceedings{li2021user,
  title={User-oriented fairness in recommendation},
  author={Li, Yunqi and Chen, Hanxiong and Fu, Zuohui and Ge, Yingqiang and Zhang, Yongfeng},
  booktitle={Proceedings of the Web Conference 2021},
  pages={624--632},
  year={2021}
}


@article{vakeel2021impact,
  title={Impact of network effects on service provider performance in digital business platforms},
  author={Vakeel, Khadija Ali and Malthouse, Edward C and Yang, Aimei},
  journal={Journal of service management},
  volume={32},
  number={4},
  pages={461--482},
  year={2021},
  publisher={Emerald Publishing Limited}
}


@article{chen2009role,
  title={The role of mutual trust in building members' loyalty to a C2C platform provider},
  author={Chen, Jin and Zhang, Cheng and Xu, Yunjie},
  journal={International Journal of Electronic Commerce},
  volume={14},
  number={1},
  pages={147--171},
  year={2009},
  publisher={Taylor \& Francis}
}


@article{rietveld2020coevolution,
  title={Coevolution of platform dominance and governance strategies: Effects on complementor performance outcomes},
  author={Rietveld, Joost and Ploog, Joe N and Nieborg, David B},
  journal={Academy of Management Discoveries},
  volume={6},
  number={3},
  pages={488--513},
  year={2020},
  publisher={Academy of Management Briarcliff Manor, NY}
}

@article{smorto2018protecting,
  title={Protecting the weaker parties in the platform economy},
  author={Smorto, Guido},
  journal={Cambridge Handbook on Law and Regulation of the Sharing Economy (Nestor Davidson, Mich{\`e}le Finck and John Infranca eds., 2018, Forthcoming)},
  year={2018}
}


@article{li2021dynamic,
  title={Dynamic resource allocation on multi-category two-sided platforms},
  author={Li, Hui and Shen, Qiaowei and Bart, Yakov},
  journal={Management Science},
  volume={67},
  number={2},
  pages={984--1003},
  year={2021},
  publisher={INFORMS}
}

@misc{uber,
  title={The Platform Economy: A Case Study on Ola and Uber from the Drivers’ Partners Perspective},
  author={Khatoon, N and Kumar, N and Singh, P and Kumari, S and Lakhimsetti, S},
  year={2019},
  publisher={Tata Institute of Social Sciences}
}

 @article{Kalai_Smorodinsky_1975,  
 title={OTHER SOLUTIONS TO NASH’S BARGAINING PROBLEM}, 
 url={http://dx.doi.org/10.2307/1914280}, 
 DOI={10.2307/1914280}, 
 journal={Econometrica}, 
 author={Kalai, Ehud and Smorodinsky, Meir}, 
 year={1975}, 
 month={May}, 
 pages={513}, 
 language={en-US} 
 }


@article{aumann1985game,
  title={Game theoretic analysis of a bankruptcy problem from the Talmud},
  author={Aumann, Robert J and Maschler, Michael},
  journal={Journal of economic theory},
  volume={36},
  number={2},
  pages={195--213},
  year={1985},
  publisher={Elsevier}
}


@inproceedings{zhu2013predicting,
  title={Predicting user activity level in social networks},
  author={Zhu, Yin and Zhong, Erheng and Pan, Sinno Jialin and Wang, Xiao and Zhou, Minzhe and Yang, Qiang},
  booktitle={Proceedings of the 22nd ACM international conference on Information \& Knowledge Management},
  pages={159--168},
  year={2013}
}

@inproceedings{zhang2011inferring,
  title={Inferring users' online activities through traffic analysis},
  author={Zhang, Fan and He, Wenbo and Liu, Xue and Bridges, Patrick G},
  booktitle={Proceedings of the fourth ACM conference on Wireless network security},
  pages={59--70},
  year={2011}
}


@article{ertemel2018proportional,
  title={Proportional rules for state contingent claims},
  author={Ertemel, Sinan and Kumar, Rajnish},
  journal={International Journal of Game Theory},
  volume={47},
  pages={229--246},
  year={2018},
  publisher={Springer}
}


@article{moreno2004talmud,
  title={The Talmud rule and the securement of agents' awards},
  author={Moreno-Ternero, Juan D and Villar, Antonio},
  journal={Mathematical Social Sciences},
  volume={47},
  number={2},
  pages={245--257},
  year={2004},
  publisher={Elsevier}
}


@article{zheng2022water,
  title={Water allocation management under scarcity: a bankruptcy approach},
  author={Zheng, Yang and Sang, Xuefeng and Liu, Zhiwu and Zhang, Siqi and Liu, Pan},
  journal={Water Resources Management},
  volume={36},
  number={9},
  pages={2891--2912},
  year={2022},
  publisher={Springer}
}

@article{antonopoulos2020network1,
  title={Bankruptcy problem in network sharing: Fundamentals, applications and challenges},
  author={Antonopoulos, Angelos},
  journal={IEEE Wireless Communications},
  volume={27},
  number={4},
  pages={81--87},
  year={2020},
  publisher={IEEE}
}

@article{casas2011weighted,
  title={Weighted bankruptcy rules and the museum pass problem},
  author={Casas-M{\'e}ndez, Balbina and Fragnelli, Vito and Garc{\'\i}a-Jurado, Ignacio},
  journal={European Journal of Operational Research},
  volume={215},
  number={1},
  pages={161--168},
  year={2011},
  publisher={Elsevier}
}


@inproceedings{biega2018equity,
  title={Equity of attention: Amortizing individual fairness in rankings},
  author={Biega, Asia J and Gummadi, Krishna P and Weikum, Gerhard},
  booktitle={The 41st international acm sigir conference on research \& development in information retrieval},
  pages={405--414},
  year={2018}
}





@article{xu2023ltp,
  title={LTP-MMF: Towards Long-term Provider Max-min Fairness Under Recommendation Feedback Loops},
  author={Xu, Chen and Ye, Xiaopeng and Xu, Jun and Zhang, Xiao and Shen, Weiran and Wen, Ji-Rong},
  journal={arXiv preprint arXiv:2308.05902},
  year={2023}
}


@article{kim2021platform,
  title={Platform quality factors influencing content providers’ loyalty},
  author={Kim, Junic},
  journal={Journal of Retailing and Consumer Services},
  volume={60},
  pages={102510},
  year={2021},
  publisher={Elsevier}
}


@article{rochet2003platformcompetition,
  title={Platform competition in two-sided markets},
  author={Rochet, Jean-Charles and Tirole, Jean},
  journal={Journal of the european economic association},
  volume={1},
  number={4},
  pages={990--1029},
  year={2003},
  publisher={Oxford University Press}
}


@incollection{srinivasan2023platformCompetition,
  title={Platform Competition and Envelopment},
  author={Srinivasan, R},
  booktitle={Platform Business Models for Executives},
  pages={107--119},
  year={2023},
  publisher={Springer}
}


@article{rietveld2021platformcompetition,
  title={Platform competition: A systematic and interdisciplinary review of the literature},
  author={Rietveld, Joost and Schilling, Melissa A},
  journal={Journal of Management},
  volume={47},
  number={6},
  pages={1528--1563},
  year={2021},
  publisher={SAGE Publications Sage CA: Los Angeles, CA}
}


@article{gao2022resource,
  title={Resource allocation among competing innovators},
  author={Gao, Pin and Fan, Xiaoshuai and Huang, Yangguang and Chen, Ying-Ju},
  journal={Management Science},
  volume={68},
  number={8},
  pages={6059--6074},
  year={2022},
  publisher={INFORMS}
}


@inproceedings{saito2022fair,
  title={Fair Ranking as Fair Division: Impact-Based Individual Fairness in Ranking},
  author={Saito, Yuta and Joachims, Thorsten},
  booktitle={Proceedings of the 28th ACM SIGKDD Conference on Knowledge Discovery and Data Mining},
  pages={1514--1524},
  year={2022}
}

@article{nash1953two,
  title={Two-person cooperative games},
  author={Nash, John},
  journal={Econometrica: Journal of the Econometric Society},
  pages={128--140},
  year={1953},
  publisher={JSTOR}
}

@article{rendle2012bpr,
  title={BPR: Bayesian personalized ranking from implicit feedback},
  author={Rendle, Steffen and Freudenthaler, Christoph and Gantner, Zeno and Schmidt-Thieme, Lars},
  journal={arXiv preprint arXiv:1205.2618},
  year={2012}
}


@inproceedings{he2020lightgcn,
  title={Lightgcn: Simplifying and powering graph convolution network for recommendation},
  author={He, Xiangnan and Deng, Kuan and Wang, Xiang and Li, Yan and Zhang, Yongdong and Wang, Meng},
  booktitle={Proceedings of the 43rd International ACM SIGIR conference on research and development in Information Retrieval},
  pages={639--648},
  year={2020}
}

@article{quant2005core,
  title={The core cover in relation to the nucleolus and the Weber set},
  author={Quant, Marieke and Borm, Peter and Reijnierse, Hans and Velzen, Bas van},
  journal={International Journal of Game Theory},
  volume={33},
  pages={491--503},
  year={2005},
  publisher={Springer}
}


@inproceedings{stefanidis2012framework,
  title={A framework for time-aware recommendations},
  author={Stefanidis, Kostas and Ntoutsi, Irene and N{\o}rv{\aa}g, Kjetil and Kriegel, Hans-Peter},
  booktitle={Database and Expert Systems Applications: 23rd International Conference, DEXA 2012, Vienna, Austria, September 3-6, 2012. Proceedings, Part II 23},
  pages={329--344},
  year={2012},
  organization={Springer}
}

@article{grundel2013resource,
  title={Resource allocation games: a compromise stable extension of bankruptcy games},
  author={Grundel, Soesja and Borm, Peter and Hamers, Herbert},
  journal={Mathematical Methods of Operations Research},
  volume={78},
  pages={149--169},
  year={2013},
  publisher={Springer}
}

@inproceedings{xiao2017fairness,
  title={Fairness-aware group recommendation with pareto-efficiency},
  author={Xiao, Lin and Min, Zhang and Yongfeng, Zhang and Zhaoquan, Gu and Yiqun, Liu and Shaoping, Ma},
  booktitle={Proceedings of the eleventh ACM conference on recommender systems},
  pages={107--115},
  year={2017}
}


@inproceedings{gao2022kuairec,
  title={KuaiRec: A fully-observed dataset and insights for evaluating recommender systems},
  author={Gao, Chongming and Li, Shijun and Lei, Wenqiang and Chen, Jiawei and Li, Biao and Jiang, Peng and He, Xiangnan and Mao, Jiaxin and Chua, Tat-Seng},
  booktitle={Proceedings of the 31st ACM International Conference on Information \& Knowledge Management},
  pages={540--550},
  year={2022}
}



@incollection{FairnessinRS,
  title={Fairness in recommender systems},
  author={Ekstrand, Michael D and Das, Anubrata and Burke, Robin and Diaz, Fernando},
  booktitle={Recommender Systems Handbook},
  pages={679--707},
  year={2012},
  publisher={Springer}
}


@article{wang2023surveyonfairness,
  title={A survey on the fairness of recommender systems},
  author={Wang, Yifan and Ma, Weizhi and Zhang, Min and Liu, Yiqun and Ma, Shaoping},
  journal={ACM Transactions on Information Systems},
  volume={41},
  number={3},
  pages={1--43},
  year={2023},
  publisher={ACM New York, NY}
}

@article{deldjoo2022survey,
  title={A survey of research on fair recommender systems},
  author={Deldjoo, Yashar and Jannach, Dietmar and Bellogin, Alejandro and Difonzo, Alessandro and Zanzonelli, Dario},
  journal={arXiv preprint arXiv:2205.11127},
  year={2022}
}


@article{katoh1998resourceallocationproblems,
  title={Resource allocation problems},
  author={Katoh, Naoki and Ibaraki, Toshihide},
  journal={Handbook of Combinatorial Optimization: Volume1--3},
  pages={905--1006},
  year={1998},
  publisher={Springer}
}

@article{papadimitriou1981complexity,
  title={On the complexity of integer programming},
  author={Papadimitriou, Christos H},
  journal={Journal of the ACM (JACM)},
  volume={28},
  number={4},
  pages={765--768},
  year={1981},
  publisher={ACM New York, NY, USA}
}


@article{brantley2023ranking,
  title={Ranking with Long-Term Constraints},
  author={Brantley, Kiant{\'e} and Fang, Zhichong and Dean, Sarah and Joachims, Thorsten},
  journal={arXiv preprint arXiv:2307.04923},
  year={2023}
}

@inproceedings{auer1995gambling,
  title={Gambling in a rigged casino: The adversarial multi-armed bandit problem},
  author={Auer, Peter and Cesa-Bianchi, Nicolo and Freund, Yoav and Schapire, Robert E},
  booktitle={Proceedings of IEEE 36th annual foundations of computer science},
  pages={322--331},
  year={1995},
  organization={IEEE}
}


@inproceedings{boratto2022consumer,
  title={Consumer fairness in recommender systems: Contextualizing definitions and mitigations},
  author={Boratto, Ludovico and Fenu, Gianni and Marras, Mirko and Medda, Giacomo},
  booktitle={European Conference on Information Retrieval},
  pages={552--566},
  year={2022},
  organization={Springer}
}

@inproceedings{chakraborty2017fair,
  title={Fair sharing for sharing economy platforms},
  author={Chakraborty, Abhijnan and Hannak, Aniko and Biega, Asia J and Gummadi, Krishna},
  booktitle={Fairness, Accountability and Transparency in Recommender Systems-Workshop on Responsible Recommendation},
  year={2017}
}



@article{yao2017beyond,
  title={Beyond parity: Fairness objectives for collaborative filtering},
  author={Yao, Sirui and Huang, Bert},
  journal={Advances in neural information processing systems},
  volume={30},
  year={2017}
}


@inproceedings{surer2018multistakeholder,
  title={Multistakeholder recommendation with provider constraints},
  author={S{\"u}rer, {\"O}zge and Burke, Robin and Malthouse, Edward C},
  booktitle={Proceedings of the 12th ACM Conference on Recommender Systems},
  pages={54--62},
  year={2018}
}


@inproceedings{wang2023uncertainty,
  title={Uncertainty Quantification for Fairness in Two-Stage Recommender Systems},
  author={Wang, Lequn and Joachims, Thorsten},
  booktitle={Proceedings of the Sixteenth ACM International Conference on Web Search and Data Mining},
  pages={940--948},
  year={2023}
}


@inproceedings{ben2023learning,
  title={Learning with Exposure Constraints in Recommendation Systems},
  author={Ben-Porat, Omer and Torkan, Rotem},
  booktitle={Proceedings of the ACM Web Conference 2023},
  pages={3456--3466},
  year={2023}
}


@article{lopes2024recommendations,
  title={Recommendations with minimum exposure guarantees: A post-processing framework},
  author={Lopes, Ramon and Alves, Rodrigo and Ledent, Antoine and Santos, Rodrygo LT and Kloft, Marius},
  journal={Expert Systems with Applications},
  volume={236},
  pages={121164},
  year={2024},
  publisher={Elsevier}
}


@inproceedings{marras2022regexp,
  title={Regulating Group Exposure for Item Providers in Recommendation},
  author={Marras, Mirko and Boratto, Ludovico and Ramos, Guilherme and Fenu, Gianni},
  booktitle={Proceedings of the 45th International ACM SIGIR Conference on Research and Development in Information Retrieval},
  pages={1839--1843},
  year={2022}
}



@article{dagan1993bankruptcycoop,
  title={The bankruptcy problem: a cooperative bargaining approach},
  author={Dagan, Nir and Volij, Oscar},
  journal={Mathematical Social Sciences},
  volume={26},
  number={3},
  pages={287--297},
  year={1993},
  publisher={North-Holland}
}


@article{o1982problem,
  title={A problem of rights arbitration from the Talmud},
  author={O'Neill, Barry},
  journal={Mathematical social sciences},
  volume={2},
  number={4},
  pages={345--371},
  year={1982},
  publisher={Elsevier}
}

@article{thomson2013game,
  title={Game-theoretic analysis of bankruptcy and taxation problems: Recent advances},
  author={Thomson, William},
  journal={International Game Theory Review},
  volume={15},
  number={03},
  pages={1340018},
  year={2013},
  publisher={World Scientific}
}


@article{antonopoulos2020bankruptcynetwork,
  title={Bankruptcy problem in network sharing: Fundamentals, applications and challenges},
  author={Antonopoulos, Angelos},
  journal={IEEE Wireless Communications},
  volume={27},
  number={4},
  pages={81--87},
  year={2020},
  publisher={IEEE}
}


@article{curiel1987bankruptcygames,
  title={Bankruptcy games},
  author={Curiel, Imma J and Maschler, Michael and Tijs, Stef H},
  journal={Zeitschrift f{\"u}r operations research},
  volume={31},
  pages={A143--A159},
  year={1987},
  publisher={Springer}
}

@inproceedings{hong2021coronavirus,
  title={Construction of Distribution System of Coronavirus Based on Talmud Bankruptcy Distribution},
  author={Hong, Mengdian and Li, Ruoying and Xie, Peiran},
  booktitle={2021 3rd International Conference on Economic Management and Cultural Industry (ICEMCI 2021)},
  pages={2089--2097},
  year={2021},
  organization={Atlantis Press}
}


@article{degefu2018bankruptcywater,
  title={Bankruptcy to surplus: Sharing transboundary river basin’s water under scarcity},
  author={Degefu, Dagmawi Mulugeta and He, Weijun and Yuan, Liang and Min, An and Zhang, Qi},
  journal={Water Resources Management},
  volume={32},
  pages={2735--2751},
  year={2018},
  publisher={Springer}
}



@inproceedings{hurley2011robustness,
  title={Robustness of recommender systems},
  author={Hurley, Neil J},
  booktitle={Proceedings of the fifth ACM conference on Recommender systems},
  pages={9--10},
  year={2011}
}

@article{o2004collaborativerobustness,
  title={Collaborative recommendation: A robustness analysis},
  author={O'Mahony, Michael and Hurley, Neil and Kushmerick, Nicholas and Silvestre, Gu{\'e}nol{\'e}},
  journal={ACM Transactions on Internet Technology (TOIT)},
  volume={4},
  number={4},
  pages={344--377},
  year={2004},
  publisher={ACM New York, NY, USA}
}


@inproceedings{ge2021towards,
  title={Towards long-term fairness in recommendation},
  author={Ge, Yingqiang and Liu, Shuchang and Gao, Ruoyuan and Xian, Yikun and Li, Yunqi and Zhao, Xiangyu and Pei, Changhua and Sun, Fei and Ge, Junfeng and Ou, Wenwu and others},
  booktitle={Proceedings of the 14th ACM international conference on web search and data mining},
  pages={445--453},
  year={2021}
}


@article{abdi2010coefficient,
  title={Coefficient of variation},
  author={Abdi, Herv{\'e}},
  journal={Encyclopedia of research design},
  volume={1},
  number={5},
  year={2010},
  publisher={Sage Thousand Oaks, CA}
}


@article{zhang2023robust,
  title={Robust Recommender System: A Survey and Future Directions},
  author={Zhang, Kaike and Cao, Qi and Sun, Fei and Wu, Yunfan and Tao, Shuchang and Shen, Huawei and Cheng, Xueqi},
  journal={arXiv preprint arXiv:2309.02057},
  year={2023}
}



@article{fawzi2017robustness,
  title={The robustness of deep networks: A geometrical perspective},
  author={Fawzi, Alhussein and Moosavi-Dezfooli, Seyed-Mohsen and Frossard, Pascal},
  journal={IEEE Signal Processing Magazine},
  volume={34},
  number={6},
  pages={50--62},
  year={2017},
  publisher={IEEE}
}


@inproceedings{ovaisi2022rgrecsys,
  title={Rgrecsys: A toolkit for robustness evaluation of recommender systems},
  author={Ovaisi, Zohreh and Heinecke, Shelby and Li, Jia and Zhang, Yongfeng and Zheleva, Elena and Xiong, Caiming},
  booktitle={Proceedings of the Fifteenth ACM International Conference on Web Search and Data Mining},
  pages={1597--1600},
  year={2022}
}



@inproceedings{yang2023towards,
  title={Towards Robust Fairness-aware Recommendation},
  author={Yang, Hao and Liu, Zhining and Zhang, Zeyu and Zhuang, Chenyi and Chen, Xu},
  booktitle={Proceedings of the 17th ACM Conference on Recommender Systems},
  pages={211--222},
  year={2023}
}

@inproceedings{gao2022kuairand,
  title={KuaiRand: An Unbiased Sequential Recommendation Dataset with Randomly Exposed Videos},
  author={Gao, Chongming and Li, Shijun and Zhang, Yuan and Chen, Jiawei and Li, Biao and Lei, Wenqiang and Jiang, Peng and He, Xiangnan},
  booktitle={Proceedings of the 31st ACM International Conference on Information \& Knowledge Management},
  pages={3953--3957},
  year={2022}
}


@inproceedings{xiao2022towards,
  title={Towards unbiased and robust causal ranking for recommender systems},
  author={Xiao, Teng and Wang, Suhang},
  booktitle={Proceedings of the Fifteenth ACM International Conference on Web Search and Data Mining},
  pages={1158--1167},
  year={2022}
}


@article{do2021welf,
  title={Two-sided fairness in rankings via Lorenz dominance},
  author={Do, Virginie and Corbett-Davies, Sam and Atif, Jamal and Usunier, Nicolas},
  journal={Advances in Neural Information Processing Systems},
  volume={34},
  pages={8596--8608},
  year={2021}
}



@inproceedings{do2022optimizegini,
  title={Optimizing generalized Gini indices for fairness in rankings},
  author={Do, Virginie and Usunier, Nicolas},
  booktitle={Proceedings of the 45th International ACM SIGIR Conference on Research and Development in Information Retrieval},
  pages={737--747},
  year={2022}
}


@inproceedings{saito2022fairrankingasdivision,
  title={Fair Ranking as Fair Division: Impact-Based Individual Fairness in Ranking},
  author={Saito, Yuta and Joachims, Thorsten},
  booktitle={Proceedings of the 28th ACM SIGKDD Conference on Knowledge Discovery and Data Mining},
  pages={1514--1524},
  year={2022}
}


@inproceedings{wu2012hysad,
  title={HySAD: A semi-supervised hybrid shilling attack detector for trustworthy product recommendation},
  author={Wu, Zhiang and Wu, Junjie and Cao, Jie and Tao, Dacheng},
  booktitle={Proceedings of the 18th ACM SIGKDD international conference on Knowledge discovery and data mining},
  pages={985--993},
  year={2012}
}


@inproceedings{zhang2020gcn,
  title={Gcn-based user representation learning for unifying robust recommendation and fraudster detection},
  author={Zhang, Shijie and Yin, Hongzhi and Chen, Tong and Hung, Quoc Viet Nguyen and Huang, Zi and Cui, Lizhen},
  booktitle={Proceedings of the 43rd international ACM SIGIR conference on research and development in information retrieval},
  pages={689--698},
  year={2020}
}

@inproceedings{he2018adversarial,
  title={Adversarial personalized ranking for recommendation},
  author={He, Xiangnan and He, Zhankui and Du, Xiaoyu and Chua, Tat-Seng},
  booktitle={The 41st International ACM SIGIR conference on research \& development in information retrieval},
  pages={355--364},
  year={2018}
}


@inproceedings{liu2020certifiable,
  title={Certifiable robustness to discrete adversarial perturbations for factorization machines},
  author={Liu, Yang and Xia, Xianzhuo and Chen, Liang and He, Xiangnan and Yang, Carl and Zheng, Zibin},
  booktitle={Proceedings of the 43rd International ACM SIGIR Conference on Research and Development in Information Retrieval},
  pages={419--428},
  year={2020}
}


@inproceedings{chen2022denoising,
  title={Denoising self-attentive sequential recommendation},
  author={Chen, Huiyuan and Lin, Yusan and Pan, Menghai and Wang, Lan and Yeh, Chin-Chia Michael and Li, Xiaoting and Zheng, Yan and Wang, Fei and Yang, Hao},
  booktitle={Proceedings of the 16th ACM Conference on Recommender Systems},
  pages={92--101},
  year={2022}
}


@inproceedings{tian2022learningdenoise,
  title={Learning to denoise unreliable interactions for graph collaborative filtering},
  author={Tian, Changxin and Xie, Yuexiang and Li, Yaliang and Yang, Nan and Zhao, Wayne Xin},
  booktitle={Proceedings of the 45th International ACM SIGIR Conference on Research and Development in Information Retrieval},
  pages={122--132},
  year={2022}
}


@inproceedings{shenbin2020recvae,
  title={Recvae: A new variational autoencoder for top-n recommendations with implicit feedback},
  author={Shenbin, Ilya and Alekseev, Anton and Tutubalina, Elena and Malykh, Valentin and Nikolenko, Sergey I},
  booktitle={Proceedings of the 13th international conference on web search and data mining},
  pages={528--536},
  year={2020}
}


@inproceedings{wang2023pct,
  title={Two-sided Calibration for Quality-aware Responsible Recommendation},
  author={Wang, Chenyang and Liu, Yankai and Yu, Yuanqing and Ma, Weizhi and Zhang, Min and Liu, Yiqun and Zeng, Haitao and Feng, Junlan and Deng, Chao},
  booktitle={Proceedings of the 17th ACM Conference on Recommender Systems},
  pages={223--233},
  year={2023}
}


@book{boyd2004convex,
  title={Convex optimization},
  author={Boyd, Stephen P and Vandenberghe, Lieven},
  year={2004},
  publisher={Cambridge university press}
}


@inproceedings{guo2019streaming,
  title={Streaming session-based recommendation},
  author={Guo, Lei and Yin, Hongzhi and Wang, Qinyong and Chen, Tong and Zhou, Alexander and Quoc Viet Hung, Nguyen},
  booktitle={Proceedings of the 25th ACM SIGKDD international conference on knowledge discovery \& data mining},
  pages={1569--1577},
  year={2019}
}


@article{sonboli2022multisidedcomplexityaaai,
  title={The multisided complexity of fairness in recommender systems},
  author={Sonboli, Nasim and Burke, Robin and Ekstrand, Michael and Mehrotra, Rishabh},
  journal={AI magazine},
  volume={43},
  number={2},
  pages={164--176},
  year={2022}
}


@article{chen2023bias,
  title={Bias and debias in recommender system: A survey and future directions},
  author={Chen, Jiawei and Dong, Hande and Wang, Xiang and Feng, Fuli and Wang, Meng and He, Xiangnan},
  journal={ACM Transactions on Information Systems},
  volume={41},
  number={3},
  pages={1--39},
  year={2023},
  publisher={ACM New York, NY}
}


@article{cho2014gru,
  title={Learning phrase representations using RNN encoder-decoder for statistical machine translation},
  author={Cho, Kyunghyun and Van Merri{\"e}nboer, Bart and Gulcehre, Caglar and Bahdanau, Dzmitry and Bougares, Fethi and Schwenk, Holger and Bengio, Yoshua},
  journal={arXiv preprint arXiv:1406.1078},
  year={2014}
}


@inproceedings{zhou2021informer,
  title={Informer: Beyond efficient transformer for long sequence time-series forecasting},
  author={Zhou, Haoyi and Zhang, Shanghang and Peng, Jieqi and Zhang, Shuai and Li, Jianxin and Xiong, Hui and Zhang, Wancai},
  booktitle={Proceedings of the AAAI conference on artificial intelligence},
  volume={35},
  number={12},
  pages={11106--11115},
  year={2021}
}


@inproceedings{fang2023learningtoregularized,
  title={Learning To Regularized Resource Allocation with Budget Constraints},
  author={Fang, Shaoke and Liu, Qingsong and Xu, Lei and Wu, Wenfei},
  booktitle={ICASSP 2023-2023 IEEE International Conference on Acoustics, Speech and Signal Processing (ICASSP)},
  pages={1--5},
  year={2023},
  organization={IEEE}
}


@inproceedings{he2017neuralmf,
  title={Neural collaborative filtering},
  author={He, Xiangnan and Liao, Lizi and Zhang, Hanwang and Nie, Liqiang and Hu, Xia and Chua, Tat-Seng},
  booktitle={Proceedings of the 26th international conference on world wide web},
  pages={173--182},
  year={2017}
}

@article{wei2011differentupdateinterval,
  title={Effective mechanism for social recommendation of news},
  author={Wei, Dong and Zhou, Tao and Cimini, Giulio and Wu, Pei and Liu, Weiping and Zhang, Yi-Cheng},
  journal={Physica A: Statistical Mechanics and its Applications},
  volume={390},
  number={11},
  pages={2117--2126},
  year={2011},
  publisher={Elsevier}
}


@inproceedings{zanardi2011dynamicupdating,
  title={Dynamic updating of online recommender systems via feed-forward controllers},
  author={Zanardi, Valentina and Capra, Licia},
  booktitle={Proceedings of the 6th International Symposium on Software Engineering for Adaptive and Self-Managing Systems},
  pages={11--19},
  year={2011}
}

@inproceedings{leonhardt2018userfairness,
  title={User fairness in recommender systems},
  author={Leonhardt, Jurek and Anand, Avishek and Khosla, Megha},
  booktitle={Companion Proceedings of the The Web Conference 2018},
  pages={101--102},
  year={2018}
}


@incollection{ekstrand2012fairness,
  title={Fairness in recommender systems},
  author={Ekstrand, Michael D and Das, Anubrata and Burke, Robin and Diaz, Fernando},
  booktitle={Recommender Systems Handbook},
  pages={679--707},
  year={2012},
  publisher={Springer}
}


@inproceedings{morik2020controlling,
  title={Controlling fairness and bias in dynamic learning-to-rank},
  author={Morik, Marco and Singh, Ashudeep and Hong, Jessica and Joachims, Thorsten},
  booktitle={Proceedings of the 43rd international ACM SIGIR conference on research and development in information retrieval},
  pages={429--438},
  year={2020}
}

@article{yang2022effective,
  title={Effective Exposure Amortizing for Fair Top-k Recommendation},
  author={Yang, Tao and Xu, Zhichao and Ai, Qingyao},
  journal={arXiv preprint arXiv:2204.03046},
  year={2022}
}



@book{rardin1998optimizationinoperationsresearch,
  title={Optimization in operations research},
  author={Rardin, Ronald L and Rardin, Ronald L},
  volume={166},
  year={1998},
  publisher={Prentice Hall Upper Saddle River, NJ}
}


@inproceedings{lee2023howimportant,
  title={How Important is Periodic Model update in Recommender System?},
  author={Lee, Hyunsung and Yoo, Sungwook and Lee, Dongjun and Kim, Jaekwang},
  booktitle={Proceedings of the 46th International ACM SIGIR Conference on Research and Development in Information Retrieval},
  pages={2661--2668},
  year={2023}
}


@inproceedings{rastegarpanah2019fight,
  title={Fighting fire with fire: Using antidote data to improve polarization and fairness of recommender systems},
  author={Rastegarpanah, Bashir and Gummadi, Krishna P and Crovella, Mark},
  booktitle={Proceedings of the twelfth ACM international conference on web search and data mining},
  pages={231--239},
  year={2019}
}


@inproceedings{lee2016whendorecommender,
  title={When do recommender systems work the best? The moderating effects of product attributes and consumer reviews on recommender performance},
  author={Lee, Dokyun and Hosanagar, Kartik},
  booktitle={Proceedings of the 25th International Conference on World Wide Web},
  pages={85--97},
  year={2016}
}



@inproceedings{wang2013opportunitymodel,
  title={Opportunity model for e-commerce recommendation: right product; right time},
  author={Wang, Jian and Zhang, Yi},
  booktitle={Proceedings of the 36th international ACM SIGIR conference on Research and development in information retrieval},
  pages={303--312},
  year={2013}
}



@article{xu2019think,
  title={" I Think You'll Like It" Modelling the Online Purchase Behavior in Social E-commerce},
  author={Xu, Fengli and Han, Zhenyu and Piao, Jinghua and Li, Yong},
  journal={Proceedings of the ACM on Human-Computer Interaction},
  volume={3},
  number={CSCW},
  pages={1--23},
  year={2019},
  publisher={ACM New York, NY, USA}
}


@article{ebrahimi2023userengagement,
  title={User engagement in social network platforms: what key strategic factors determine online consumer purchase behaviour?},
  author={Ebrahimi, Pejman and Khajeheian, Datis and Soleimani, Maryam and Gholampour, Abbas and Fekete-Farkas, Maria},
  journal={Economic Research-Ekonomska Istra{\v{z}}ivanja},
  volume={36},
  number={1},
  pages={2106264},
  year={2023},
  publisher={Taylor \& Francis}
}


@book{craik1967natureofexplanation,
  title={The nature of explanation},
  author={Craik, Kenneth James Williams},
  volume={445},
  year={1967},
  publisher={CUP Archive}
}

@article{lau1999consumerstrust,
  title={Consumers' trust in a brand and the link to brand loyalty},
  author={Lau, Geok Theng and Lee, Sook Han},
  journal={Journal of market-focused management},
  volume={4},
  pages={341--370},
  year={1999},
  publisher={Springer}
}


@article{krylov2018targetfinancial,
  title={Target financial forecasting as an instrument to improve company financial health},
  author={Krylov, Sergey},
  journal={Cogent Business \& Management},
  volume={5},
  number={1},
  pages={1540074},
  year={2018},
  publisher={Taylor \& Francis}
}


@misc{bepredictable,
author = {Corrina Liao Ph.D.,
Different,Bec Purser},
title = {
Being Predictable},
howpublished={\url{https://uxmag.com/articles/being-predictable}},
year = {2011}
}


@misc{whydoyouneed,
author = {Kara J. Renninger},
title = {
Why Do You Need Predictability in Scaling Your Business?},
howpublished={\url{https://www.linkedin.com/pulse/why-do-you-need-predictability-scaling-your-business-renninger-68dje}},
year = {2023}
}


@article{biswas2021fairrecplus,
  title={Toward fair recommendation in two-sided platforms},
  author={Biswas, Arpita and Patro, Gourab K and Ganguly, Niloy and Gummadi, Krishna P and Chakraborty, Abhijnan},
  journal={ACM Transactions on the Web (TWEB)},
  volume={16},
  number={2},
  pages={1--34},
  year={2021},
  publisher={ACM New York, NY}
}


@article{xu2024fairsync,
  title={FairSync: Ensuring Amortized Group Exposure in Distributed Recommendation Retrieval},
  author={Xu, Chen and Xu, Jun and Ding, Yiming and Zhang, Xiao and Qi, Qi},
  journal={arXiv preprint arXiv:2402.10628},
  year={2024}
}

@inproceedings{yang2023vertical,
  title={Vertical Allocation-based Fair Exposure Amortizing in Ranking},
  author={Yang, Tao and Xu, Zhichao and Ai, Qingyao},
  booktitle={Proceedings of the Annual International ACM SIGIR Conference on Research and Development in Information Retrieval in the Asia Pacific Region},
  pages={234--244},
  year={2023}
}

@inproceedings{patro2020incremental,
  title={Incremental fairness in two-sided market platforms: On smoothly updating recommendations},
  author={Patro, Gourab K and Chakraborty, Abhijnan and Ganguly, Niloy and Gummadi, Krishna},
  booktitle={Proceedings of the AAAI conference on artificial intelligence},
  volume={34},
  number={01},
  pages={181--188},
  year={2020}
}


@article{rochet2004two-sided_overview,
  title={Two-sided markets: An overview},
  author={Rochet, Jean-Charles and Tirole, Jean},
  journal={Institut d’Economie Industrielle working paper},
  pages={1--44},
  year={2004}
}


@inproceedings{ge2020userriskpref,
  title={Learning personalized risk preferences for recommendation},
  author={Ge, Yingqiang and Xu, Shuyuan and Liu, Shuchang and Fu, Zuohui and Sun, Fei and Zhang, Yongfeng},
  booktitle={Proceedings of the 43rd International ACM SIGIR Conference on Research and Development in Information Retrieval},
  pages={409--418},
  year={2020}
}


@incollection{kahneman2013prospecttheory,
  title={Prospect theory: An analysis of decision under risk},
  author={Kahneman, Daniel and Tversky, Amos},
  booktitle={Handbook of the fundamentals of financial decision making: Part I},
  pages={99--127},
  year={2013},
  publisher={World Scientific}
}


@article{suryahadi2003minimumwage,
  title={Minimum wage policy and its impact on employment in the urban formal sector},
  author={Suryahadi, Asep and Widyanti, Wenefrida and Perwira, Daniel and Sumarto, Sudarno},
  journal={Bulletin of Indonesian economic studies},
  volume={39},
  number={1},
  pages={29--50},
  year={2003},
  publisher={Taylor \& Francis}
}


@inproceedings{beel2017MrDLib,
  title={Mr. DLib: recommendations-as-a-service (RaaS) for academia},
  author={Beel, Joeran and Aizawa, Akiko and Breitinger, Corinna and Gipp, Bela},
  booktitle={2017 ACM/IEEE Joint Conference on Digital Libraries (JCDL)},
  pages={1--2},
  year={2017},
  organization={IEEE}
}

@inproceedings{pires2015youtube,
  title={YouTube live and Twitch: a tour of user-generated live streaming systems},
  author={Pires, Karine and Simon, Gwendal},
  booktitle={Proceedings of the 6th ACM multimedia systems conference},
  pages={225--230},
  year={2015}
}


@article{muzellec2015twosideinternet,
  title={Two-sided Internet platforms: A business model lifecycle perspective},
  author={Muzellec, Laurent and Ronteau, S{\'e}bastien and Lambkin, Mary},
  journal={Industrial marketing management},
  volume={45},
  pages={139--150},
  year={2015},
  publisher={Elsevier}
}


@article{paudel2018lossaversion,
  title={Loss aversion in recommender systems: Utilizing negative user preference to improve recommendation quality},
  author={Paudel, Bibek and Luck, Sandro and Bernstein, Abraham},
  journal={arXiv preprint arXiv:1812.11422},
  year={2018}
}

@article{chaudhuri2001chaineffectofbrandtrust,
  title={The chain of effects from brand trust and brand affect to brand performance: the role of brand loyalty},
  author={Chaudhuri, Arjun and Holbrook, Morris B},
  journal={Journal of marketing},
  volume={65},
  number={2},
  pages={81--93},
  year={2001},
  publisher={SAGE Publications Sage CA: Los Angeles, CA}
}

@article{barberis2013_30ofprospect,
  title={Thirty years of prospect theory in economics: A review and assessment},
  author={Barberis, Nicholas C},
  journal={Journal of economic perspectives},
  volume={27},
  number={1},
  pages={173--196},
  year={2013},
  publisher={American Economic Association}
}


@incollection{kahneman2013prospect_decision,
  title={Prospect theory: An analysis of decision under risk},
  author={Kahneman, Daniel and Tversky, Amos},
  booktitle={Handbook of the fundamentals of financial decision making: Part I},
  pages={99--127},
  year={2013},
  publisher={World Scientific}
}


@incollection{rawls2017theoryofjustice,
  title={A theory of justice},
  author={Rawls, John},
  booktitle={Applied ethics},
  pages={21--29},
  year={2017},
  publisher={Routledge}
}


@book{rubinstein2016montecarlo,
  title={Simulation and the Monte Carlo method},
  author={Rubinstein, Reuven Y and Kroese, Dirk P},
  year={2016},
  publisher={John Wiley \& Sons}
}


@incollection{lotov2008pareto,
  title={Visualizing the Pareto frontier},
  author={Lotov, Alexander V and Miettinen, Kaisa},
  booktitle={Multiobjective optimization: interactive and evolutionary approaches},
  pages={213--243},
  year={2008},
  publisher={Springer}
}


@inproceedings{donahue2015lstm,
  title={Long-term recurrent convolutional networks for visual recognition and description},
  author={Donahue, Jeffrey and Anne Hendricks, Lisa and Guadarrama, Sergio and Rohrbach, Marcus and Venugopalan, Subhashini and Saenko, Kate and Darrell, Trevor},
  booktitle={Proceedings of the IEEE conference on computer vision and pattern recognition},
  pages={2625--2634},
  year={2015}
}


@inproceedings{pu2011usercentric,
  title={A user-centric evaluation framework for recommender systems},
  author={Pu, Pearl and Chen, Li and Hu, Rong},
  booktitle={Proceedings of the fifth ACM conference on Recommender systems},
  pages={157--164},
  year={2011}
}


@article{konstan2012user_experience,
  title={Recommender systems: from algorithms to user experience},
  author={Konstan, Joseph A and Riedl, John},
  journal={User modeling and user-adapted interaction},
  volume={22},
  pages={101--123},
  year={2012},
  publisher={Springer}
}


@article{kHoszegi2006lossaversionuserexp,
  title={A model of reference-dependent preferences},
  author={K{\H{o}}szegi, Botond and Rabin, Matthew},
  journal={The Quarterly Journal of Economics},
  volume={121},
  number={4},
  pages={1133--1165},
  year={2006},
  publisher={MIT Press}
}

@article{falk2006minimumwagefairness,
  title={Fairness perceptions and reservation wages—the behavioral effects of minimum wage laws},
  author={Falk, Armin and Fehr, Ernst and Zehnder, Christian},
  journal={The Quarterly Journal of Economics},
  volume={121},
  number={4},
  pages={1347--1381},
  year={2006},
  publisher={MIT Press}
}


@article{gentile1998hingeloss,
  title={Linear hinge loss and average margin},
  author={Gentile, Claudio and Warmuth, Manfred KK},
  journal={Advances in neural information processing systems},
  volume={11},
  year={1998}
}


@article{eisenmann2006strategiesfortwosided,
  title={Strategies for two-sided markets},
  author={Eisenmann, Thomas and Parker, Geoffrey and Van Alstyne, Marshall W and others},
  journal={Harvard business review},
  volume={84},
  number={10},
  pages={92},
  year={2006}
}


@article{cohen2022competitiontwo-sidedplatforms,
  title={Competition and coopetition for two-sided platforms},
  author={Cohen, Maxime C and Zhang, Renyu},
  journal={Production and Operations Management},
  volume={31},
  number={5},
  pages={1997--2014},
  year={2022},
  publisher={Wiley Online Library}
}


@article{bloodstein2019amazon,
  title={Amazon and platform antitrust},
  author={Bloodstein, Ben},
  journal={Fordham L. Rev.},
  volume={88},
  pages={187},
  year={2019},
  publisher={HeinOnline}
}

@incollection{song2012youtube,
  title={Evolution of strategy and commercial relationships for social media platforms: The case of YouTube},
  author={Song, Sonya Yan and Wildman, Steven S},
  booktitle={Handbook of Social Media Management: Value Chain and Business Models in Changing Media Markets},
  pages={619--632},
  year={2012},
  publisher={Springer}
}



@article{xu2024taxation,
  title={A Taxation Perspective for Fair Re-ranking},
  author={Xu, Chen and Ye, Xiaopeng and Wang, Wenjie and Pang, Liang and Xu, Jun and Chua, Tat-Seng},
  journal={arXiv preprint arXiv:2404.17826},
  year={2024}
}


@article{loomes1982regrettheory,
  title={Regret theory: An alternative theory of rational choice under uncertainty},
  author={Loomes, Graham and Sugden, Robert},
  journal={The economic journal},
  volume={92},
  number={368},
  pages={805--824},
  year={1982},
  publisher={Oxford University Press Oxford, UK}
}

@article{jarvelin2002ndcg,
  title={Cumulated gain-based evaluation of IR techniques},
  author={J{\"a}rvelin, Kalervo and Kek{\"a}l{\"a}inen, Jaana},
  journal={ACM Transactions on Information Systems (TOIS)},
  volume={20},
  number={4},
  pages={422--446},
  year={2002},
  publisher={ACM New York, NY, USA}
}


@inproceedings{kdd21maxminfairranking,
author = {Garc\'{\i}a-Soriano, David and Bonchi, Francesco},
title = {Maxmin-Fair Ranking: Individual Fairness under Group-Fairness Constraints},
year = {2021},
isbn = {9781450383325},
publisher = {Association for Computing Machinery},
address = {New York, NY, USA},
url = {https://doi.org/10.1145/3447548.3467349},
doi = {10.1145/3447548.3467349},
pages = {436–446},
numpages = {11},
keywords = {ranking, max-min fairness, fairness},
location = {Virtual Event, Singapore},
series = {KDD '21}
}


@inproceedings{dworkfairenssawareness,
author = {Dwork, Cynthia and Hardt, Moritz and Pitassi, Toniann and Reingold, Omer and Zemel, Richard},
title = {Fairness through awareness},
year = {2012},
isbn = {9781450311151},
publisher = {Association for Computing Machinery},
address = {New York, NY, USA},
url = {https://doi.org/10.1145/2090236.2090255},
doi = {10.1145/2090236.2090255},
booktitle = {Proceedings of the 3rd Innovations in Theoretical Computer Science Conference},
pages = {214–226},
numpages = {13},
location = {Cambridge, Massachusetts},
series = {ITCS '12}
}



@InProceedings{kearns_meritocratic,
  title = 	 {Meritocratic Fairness for Cross-Population Selection},
  author =       {Michael Kearns and Aaron Roth and Zhiwei Steven Wu},
  booktitle = 	 {Proceedings of the 34th International Conference on Machine Learning},
  pages = 	 {1828--1836},
  year = 	 {2017},
  editor = 	 {Precup, Doina and Teh, Yee Whye},
  volume = 	 {70},
  series = 	 {Proceedings of Machine Learning Research},
  month = 	 {06--11 Aug},
  publisher =    {PMLR},
  pdf = 	 {http://proceedings.mlr.press/v70/kearns17a/kearns17a.pdf},
  url = 	 {https://proceedings.mlr.press/v70/kearns17a.html},
}


@article{yao2024uwo,
  title={User Welfare Optimization in Recommender Systems with Competing Content Creators},
  author={Yao, Fan and Liao, Yiming and Wu, Mingzhe and Li, Chuanhao and Zhu, Yan and Yang, James and Wang, Qifan and Xu, Haifeng and Wang, Hongning},
  journal={arXiv preprint arXiv:2404.18319},
  year={2024}
}


@article{lin2024cfd,
  title={User-Creator Feature Dynamics in Recommender Systems with Dual Influence},
  author={Lin, Tao and Jin, Kun and Estornell, Andrew and Zhang, Xiaoying and Chen, Yiling and Liu, Yang},
  journal={arXiv preprint arXiv:2407.14094},
  year={2024}
}


@article{wanglei2023recagent,
  title={User behavior simulation with large language model based agents},
  author={Wang, Lei and Zhang, Jingsen and Yang, Hao and Chen, Zhiyuan and Tang, Jiakai and Zhang, Zeyu and Chen, Xu and Lin, Yankai and Song, Ruihua and Zhao, Wayne Xin and others},
  journal={arXiv preprint arXiv:2306.02552},
  year={2023}
}


@article{gastwirth1972giniindex,
  title={The estimation of the Lorenz curve and Gini index},
  author={Gastwirth, Joseph L},
  journal={The review of economics and statistics},
  pages={306--316},
  year={1972},
  publisher={JSTOR}
}


@article{ye2024bankfair,
  title={Guaranteeing Accuracy and Fairness under Fluctuating User Traffic: A Bankruptcy-Inspired Re-ranking Approach},
  author={Ye, Xiaopeng and Xu, Chen and Xu, Jun and Xie, Xuyang and Wang, Gang and Dong, Zhenhua},
  journal={arXiv preprint arXiv:2405.16120},
  year={2024}
}

@inproceedings{ben2019facility,
  title={From recommendation systems to facility location games},
  author={Ben-Porat, Omer and Goren, Gregory and Rosenberg, Itay and Tennenholtz, Moshe},
  booktitle={Proceedings of the AAAI Conference on Artificial Intelligence},
  volume={33},
  number={01},
  pages={1772--1779},
  year={2019}
}

@article{ben2018strategic_content_providers,
  title={A game-theoretic approach to recommendation systems with strategic content providers},
  author={Ben-Porat, Omer and Tennenholtz, Moshe},
  journal={Advances in Neural Information Processing Systems},
  volume={31},
  year={2018}
}

@article{yao2024rethinking,
  title={Rethinking incentives in recommender systems: are monotone rewards always beneficial?},
  author={Yao, Fan and Li, Chuanhao and Sankararaman, Karthik Abinav and Liao, Yiming and Zhu, Yan and Wang, Qifan and Wang, Hongning and Xu, Haifeng},
  journal={Advances in Neural Information Processing Systems},
  volume={36},
  year={2024}
}

@inproceedings{yao2023howbad,
  title={How Bad is Top-$ K $ Recommendation under Competing Content Creators?},
  author={Yao, Fan and Li, Chuanhao and Nekipelov, Denis and Wang, Hongning and Xu, Haifeng},
  booktitle={International Conference on Machine Learning},
  pages={39674--39701},
  year={2023},
  organization={PMLR}
}

@article{zhu2023online_in_creator_economy,
  title={Online learning in a creator economy},
  author={Zhu, Banghua and Karimireddy, Sai Praneeth and Jiao, Jiantao and Jordan, Michael I},
  journal={arXiv preprint arXiv:2305.11381},
  year={2023}
}

@inproceedings{immorlica2024clickbait,
  title={Clickbait vs. quality: How engagement-based optimization shapes the content landscape in online platforms},
  author={Immorlica, Nicole and Jagadeesan, Meena and Lucier, Brendan},
  booktitle={Proceedings of the ACM on Web Conference 2024},
  pages={36--45},
  year={2024}
}

@inproceedings{yao2024userwelfare_opt,
  title={User welfare optimization in recommender systems with competing content creators},
  author={Yao, Fan and Liao, Yiming and Wu, Mingzhe and Li, Chuanhao and Zhu, Yan and Yang, James and Liu, Jingzhou and Wang, Qifan and Xu, Haifeng and Wang, Hongning},
  booktitle={Proceedings of the 30th ACM SIGKDD Conference on Knowledge Discovery and Data Mining},
  pages={3874--3885},
  year={2024}
}

@inproceedings{mladenov2020optimizing_long-term,
  title={Optimizing long-term social welfare in recommender systems: A constrained matching approach},
  author={Mladenov, Martin and Creager, Elliot and Ben-Porat, Omer and Swersky, Kevin and Zemel, Richard and Boutilier, Craig},
  booktitle={International Conference on Machine Learning},
  pages={6987--6998},
  year={2020},
  organization={PMLR}
}


@inproceedings{zhan2021toward_content_provider_rec,
  title={Towards content provider aware recommender systems: A simulation study on the interplay between user and provider utilities},
  author={Zhan, Ruohan and Christakopoulou, Konstantina and Le, Ya and Ooi, Jayden and Mladenov, Martin and Beutel, Alex and Boutilier, Craig and Chi, Ed and Chen, Minmin},
  booktitle={Proceedings of the Web Conference 2021},
  pages={3872--3883},
  year={2021}
}


@article{prasad2023contentprompting,
  title={Content prompting: Modeling content provider dynamics to improve user welfare in recommender ecosystems},
  author={Prasad, Siddharth and Mladenov, Martin and Boutilier, Craig},
  journal={arXiv preprint arXiv:2309.00940},
  year={2023}
}

@article{xu2024ppa,
  title={PPA-Game: Characterizing and Learning Competitive Dynamics Among Online Content Creators},
  author={Xu, Renzhe and Wang, Haotian and Zhang, Xingxuan and Li, Bo and Cui, Peng},
  journal={arXiv preprint arXiv:2403.15524},
  year={2024}
}


@article{hron2022modeling_incentives,
  title={Modeling content creator incentives on algorithm-curated platforms},
  author={Hron, Jiri and Krauth, Karl and Jordan, Michael I and Kilbertus, Niki and Dean, Sarah},
  journal={arXiv preprint arXiv:2206.13102},
  year={2022}
}



@InProceedings{pmlr-v202-xu23sharebel_arms,
  title = 	 {Competing for Shareable Arms in Multi-Player Multi-Armed Bandits},
  author =       {Xu, Renzhe and Wang, Haotian and Zhang, Xingxuan and Li, Bo and Cui, Peng},
  booktitle = 	 {Proceedings of the 40th International Conference on Machine Learning},
  pages = 	 {38674--38706},
  year = 	 {2023},
  editor = 	 {Krause, Andreas and Brunskill, Emma and Cho, Kyunghyun and Engelhardt, Barbara and Sabato, Sivan and Scarlett, Jonathan},
  volume = 	 {202},
  series = 	 {Proceedings of Machine Learning Research},
  month = 	 {23--29 Jul},
  publisher =    {PMLR},
  pdf = 	 {https://proceedings.mlr.press/v202/xu23q/xu23q.pdf},
  url = 	 {https://proceedings.mlr.press/v202/xu23q.html},
}


@article{ie2019recsim,
  title={Recsim: A configurable simulation platform for recommender systems},
  author={Ie, Eugene and Hsu, Chih-wei and Mladenov, Martin and Jain, Vihan and Narvekar, Sanmit and Wang, Jing and Wu, Rui and Boutilier, Craig},
  journal={arXiv preprint arXiv:1909.04847},
  year={2019}
}


@inproceedings{zhang2024agentcf,
  title={Agentcf: Collaborative learning with autonomous language agents for recommender systems},
  author={Zhang, Junjie and Hou, Yupeng and Xie, Ruobing and Sun, Wenqi and McAuley, Julian and Zhao, Wayne Xin and Lin, Leyu and Wen, Ji-Rong},
  booktitle={Proceedings of the ACM on Web Conference 2024},
  pages={3679--3689},
  year={2024}
}

@article{wang2023recagent,
  title={User behavior simulation with large language model based agents},
  author={Wang, Lei and Zhang, Jingsen and Yang, Hao and Chen, Zhiyuan and Tang, Jiakai and Zhang, Zeyu and Chen, Xu and Lin, Yankai and Song, Ruihua and Zhao, Wayne Xin and others},
  journal={arXiv preprint arXiv:2306.02552},
  year={2023}
}

@inproceedings{wang2024macrec,
  title={MACRec: A Multi-Agent Collaboration Framework for Recommendation},
  author={Wang, Zhefan and Yu, Yuanqing and Zheng, Wendi and Ma, Weizhi and Zhang, Min},
  booktitle={Proceedings of the 47th International ACM SIGIR Conference on Research and Development in Information Retrieval},
  pages={2760--2764},
  year={2024}
}

@inproceedings{zhang2024agent4rec,
  title={On generative agents in recommendation},
  author={Zhang, An and Chen, Yuxin and Sheng, Leheng and Wang, Xiang and Chua, Tat-Seng},
  booktitle={Proceedings of the 47th International ACM SIGIR Conference on Research and Development in Information Retrieval},
  pages={1807--1817},
  year={2024}
}


@article{wang2023recmind,
  title={Recmind: Large language model powered agent for recommendation},
  author={Wang, Yancheng and Jiang, Ziyan and Chen, Zheng and Yang, Fan and Zhou, Yingxue and Cho, Eunah and Fan, Xing and Huang, Xiaojiang and Lu, Yanbin and Yang, Yingzhen},
  journal={arXiv preprint arXiv:2308.14296},
  year={2023}
}


@inproceedings{wang2022make,
  title={Make fairness more fair: Fair item utility estimation and exposure re-distribution},
  author={Wang, Jiayin and Ma, Weizhi and Li, Jiayu and Lu, Hongyu and Zhang, Min and Li, Biao and Liu, Yiqun and Jiang, Peng and Ma, Shaoping},
  booktitle={Proceedings of the 28th ACM SIGKDD Conference on Knowledge Discovery and Data Mining},
  pages={1868--1877},
  year={2022}
}


@inproceedings{xiao2017group_fairness_with_pareto,
  title={Fairness-aware group recommendation with pareto-efficiency},
  author={Xiao, Lin and Min, Zhang and Yongfeng, Zhang and Zhaoquan, Gu and Yiqun, Liu and Shaoping, Ma},
  booktitle={Proceedings of the eleventh ACM conference on recommender systems},
  pages={107--115},
  year={2017}
}

@inproceedings{wang2024intersectional,
  title={Intersectional Two-sided Fairness in Recommendation},
  author={Wang, Yifan and Sun, Peijie and Ma, Weizhi and Zhang, Min and Zhang, Yuan and Jiang, Peng and Ma, Shaoping},
  booktitle={Proceedings of the ACM on Web Conference 2024},
  pages={3609--3620},
  year={2024}
}


@article{kahneman2011thinkingfastandslow,
  title={Thinking, fast and slow},
  author={Kahneman, Daniel},
  journal={Farrar, Straus and Giroux},
  year={2011}
}

@article{akerlof2000identityeconomics,
  title={Economics and identity},
  author={Akerlof, George A and Kranton, Rachel E},
  journal={The quarterly journal of economics},
  volume={115},
  number={3},
  pages={715--753},
  year={2000},
  publisher={MIT Press}
}


@article{conlisk1996boundedrational,
  title={Why bounded rationality?},
  author={Conlisk, John},
  journal={Journal of economic literature},
  volume={34},
  number={2},
  pages={669--700},
  year={1996},
  publisher={JSTOR}
}


@inproceedings{finocchiaro2021bridging,
  title={Bridging machine learning and mechanism design towards algorithmic fairness},
  author={Finocchiaro, Jessie and Maio, Roland and Monachou, Faidra and Patro, Gourab K and Raghavan, Manish and Stoica, Ana-Andreea and Tsirtsis, Stratis},
  booktitle={Proceedings of the 2021 ACM conference on fairness, accountability, and transparency},
  pages={489--503},
  year={2021}
}

@article{ko2022surveyofRS,
  title={A survey of recommendation systems: recommendation models, techniques, and application fields},
  author={Ko, Hyeyoung and Lee, Suyeon and Park, Yoonseo and Choi, Anna},
  journal={Electronics},
  volume={11},
  number={1},
  pages={141},
  year={2022},
  publisher={MDPI}
}


@inproceedings{shi2019virtualtaobao,
  title={Virtual-taobao: Virtualizing real-world online retail environment for reinforcement learning},
  author={Shi, Jing-Cheng and Yu, Yang and Da, Qing and Chen, Shi-Yong and Zeng, An-Xiang},
  booktitle={Proceedings of the AAAI Conference on Artificial Intelligence},
  volume={33},
  number={01},
  pages={4902--4909},
  year={2019}
}


@article{rohde2018recogym,
  title={Recogym: A reinforcement learning environment for the problem of product recommendation in online advertising},
  author={Rohde, David and Bonner, Stephen and Dunlop, Travis and Vasile, Flavian and Karatzoglou, Alexandros},
  journal={arXiv preprint arXiv:1808.00720},
  year={2018}
}



@inproceedings{ding2024fashionregen,
  title={Fashionregen: Llm-empowered fashion report generation},
  author={Ding, Yujuan and Ma, Yunshan and Fan, Wenqi and Yao, Yige and Chua, Tat-Seng and Li, Qing},
  booktitle={Companion Proceedings of the ACM on Web Conference 2024},
  pages={991--994},
  year={2024}
}


@article{hull1943drive_theory,
  title={Principles of behavior: an introduction to behavior theory.},
  author={Hull, Clark Leonard},
  year={1943},
  publisher={Appleton-Century}
}


@article{selten1990bounded_rationality,
  title={Bounded rationality},
  author={Selten, Reinhard},
  journal={Journal of Institutional and Theoretical Economics (JITE)/Zeitschrift f{\"u}r die gesamte Staatswissenschaft},
  volume={146},
  number={4},
  pages={649--658},
  year={1990},
  publisher={JSTOR}
}


@article{touvron2023llama,
  title={Llama: Open and efficient foundation language models},
  author={Touvron, Hugo and Lavril, Thibaut and Izacard, Gautier and Martinet, Xavier and Lachaux, Marie-Anne and Lacroix, Timoth{\'e}e and Rozi{\`e}re, Baptiste and Goyal, Naman and Hambro, Eric and Azhar, Faisal and others},
  journal={arXiv preprint arXiv:2302.13971},
  year={2023}
}


@inproceedings{zhou2018din,
  title={Deep interest network for click-through rate prediction},
  author={Zhou, Guorui and Zhu, Xiaoqiang and Song, Chenru and Fan, Ying and Zhu, Han and Ma, Xiao and Yan, Yanghui and Jin, Junqi and Li, Han and Gai, Kun},
  booktitle={Proceedings of the 24th ACM SIGKDD international conference on knowledge discovery \& data mining},
  pages={1059--1068},
  year={2018}
}


@article{kohavi2015onlineabtest,
  title={Online controlled experiments and A/B tests},
  author={Kohavi, Ron and Longbotham, Roger},
  journal={Encyclopedia of machine learning and data mining},
  pages={1--11},
  year={2015},
  publisher={New York: Springer Publishing}
}


@article{lu2012recommendersystems,
  title={Recommender systems},
  author={L{\"u}, Linyuan and Medo, Mat{\'u}{\v{s}} and Yeung, Chi Ho and Zhang, Yi-Cheng and Zhang, Zi-Ke and Zhou, Tao},
  journal={Physics reports},
  volume={519},
  number={1},
  pages={1--49},
  year={2012},
  publisher={Elsevier}
}


@inproceedings{felt2008privacy,
  title={Privacy protection for social networking platforms},
  author={Felt, Adrienne and Evans, David},
  year={2008},
  organization={Citeseer}
}


@article{constantinides2004influencing,
  title={Influencing the online consumer's behavior: the Web experience},
  author={Constantinides, Efthymios},
  journal={Internet research},
  volume={14},
  number={2},
  pages={111--126},
  year={2004},
  publisher={Emerald Group Publishing Limited}
}


@article{tamkin2021understanding_capbility_of_LLM,
  title={Understanding the capabilities, limitations, and societal impact of large language models},
  author={Tamkin, Alex and Brundage, Miles and Clark, Jack and Ganguli, Deep},
  journal={arXiv preprint arXiv:2102.02503},
  year={2021}
}


@article{bi2020intrinsic_moti,
  title={Research on the motives affecting the behavior of short video’s creators},
  author={Bi, Xiang and Tang, Cunchen},
  journal={Ieee Access},
  volume={8},
  pages={188415--188428},
  year={2020},
  publisher={IEEE}
}


@book{jenkins2014social_identity,
  title={Social identity},
  author={Jenkins, Richard},
  year={2014},
  publisher={Routledge}
}


@article{liang2024ensureTimeliness,
  title={Ensure Timeliness and Accuracy: A Novel Sliding Window Data Stream Paradigm for Live Streaming Recommendation},
  author={Liang, Fengqi and Zheng, Baigong and Zhao, Liqin and Zhou, Guorui and Wang, Qian and Niu, Yanan},
  journal={arXiv preprint arXiv:2402.14399},
  year={2024}
}


@article{kunaver2017diversity_survey,
  title={Diversity in recommender systems--A survey},
  author={Kunaver, Matev{\v{z}} and Po{\v{z}}rl, Toma{\v{z}}},
  journal={Knowledge-based systems},
  volume={123},
  pages={154--162},
  year={2017},
  publisher={Elsevier}
}


@misc{mullainathan2000behavioral_ecnomics,
  title={Behavioral economics},
  author={Mullainathan, Sendhil and Thaler, Richard H},
  year={2000},
  publisher={National Bureau of Economic Research Cambridge, Mass., USA}
}

@inproceedings{shen2023hyperbandit,
  title={HyperBandit: Contextual Bandit with Hypernewtork for Time-Varying User Preferences in Streaming Recommendation},
  author={Shen, Chenglei and Zhang, Xiao and Wei, Wei and Xu, Jun},
  booktitle={Proceedings of the 32nd ACM International Conference on Information and Knowledge Management},
  pages={2239--2248},
  year={2023}
}


@article{schulman2017ppo,
  title={Proximal policy optimization algorithms},
  author={Schulman, John and Wolski, Filip and Dhariwal, Prafulla and Radford, Alec and Klimov, Oleg},
  journal={arXiv preprint arXiv:1707.06347},
  year={2017}
}

@inproceedings{nguyen2014explor_filter_bubble,
  title={Exploring the filter bubble: the effect of using recommender systems on content diversity},
  author={Nguyen, Tien T and Hui, Pik-Mai and Harper, F Maxwell and Terveen, Loren and Konstan, Joseph A},
  booktitle={Proceedings of the 23rd international conference on World wide web},
  pages={677--686},
  year={2014}
}


@article{ben2020content_provider_dynamics,
  title={Content provider dynamics and coordination in recommendation ecosystems},
  author={Ben-Porat, Omer and Rosenberg, Itay and Tennenholtz, Moshe},
  journal={Advances in Neural Information Processing Systems},
  volume={33},
  pages={18931--18941},
  year={2020}
}


@inproceedings{hohnhold2015focusing,
  title={Focusing on the long-term: It's good for users and business},
  author={Hohnhold, Henning and O'Brien, Deirdre and Tang, Diane},
  booktitle={Proceedings of the 21th ACM SIGKDD International Conference on Knowledge Discovery and Data Mining},
  pages={1849--1858},
  year={2015}
}


@article{zangerle2022evaluating_RS_survey,
  title={Evaluating recommender systems: survey and framework},
  author={Zangerle, Eva and Bauer, Christine},
  journal={ACM Computing Surveys},
  volume={55},
  number={8},
  pages={1--38},
  year={2022},
  publisher={ACM New York, NY}
}


@article{bhargava2022creator_economy,
  title={The creator economy: Managing ecosystem supply, revenue sharing, and platform design},
  author={Bhargava, Hemant K},
  journal={Management Science},
  volume={68},
  number={7},
  pages={5233--5251},
  year={2022},
  publisher={INFORMS}
}


@article{vskripcova2017motivations_incentives,
  title={Motivations and incentives of community media content creators: A case study of SpodN{\'a}s},
  author={{\v{S}}kripcov{\'a}, Lucia},
  journal={Communication Today},
  volume={8},
  number={2},
  pages={30--41},
  year={2017},
  publisher={Univerzita sv. Cyrila a Metoda v Trnave, Fakulta masmedi{\'a}lnej komunik{\'a}cie}
}

@inproceedings{ma2022im_not_a_youtuber,
  title={“I am not a YouTuber who can make whatever video I want. I have to keep appeasing algorithms”: Bureaucracy of Creator Moderation on YouTube},
  author={Ma, Renkai and Kou, Yubo},
  booktitle={Companion Publication of the 2022 Conference on Computer Supported Cooperative Work and Social Computing},
  pages={8--13},
  year={2022}
}

@article{chen2017performance_evaluation_of_RS,
  title={Performance evaluation of recommender systems},
  author={Chen, Mingang and Liu, Pan},
  journal={International Journal of Performability Engineering},
  volume={13},
  number={8},
  pages={1246},
  year={2017}
}


@inproceedings{kohavi2012trustworthy_online_controlled,
  title={Trustworthy online controlled experiments: Five puzzling outcomes explained},
  author={Kohavi, Ron and Deng, Alex and Frasca, Brian and Longbotham, Roger and Walker, Toby and Xu, Ya},
  booktitle={Proceedings of the 18th ACM SIGKDD international conference on Knowledge discovery and data mining},
  pages={786--794},
  year={2012}
}

@article{brockman2016openai_gym,
  title={OpenAI Gym},
  author={Brockman, G},
  journal={arXiv preprint arXiv:1606.01540},
  year={2016}
}

@article{zhao2019toward_simulating,
  title={Toward simulating environments in reinforcement learning based recommendations},
  author={Zhao, Xiangyu and Xia, Long and Zou, Lixin and Yin, Dawei and Tang, Jiliang},
  journal={arXiv preprint arXiv:1906.11462},
  year={2019}
}


@inproceedings{kohavi2012trustworthy_online,
  title={Trustworthy online controlled experiments: Five puzzling outcomes explained},
  author={Kohavi, Ron and Deng, Alex and Frasca, Brian and Longbotham, Roger and Walker, Toby and Xu, Ya},
  booktitle={Proceedings of the 18th ACM SIGKDD international conference on Knowledge discovery and data mining},
  pages={786--794},
  year={2012}
}


@article{jannach2020escaping,
  title={Escaping the McNamara fallacy: Towards more impactful recommender systems research},
  author={Jannach, Dietmar and Bauer, Christine},
  journal={Ai Magazine},
  volume={41},
  number={4},
  pages={79--95},
  year={2020}
}

@inproceedings{jannach2012recommender_landscape,
  title={Recommender systems in computer science and information systems--a landscape of research},
  author={Jannach, Dietmar and Zanker, Markus and Ge, Mouzhi and Gr{\"o}ning, Marian},
  booktitle={E-Commerce and Web Technologies: 13th International Conference, EC-Web 2012, Vienna, Austria, September 4-5, 2012. Proceedings 13},
  pages={76--87},
  year={2012},
  organization={Springer}
}


@article{herlocker2004evaluatingCF_RS,
  title={Evaluating collaborative filtering recommender systems},
  author={Herlocker, Jonathan L and Konstan, Joseph A and Terveen, Loren G and Riedl, John T},
  journal={ACM Transactions on Information Systems (TOIS)},
  volume={22},
  number={1},
  pages={5--53},
  year={2004},
  publisher={ACM New York, NY, USA}
}


@article{willmott2005MAE,
  title={Advantages of the mean absolute error (MAE) over the root mean square error (RMSE) in assessing average model performance},
  author={Willmott, Cort J and Matsuura, Kenji},
  journal={Climate research},
  volume={30},
  number={1},
  pages={79--82},
  year={2005}
}


@article{lange2007publicly_private,
  title={Publicly private and privately public: Social networking on YouTube},
  author={Lange, Patricia G},
  journal={Journal of computer-mediated communication},
  volume={13},
  number={1},
  pages={361--380},
  year={2007},
  publisher={Oxford University Press Oxford, UK}
}


@article{ouyang2022training,
  title={Training language models to follow instructions with human feedback},
  author={Ouyang, Long and Wu, Jeffrey and Jiang, Xu and Almeida, Diogo and Wainwright, Carroll and Mishkin, Pamela and Zhang, Chong and Agarwal, Sandhini and Slama, Katarina and Ray, Alex and others},
  journal={Advances in neural information processing systems},
  volume={35},
  pages={27730--27744},
  year={2022}
}


@inproceedings{wkeglarczyk2018kde,
  title={Kernel density estimation and its application},
  author={W{\k{e}}glarczyk, Stanis{\l}aw},
  booktitle={ITM web of conferences},
  volume={23},
  pages={00037},
  year={2018},
  organization={EDP Sciences}
}


@inproceedings{chen2021values_of_user_exploration,
  title={Values of user exploration in recommender systems},
  author={Chen, Minmin and Wang, Yuyan and Xu, Can and Le, Ya and Sharma, Mohit and Richardson, Lee and Wu, Su-Lin and Chi, Ed},
  booktitle={Proceedings of the 15th ACM Conference on Recommender Systems},
  pages={85--95},
  year={2021}
}


@inproceedings{carbonell1998mmr,
  title={The use of MMR, diversity-based reranking for reordering documents and producing summaries},
  author={Carbonell, Jaime and Goldstein, Jade},
  booktitle={Proceedings of the 21st annual international ACM SIGIR conference on Research and development in information retrieval},
  pages={335--336},
  year={1998}
}


@inproceedings{teo2016apdr,
  title={Adaptive, personalized diversity for visual discovery},
  author={Teo, Choon Hui and Nassif, Houssam and Hill, Daniel and Srinivasan, Sriram and Goodman, Mitchell and Mohan, Vijai and Vishwanathan, SVN},
  booktitle={Proceedings of the 10th ACM conference on recommender systems},
  pages={35--38},
  year={2016}
}


@inproceedings{morik2020fairco,
  title={Controlling fairness and bias in dynamic learning-to-rank},
  author={Morik, Marco and Singh, Ashudeep and Hong, Jessica and Joachims, Thorsten},
  booktitle={Proceedings of the 43rd international ACM SIGIR conference on research and development in information retrieval},
  pages={429--438},
  year={2020}
}



@article{koren2009mf,
  title={Matrix factorization techniques for recommender systems},
  author={Koren, Yehuda and Bell, Robert and Volinsky, Chris},
  journal={Computer},
  volume={42},
  number={8},
  pages={30--37},
  year={2009},
  publisher={IEEE}
}


@article{yao2024hdflow,
  title={HDFlow: Enhancing LLM Complex Problem-Solving with Hybrid Thinking and Dynamic Workflows},
  author={Yao, Wenlin and Mi, Haitao and Yu, Dong},
  journal={arXiv preprint arXiv:2409.17433},
  year={2024}
}


@article{lin2024swiftsage,
  title={Swiftsage: A generative agent with fast and slow thinking for complex interactive tasks},
  author={Lin, Bill Yuchen and Fu, Yicheng and Yang, Karina and Brahman, Faeze and Huang, Shiyu and Bhagavatula, Chandra and Ammanabrolu, Prithviraj and Choi, Yejin and Ren, Xiang},
  journal={Advances in Neural Information Processing Systems},
  volume={36},
  year={2024}
}


@inproceedings{sun2023take,
  title={Take a fresh look at recommender systems from an evaluation standpoint},
  author={Sun, Aixin},
  booktitle={Proceedings of the 46th International ACM SIGIR Conference on Research and Development in Information Retrieval},
  pages={2629--2638},
  year={2023}
}

@article{zhao2023competeai,
  title={Competeai: Understanding the competition behaviors in large language model-based agents},
  author={Zhao, Qinlin and Wang, Jindong and Zhang, Yixuan and Jin, Yiqiao and Zhu, Kaijie and Chen, Hao and Xie, Xing},
  journal={arXiv preprint arXiv:2310.17512},
  year={2023}
}


@inproceedings{el2022quantifying_creator_economy,
  title={Quantifying the creator economy: A large-scale analysis of patreon},
  author={El Sanyoura, Lana and Anderson, Ashton},
  booktitle={Proceedings of the International AAAI Conference on Web and Social Media},
  volume={16},
  pages={829--840},
  year={2022}
}

@inproceedings{wu2017returning_is_believing,
  title={Returning is believing: Optimizing long-term user engagement in recommender systems},
  author={Wu, Qingyun and Wang, Hongning and Hong, Liangjie and Shi, Yue},
  booktitle={Proceedings of the 2017 ACM on Conference on Information and Knowledge Management},
  pages={1927--1936},
  year={2017}
}


@article{burke2016towards_multistakeholder_evaluation,
  title={Towards multi-stakeholder utility evaluation of recommender systems.},
  author={Burke, Robin D and Abdollahpouri, Himan and Mobasher, Bamshad and Gupta, Trinadh},
  journal={UMAP (Extended Proceedings)},
  volume={750},
  year={2016}
}


@inproceedings{zou2019RL4long-term_user_engage,
  title={Reinforcement learning to optimize long-term user engagement in recommender systems},
  author={Zou, Lixin and Xia, Long and Ding, Zhuoye and Song, Jiaxing and Liu, Weidong and Yin, Dawei},
  booktitle={Proceedings of the 25th ACM SIGKDD international conference on knowledge discovery \& data mining},
  pages={2810--2818},
  year={2019}
}


@article{zhang2024large_scale_influencer_selection,
  title={A large-scale time-aware agents simulation for influencer selection in digital advertising campaigns},
  author={Zhang, Xiaoqing and Chen, Xiuying and Liu, Yuhan and Wang, Jianzhou and Hu, Zhenxing and Yan, Rui},
  journal={arXiv preprint arXiv:2411.01143},
  year={2024}
}


@inproceedings{saito2024long_term_off_policy_saito,
  title={Long-term Off-Policy Evaluation and Learning},
  author={Saito, Yuta and Abdollahpouri, Himan and Anderton, Jesse and Carterette, Ben and Lalmas, Mounia},
  booktitle={Proceedings of the ACM on Web Conference 2024},
  pages={3432--3443},
  year={2024}
}


@article{mladenov2021recsimng,
  title={Recsim ng: Toward principled uncertainty modeling for recommender ecosystems},
  author={Mladenov, Martin and Hsu, Chih-Wei and Jain, Vihan and Ie, Eugene and Colby, Christopher and Mayoraz, Nicolas and Pham, Hubert and Tran, Dustin and Vendrov, Ivan and Boutilier, Craig},
  journal={arXiv preprint arXiv:2103.08057},
  year={2021}
}

@article{zhang2023simuLine,
  title={Simulating news recommendation ecosystem for fun and profit},
  author={Zhang, Guangping and Li, Dongsheng and Gu, Hansu and Lu, Tun and Shang, Li and Gu, Ning},
  journal={arXiv preprint arXiv:2305.14103},
  year={2023}
}


@article{menendez1997JS_div,
  title={The jensen-shannon divergence},
  author={Men{\'e}ndez, Mar{\'\i}a Luisa and Pardo, JA and Pardo, L and Pardo, MC},
  journal={Journal of the Franklin Institute},
  volume={334},
  number={2},
  pages={307--318},
  year={1997},
  publisher={Elsevier}
}


@inproceedings{lee2023Periodic_update_RS,
  title={How Important is Periodic Model update in Recommender System?},
  author={Lee, Hyunsung and Yoo, Sungwook and Lee, Dongjun and Kim, Jaekwang},
  booktitle={Proceedings of the 46th International ACM SIGIR Conference on Research and Development in Information Retrieval},
  pages={2661--2668},
  year={2023}
}

@article{zhang2017timeliness,
  title={Timeliness in recommender systems},
  author={Zhang, Fuguo and Liu, Qihua and Zeng, An},
  journal={Expert Systems with Applications},
  volume={85},
  pages={270--278},
  year={2017},
  publisher={Elsevier}
}

@article{liang2024ensure_timeliness,
  title={Ensure Timeliness and Accuracy: A Novel Sliding Window Data Stream Paradigm for Live Streaming Recommendation},
  author={Liang, Fengqi and Zheng, Baigong and Zhao, Liqin and Zhou, Guorui and Wang, Qian and Niu, Yanan},
  journal={arXiv preprint arXiv:2402.14399},
  year={2024}
}



@article{wei2022cot,
  title={Chain-of-thought prompting elicits reasoning in large language models},
  author={Wei, Jason and Wang, Xuezhi and Schuurmans, Dale and Bosma, Maarten and Xia, Fei and Chi, Ed and Le, Quoc V and Zhou, Denny and others},
  journal={Advances in neural information processing systems},
  volume={35},
  pages={24824--24837},
  year={2022}
}


@article{stein2013policy_youtube,
  title={Policy and participation on social media: The cases of YouTube, Facebook, and Wikipedia},
  author={Stein, Laura},
  journal={Communication, Culture \& Critique},
  volume={6},
  number={3},
  pages={353--371},
  year={2013},
  publisher={Oxford University Press}
}