@inproceedings{africanlanguages2023,
  author       = {Jessica Ojo and
                  Kelechi Ogueji},
  title        = {How good are Commercial Large Language Models on African Languages?}

@article{bioinformatics2024,
  author       = {Jiajia Liu and
                  Mengyuan Yang and
                  Yankai Yu and
                  Haixia Xu and
                  Kang Li and
                  Xiaobo Zhou},
  title        = {Large language models in bioinformatics: applications and perspectives},
  journal      = {CoRR},
  volume       = {abs/2401.04155},
  year         = {2024},
  url          = {https://doi.org/10.48550/arXiv.2401.04155},
  doi          = {10.48550/ARXIV.2401.04155},
  eprinttype    = {arXiv},
  eprint       = {2401.04155},
  timestamp    = {Fri, 26 Jan 2024 12:45:12 +0100},
  biburl       = {https://dblp.org/rec/journals/corr/abs-2401-04155.bib},
  bibsource    = {dblp computer science bibliography, https://dblp.org}
}

@article{cedille2022,
  author       = {Martin M{\"{u}}ller and
                  Florian Laurent},
  title        = {Cedille: {A} large autoregressive French language model},
  journal      = {CoRR},
  volume       = {abs/2202.03371},
  year         = {2022},
  url          = {https://arxiv.org/abs/2202.03371},
  eprinttype    = {arXiv},
  eprint       = {2202.03371},
  timestamp    = {Wed, 09 Feb 2022 15:43:35 +0100},
  biburl       = {https://dblp.org/rec/journals/corr/abs-2202-03371.bib},
  bibsource    = {dblp computer science bibliography, https://dblp.org}
}

@article{chen2024overview,
  author       = {Minshuo Chen and
                  Song Mei and
                  Jianqing Fan and
                  Mengdi Wang},
  title        = {An Overview of Diffusion Models: Applications, Guided Generation,
                  Statistical Rates and Optimization},
  journal      = {CoRR},
  volume       = {abs/2404.07771},
  year         = {2024},
  url          = {https://doi.org/10.48550/arXiv.2404.07771},
  doi          = {10.48550/ARXIV.2404.07771},
  eprinttype    = {arXiv},
  eprint       = {2404.07771},
  timestamp    = {Thu, 16 May 2024 13:49:33 +0200},
  biburl       = {https://dblp.org/rec/journals/corr/abs-2404-07771.bib},
  bibsource    = {dblp computer science bibliography, https://dblp.org}
}

@article{goldfish2024,
  author       = {Tyler A. Chang and
                  Catherine Arnett and
                  Zhuowen Tu and
                  Benjamin K. Bergen},
  title        = {Goldfish: Monolingual Language Models for 350 Languages},
  journal      = {CoRR},
  volume       = {abs/2408.10441},
  year         = {2024},
  url          = {https://doi.org/10.48550/arXiv.2408.10441},
  doi          = {10.48550/ARXIV.2408.10441},
  eprinttype    = {arXiv},
  eprint       = {2408.10441},
  timestamp    = {Tue, 24 Sep 2024 17:36:31 +0200},
  biburl       = {https://dblp.org/rec/journals/corr/abs-2408-10441.bib},
  bibsource    = {dblp computer science bibliography, https://dblp.org}
}

@inproceedings{li2023multivariate,
  author       = {Raghav Singhal and
                  Mark Goldstein and
                  Rajesh Ranganath},
  title        = {Where to Diffuse, How to Diffuse, and How to Get Back: Automated Learning
                  for Multivariate Diffusions},
  booktitle    = {The Eleventh International Conference on Learning Representations,
                  {ICLR} 2023, Kigali, Rwanda, May 1-5, 2023},
  publisher    = {OpenReview.net},
  year         = {2023},
  url          = {https://openreview.net/forum?id=osei3IzUia},
  timestamp    = {Wed, 24 Jul 2024 16:50:34 +0200},
  biburl       = {https://dblp.org/rec/conf/iclr/SinghalGR23.bib},
  bibsource    = {dblp computer science bibliography, https://dblp.org}
}

@inproceedings{li2023nonautoregressive,
  author       = {Yifan Li and
                  Kun Zhou and
                  Wayne Xin Zhao and
                  Ji{-}Rong Wen},
  title        = {Diffusion Models for Non-autoregressive Text Generation: {A} Survey},
  booktitle    = {Proceedings of the Thirty-Second International Joint Conference on
                  Artificial Intelligence, {IJCAI} 2023, 19th-25th August 2023, Macao,
                  SAR, China},
  pages        = {6692--6701},
  publisher    = {ijcai.org},
  year         = {2023},
  url          = {https://doi.org/10.24963/ijcai.2023/750},
  doi          = {10.24963/IJCAI.2023/750},
  timestamp    = {Tue, 15 Oct 2024 16:43:28 +0200},
  biburl       = {https://dblp.org/rec/conf/ijcai/0009ZZW23.bib},
  bibsource    = {dblp computer science bibliography, https://dblp.org}
}

@article{psycholinguistics2023,
  author       = {Conor J. Houghton and
                  Nina Kazanina and
                  Priyanka Sukumaran},
  title        = {Beyond the limitations of any imaginable mechanism: large language
                  models and psycholinguistics},
  journal      = {CoRR},
  volume       = {abs/2303.00077},
  year         = {2023},
  url          = {https://doi.org/10.48550/arXiv.2303.00077},
  doi          = {10.48550/ARXIV.2303.00077},
  eprinttype    = {arXiv},
  eprint       = {2303.00077},
  timestamp    = {Thu, 09 Mar 2023 09:08:53 +0100},
  biburl       = {https://dblp.org/rec/journals/corr/abs-2303-00077.bib},
  bibsource    = {dblp computer science bibliography, https://dblp.org}
}

@article{shahzamal2019dynamic,
  author       = {Md Shahzamal},
  title        = {Diffusion on dynamic contact networks with indirect transmission links},
  journal      = {CoRR},
  volume       = {abs/1906.02856},
  year         = {2019},
  url          = {http://arxiv.org/abs/1906.02856},
  eprinttype    = {arXiv},
  eprint       = {1906.02856},
  timestamp    = {Fri, 14 Jun 2019 09:38:24 +0200},
  biburl       = {https://dblp.org/rec/journals/corr/abs-1906-02856.bib},
  bibsource    = {dblp computer science bibliography, https://dblp.org}
}

@article{translation2023,
  author       = {Gabriel Nicholas and
                  Aliya Bhatia},
  title        = {Lost in Translation: Large Language Models in Non-English Content
                  Analysis},
  journal      = {CoRR},
  volume       = {abs/2306.07377},
  year         = {2023},
  url          = {https://doi.org/10.48550/arXiv.2306.07377},
  doi          = {10.48550/ARXIV.2306.07377},
  eprinttype    = {arXiv},
  eprint       = {2306.07377},
  timestamp    = {Sat, 17 Jun 2023 18:52:05 +0200},
  biburl       = {https://dblp.org/rec/journals/corr/abs-2306-07377.bib},
  bibsource    = {dblp computer science bibliography, https://dblp.org}
}

@article{wang2024diffusion,
  title={Diffusion Model with Representation Alignment for Protein Inverse Folding},
  author={Wang, Chenglin and Zhou, Yucheng and Zhai, Zijie and Shen, Jianbing and Zhang, Kai},
  journal={arXiv preprint arXiv:2412.09380},
  year={2024}
}

@article{wang2024insectmamba,
  title={Insectmamba: Insect pest classification with state space model},
  author={Wang, Qianning and Wang, Chenglin and Lai, Zhixin and Zhou, Yucheng},
  journal={arXiv preprint arXiv:2404.03611},
  year={2024}
}

@article{zhang2023diffusion,
  author       = {Yanbo Zhang and
                  Benedikt Hartl and
                  Hananel Hazan and
                  Michael Levin},
  title        = {Diffusion Models are Evolutionary Algorithms},
  journal      = {CoRR},
  volume       = {abs/2410.02543},
  year         = {2024},
  url          = {https://doi.org/10.48550/arXiv.2410.02543},
  doi          = {10.48550/ARXIV.2410.02543},
  eprinttype    = {arXiv},
  eprint       = {2410.02543},
  timestamp    = {Thu, 07 Nov 2024 15:42:47 +0100},
  biburl       = {https://dblp.org/rec/journals/corr/abs-2410-02543.bib},
  bibsource    = {dblp computer science bibliography, https://dblp.org}
}

@inproceedings{zhou2021improving,
  title={Improving zero-shot cross-lingual transfer for multilingual question answering over knowledge graph},
  author={Zhou, Yucheng and Geng, Xiubo and Shen, Tao and Zhang, Wenqiang and Jiang, Daxin},
  booktitle={Proceedings of the 2021 Conference of the North American Chapter of the Association for Computational Linguistics: Human Language Technologies},
  pages={5822--5834},
  year={2021}
}

@article{zhou2021modeling,
  title={Modeling event-pair relations in external knowledge graphs for script reasoning},
  author={Zhou, Yucheng and Geng, Xiubo and Shen, Tao and Pei, Jian and Zhang, Wenqiang and Jiang, Daxin},
  journal={Findings of the Association for Computational Linguistics: ACL-IJCNLP 2021},
  year={2021},
  publisher={Association for Computational Linguistics}
}

@inproceedings{zhou2022claret,
  title={ClarET: Pre-training a Correlation-Aware Context-To-Event Transformer for Event-Centric Generation and Classification},
  author={Zhou, Yucheng and Shen, Tao and Geng, Xiubo and Long, Guodong and Jiang, Daxin},
  booktitle={Proceedings of the 60th Annual Meeting of the Association for Computational Linguistics (Volume 1: Long Papers)},
  pages={2559--2575},
  year={2022}
}

@inproceedings{zhou2022eventbert,
  title={Eventbert: A pre-trained model for event correlation reasoning},
  author={Zhou, Yucheng and Geng, Xiubo and Shen, Tao and Long, Guodong and Jiang, Daxin},
  booktitle={Proceedings of the ACM Web Conference 2022},
  pages={850--859},
  year={2022}
}

@inproceedings{zhou2023style,
  title={Style-Aware Contrastive Learning for Multi-Style Image Captioning},
  author={Zhou, Yucheng and Long, Guodong},
  booktitle={Findings of the Association for Computational Linguistics: EACL 2023},
  pages={2257--2267},
  year={2023}
}

@inproceedings{zhou2024fine,
  title={Fine-grained distillation for long document retrieval},
  author={Zhou, Yucheng and Shen, Tao and Geng, Xiubo and Tao, Chongyang and Shen, Jianbing and Long, Guodong and Xu, Can and Jiang, Daxin},
  booktitle={Proceedings of the AAAI Conference on Artificial Intelligence},
  volume={38},
  number={17},
  pages={19732--19740},
  year={2024}
}

@misc{zhou2024less,
  title={Less Is More: Vision Representation Compression for Efficient Video Generation with Large Language Models},
  author={Zhou, Yucheng and Zhang, Jihai and Chen, Guanjie and Shen, Jianbing and Cheng, Yu},
  year={2024},
  publisher={OpenReview}
}

