@article{Cao2023InstructMolMI,
  title={InstructMol: Multi-Modal Integration for Building a Versatile and Reliable Molecular Assistant in Drug Discovery},
  author={He Cao and Zijing Liu and Xingyu Lu and Yuan Yao and Yu Li},
  journal={ArXiv},
  year={2023},
  volume={abs/2311.16208},
  url={https://api.semanticscholar.org/CorpusID:265466509}
}

@article{Edwards2022TranslationBM,
  title={Translation between Molecules and Natural Language},
  author={Carl N. Edwards and T. Lai and Kevin Ros and Garrett Honke and Heng Ji},
  journal={ArXiv},
  year={2022},
  volume={abs/2204.11817},
  url={https://api.semanticscholar.org/CorpusID:248376906}
}

@article{Fang2023MolInstructionsAL,
  title={Mol-Instructions: A Large-Scale Biomolecular Instruction Dataset for Large Language Models},
  author={Yin Fang and Xiaozhuan Liang and Ningyu Zhang and Kangwei Liu and Rui Huang and Zhuo Chen and Xiaohui Fan and Huajun Chen},
  journal={ArXiv},
  year={2023},
  volume={abs/2306.08018},
  url={https://api.semanticscholar.org/CorpusID:259164901}
}

@article{Liu2023MolCAMG,
  title={MolCA: Molecular Graph-Language Modeling with Cross-Modal Projector and Uni-Modal Adapter},
  author={Zhiyuan Liu and Sihang Li and Yancheng Luo and Hao Fei and Yixin Cao and Kenji Kawaguchi and Xiang Wang and Tat-Seng Chua},
  journal={ArXiv},
  year={2023},
  volume={abs/2310.12798},
  url={https://api.semanticscholar.org/CorpusID:264306303}
}

@article{Liu_2024,
   title={GIT-Mol: A multi-modal large language model for molecular science with graph, image, and text},
   volume={171},
   ISSN={0010-4825},
   url={http://dx.doi.org/10.1016/j.compbiomed.2024.108073},
   DOI={10.1016/j.compbiomed.2024.108073},
   journal={Computers in Biology and Medicine},
   publisher={Elsevier BV},
   author={Liu, Pengfei and Ren, Yiming and Tao, Jun and Ren, Zhixiang},
   year={2024},
   month=mar, pages={108073} }

@article{Meng2024SimPOSP,
  title={SimPO: Simple Preference Optimization with a Reference-Free Reward},
  author={Yu Meng and Mengzhou Xia and Danqi Chen},
  journal={ArXiv},
  year={2024},
  volume={abs/2405.14734},
  url={https://api.semanticscholar.org/CorpusID:269983560}
}

@article{Pei2024BioT5TG,
  title={BioT5+: Towards Generalized Biological Understanding with IUPAC Integration and Multi-task Tuning},
  author={Qizhi Pei and Lijun Wu and Kaiyuan Gao and Xiaozhuan Liang and Yin Fang and Jinhua Zhu and Shufang Xie and Tao Qin and Rui Yan},
  journal={ArXiv},
  year={2024},
  volume={abs/2402.17810},
  url={https://api.semanticscholar.org/CorpusID:268041632}
}

@article{Wang2024mDPOCP,
  title={mDPO: Conditional Preference Optimization for Multimodal Large Language Models},
  author={Fei Wang and Wenxuan Zhou and James Y. Huang and Nan Xu and Sheng Zhang and Hoifung Poon and Muhao Chen},
  journal={ArXiv},
  year={2024},
  volume={abs/2406.11839},
  url={https://api.semanticscholar.org/CorpusID:270560448}
}

@article{Yu2024LlaSMolAL,
  title={LlaSMol: Advancing Large Language Models for Chemistry with a Large-Scale, Comprehensive, High-Quality Instruction Tuning Dataset},
  author={Botao Yu and Frazier N. Baker and Ziqi Chen and Xia Ning and Huan Sun},
  journal={ArXiv},
  year={2024},
  volume={abs/2402.09391},
  url={https://api.semanticscholar.org/CorpusID:267657622}
}

@misc{li2023blip2bootstrappinglanguageimagepretraining,
      title={BLIP-2: Bootstrapping Language-Image Pre-training with Frozen Image Encoders and Large Language Models}, 
      author={Junnan Li and Dongxu Li and Silvio Savarese and Steven Hoi},
      year={2023},
      eprint={2301.12597},
      archivePrefix={arXiv},
      primaryClass={cs.CV},
      url={https://arxiv.org/abs/2301.12597}, 
}

@inproceedings{li20243dmoleculetextinterpretationlanguage,
  title   = {3D-MoLM: Towards 3D Molecule-Text Interpretation in Language Models},
    author={Sihang Li and Zhiyuan Liu and Yanchen Luo and Xiang Wang and Xiangnan He and Kenji Kawaguchi and Tat-Seng Chua and Qi Tian},
    booktitle={ICLR},
    year={2024}
}

@article{mollm,
  title={MolLM: a unified language model for integrating biomedical text with 2D and 3D molecular representations},
  author={Xiangru Tang and Andrew Tran and Jeffrey Tan and Mark B. Gerstein},
  journal={Bioinformatics},
  year={2024},
  volume={40},
  pages={i357 - i368},
  url={https://api.semanticscholar.org/CorpusID:265455405}
}

@inproceedings{molxpt,
  title={MolXPT: Wrapping Molecules with Text for Generative Pre-training},
  author={Zequn Liu and Wei Zhang and Yingce Xia and Lijun Wu and Shufang Xie and Tao Qin and Ming Zhang and Tie-Yan Liu},
  booktitle={ACL},
  year={2023}
}

@misc{pei20243dmolt5unified3dmoleculetext,
      title={3D-MolT5: Towards Unified 3D Molecule-Text Modeling with 3D Molecular Tokenization}, 
      author={Qizhi Pei and Lijun Wu and Kaiyuan Gao and Jinhua Zhu and Rui Yan},
      year={2024},
      eprint={2406.05797},
      archivePrefix={arXiv},
      primaryClass={q-bio.BM},
      url={https://arxiv.org/abs/2406.05797}, 
}

@article{radford2019language,
  added-at = {2022-09-02T13:35:58.000+0200},
  author = {Radford, Alec and Wu, Jeffrey and Child, Rewon and Luan, David and Amodei, Dario and Sutskever, Ilya and others},
  biburl = {https://www.bibsonomy.org/bibtex/2c692ad1906553fce788d166721041c70/msteininger},
  interhash = {61ea7e007d6c95171a2ff3396b1af7d9},
  intrahash = {c692ad1906553fce788d166721041c70},
  journal = {OpenAI blog},
  keywords = {language_model multi-task nlp},
  number = 8,
  pages = 9,
  timestamp = {2022-09-02T13:35:58.000+0200},
  title = {Language models are unsupervised multitask learners},
  volume = 1,
  year = 2019
}

@inproceedings{rafailov2023dpo,
 author = {Rafailov, Rafael and Sharma, Archit and Mitchell, Eric and Manning, Christopher D and Ermon, Stefano and Finn, Chelsea},
 booktitle = {Advances in Neural Information Processing Systems},
 editor = {A. Oh and T. Naumann and A. Globerson and K. Saenko and M. Hardt and S. Levine},
 pages = {53728--53741},
 publisher = {Curran Associates, Inc.},
 title = {Direct Preference Optimization: Your Language Model is Secretly a Reward Model},
 url = {https://proceedings.neurips.cc/paper_files/paper/2023/file/a85b405ed65c6477a4fe8302b5e06ce7-Paper-Conference.pdf},
 volume = {36},
 year = {2023}
}

@misc{raffel2023exploringlimitstransferlearning,
      title={Exploring the Limits of Transfer Learning with a Unified Text-to-Text Transformer}, 
      author={Colin Raffel and Noam Shazeer and Adam Roberts and Katherine Lee and Sharan Narang and Michael Matena and Yanqi Zhou and Wei Li and Peter J. Liu},
      year={2023},
      eprint={1910.10683},
      archivePrefix={arXiv},
      primaryClass={cs.LG},
      url={https://arxiv.org/abs/1910.10683}, 
}

@misc{zhang2024unimotunifiedmoleculetextlanguage,
      title={UniMoT: Unified Molecule-Text Language Model with Discrete Token Representation}, 
      author={Juzheng Zhang and Yatao Bian and Yongqiang Chen and Quanming Yao},
      year={2024},
      eprint={2408.00863},
      archivePrefix={arXiv},
      primaryClass={cs.CL},
      url={https://arxiv.org/abs/2408.00863}, 
}

