@book{em:86,
  editor  = "Engelmore, Robert and Morgan, Anthony",
  title   = "Blackboard Systems",
  year    = 1986,
  address = "Reading, Mass.",
  publisher = "Addison-Wesley",
}

@inproceedings{c:83,
  author  = "Clancey, William J.",
  year    = 1983,
  title   = "{Communication, Simulation, and Intelligent
Agents: Implications of Personal Intelligent Machines
for Medical Education}",
  booktitle="Proceedings of the Eighth International Joint Conference on Artificial Intelligence {(IJCAI-83)}", 
  pages   = "556-560",
  address = "Menlo Park, Calif",
  publisher = "{IJCAI Organization}",
}
@inproceedings{c:84,
  author  = "Clancey, William J.",
  year    = 1984,
  title   = "{Classification Problem Solving}",
  booktitle = "Proceedings of the Fourth National 
              Conference on Artificial Intelligence",
  pages   = "45-54",
  address = "Menlo Park, Calif.",
  publisher="AAAI Press",
}
@article{r:80,
  author = {Robinson, Arthur L.},
  title = {New Ways to Make Microcircuits Smaller},
  volume = {208},
  number = {4447},
  pages = {1019--1022},
  year = {1980},
  doi = {10.1126/science.208.4447.1019},
  publisher = {American Association for the Advancement of Science},
  issn = {0036-8075},
  URL = {https://science.sciencemag.org/content/208/4447/1019},
  eprint = {https://science.sciencemag.org/content/208/4447/1019.full.pdf},
  journal = {Science},
}
@article{r:80x,
  author  = "Robinson, Arthur L.",
  year    = 1980,
  title   = "{New Ways to Make Microcircuits Smaller---Duplicate Entry}",
  journal = "Science",
  volume  =  208,
  pages   = "1019-1026",
}
@article{hcr:83,
title = {Strategic explanations for a diagnostic consultation system},
journal = {International Journal of Man-Machine Studies},
volume = {20},
number = {1},
pages = {3-19},
year = {1984},
issn = {0020-7373},
doi = {https://doi.org/10.1016/S0020-7373(84)80003-6},
url = {https://www.sciencedirect.com/science/article/pii/S0020737384800036},
author = {Diane Warner Hasling and William J. Clancey and Glenn Rennels},
abstract = {This article examines the problem of automatte explanation of reasoning, especially as it relates to expert systems. By explanation we mean the ability of a program to discuss what it is doing in some understandable way. We first present a general framework in which to view explanation and review some of the research done in this area. We then focus on the explanation system for NEOMYCIN, a medical consultation program. A consultation program interactively helps a user to solve a problem. Our goal is to have NEOMYCIN explain its problem-solving strategies. An explanation of strategy describes the plan the program is using to reach a solution. Such an explanation is usually concrete, referring to aspects of the current problem situation. Abstract explanations articulate a general principle, which can be applied in different situations; such explanations are useful in teaching and in explaining by analogy. We describe the aspects of NEOMYCIN that make abstract strategic explanations possible—the representation of strategic knowledge explicitly and separately from domain knowledge— and demonstrate how this representation can be used to generate explanations.}
}
@article{hcrt:83,
  author  = "Hasling, Diane Warner and Clancey, William J. and Rennels, Glenn R. and Test, Thomas",
  year    = 1983,
  title   = "{Strategic Explanations in Consultation---Duplicate}",
  journal = "The International Journal of Man-Machine Studies",
  volume  = 20,
  number  = 1,
  pages   = "3-19",
}
@techreport{r:86,
  author  = "Rice, James",
  year    = 1986,
  title   = "{Poligon: A System for Parallel Problem Solving}",
  type    = "Technical Report", 
  number  = "KSL-86-19", 
  institution = "Dept.\ of Computer Science, Stanford Univ.",
}
@phdthesis{c:79,
  author  = "Clancey, William J.",
  year    = 1979,
  title   = "{Transfer of Rule-Based Expertise
through a Tutorial Dialogue}",
  type    = "{Ph.D.} diss.",
  school  = "Dept.\ of Computer Science, Stanford Univ.",
  address = "Stanford, Calif.",
}
@unpublished{c:21,
  author  = "Clancey, William J.",
  title   = "{The Engineering of Qualitative Models}",
  year    = 2021,
  note    = "Forthcoming",
}
@misc{c:22,
      title={Attention Is All You Need}, 
      author={Ashish Vaswani and Noam Shazeer and Niki Parmar and Jakob Uszkoreit and Llion Jones and Aidan N. Gomez and Lukasz Kaiser and Illia Polosukhin},
      year={2017},
      eprint={1706.03762},
      archivePrefix={arXiv},
      primaryClass={cs.CL}
}
@misc{c:23,
  title        = "Pluto: The 'Other' Red Planet",
  author       = "{NASA}",
  howpublished = "\url{https://www.nasa.gov/nh/pluto-the-other-red-planet}",
  year         = 2015,
  note         = "Accessed: 2018-12-06"
}

% InstrucMol
@article{Cao2023InstructMolMI,
  title={InstructMol: Multi-Modal Integration for Building a Versatile and Reliable Molecular Assistant in Drug Discovery},
  author={He Cao and Zijing Liu and Xingyu Lu and Yuan Yao and Yu Li},
  journal={ArXiv},
  year={2023},
  volume={abs/2311.16208},
  url={https://api.semanticscholar.org/CorpusID:265466509}
}

% MolCA
@article{Liu2023MolCAMG,
  title={MolCA: Molecular Graph-Language Modeling with Cross-Modal Projector and Uni-Modal Adapter},
  author={Zhiyuan Liu and Sihang Li and Yancheng Luo and Hao Fei and Yixin Cao and Kenji Kawaguchi and Xiang Wang and Tat-Seng Chua},
  journal={ArXiv},
  year={2023},
  volume={abs/2310.12798},
  url={https://api.semanticscholar.org/CorpusID:264306303}
}

%Mol-Instruction
@article{Fang2023MolInstructionsAL,
  title={Mol-Instructions: A Large-Scale Biomolecular Instruction Dataset for Large Language Models},
  author={Yin Fang and Xiaozhuan Liang and Ningyu Zhang and Kangwei Liu and Rui Huang and Zhuo Chen and Xiaohui Fan and Huajun Chen},
  journal={ArXiv},
  year={2023},
  volume={abs/2306.08018},
  url={https://api.semanticscholar.org/CorpusID:259164901}
}

% BioT5+
@article{Pei2024BioT5TG,
  title={BioT5+: Towards Generalized Biological Understanding with IUPAC Integration and Multi-task Tuning},
  author={Qizhi Pei and Lijun Wu and Kaiyuan Gao and Xiaozhuan Liang and Yin Fang and Jinhua Zhu and Shufang Xie and Tao Qin and Rui Yan},
  journal={ArXiv},
  year={2024},
  volume={abs/2402.17810},
  url={https://api.semanticscholar.org/CorpusID:268041632}
}

% LlaSMol
@article{Yu2024LlaSMolAL,
  title={LlaSMol: Advancing Large Language Models for Chemistry with a Large-Scale, Comprehensive, High-Quality Instruction Tuning Dataset},
  author={Botao Yu and Frazier N. Baker and Ziqi Chen and Xia Ning and Huan Sun},
  journal={ArXiv},
  year={2024},
  volume={abs/2402.09391},
  url={https://api.semanticscholar.org/CorpusID:267657622}
}

@inproceedings{GPT3,
  title   = {Language Models are Few-Shot Learners},
    author={Tom B. Brown and Benjamin Mann and Nick Ryder and Melanie Subbiah and Jared Kaplan and Prafulla Dhariwal and Arvind Neelakantan and Pranav Shyam and Girish Sastry and Amanda Askell and Sandhini Agarwal and Ariel Herbert-Voss and Gretchen Krueger and Tom Henighan and Rewon Child and Aditya Ramesh and Daniel M. Ziegler and Jeffrey Wu and Clemens Winter and Christopher Hesse and Mark Chen and Eric Sigler and Mateusz Litwin and Scott Gray and Benjamin Chess and Jack Clark and Christopher Berner and Sam McCandlish and Alec Radford and Ilya Sutskever and Dario Amodei},
    booktitle={NeurIPS},
    year={2023}
}

@article{GPT4,
  title={GPT-4 Technical Report},
  author={OpenAI},
  journal={ArXiv},
  year={2023},
  volume={abs/2303.08774}
}

@article{Gemini,
  title={Gemini: A Family of Highly Capable Multimodal Models},
  author={Gemini Team Google},
  journal={ArXiv},
  year={2023},
  volume={abs/2312.11805}
}

@misc{llama2,
      title={Llama 2: Open Foundation and Fine-Tuned Chat Models}, 
      author={Hugo Touvron and Louis Martin and Kevin Stone and Peter Albert and Amjad Almahairi and Yasmine Babaei and Nikolay Bashlykov and Soumya Batra and Prajjwal Bhargava and Shruti Bhosale and Dan Bikel and Lukas Blecher and Cristian Canton Ferrer and Moya Chen and Guillem Cucurull and David Esiobu and Jude Fernandes and Jeremy Fu and Wenyin Fu and Brian Fuller and Cynthia Gao and Vedanuj Goswami and Naman Goyal and Anthony Hartshorn and Saghar Hosseini and Rui Hou and Hakan Inan and Marcin Kardas and Viktor Kerkez and Madian Khabsa and Isabel Kloumann and Artem Korenev and Punit Singh Koura and Marie-Anne Lachaux and Thibaut Lavril and Jenya Lee and Diana Liskovich and Yinghai Lu and Yuning Mao and Xavier Martinet and Todor Mihaylov and Pushkar Mishra and Igor Molybog and Yixin Nie and Andrew Poulton and Jeremy Reizenstein and Rashi Rungta and Kalyan Saladi and Alan Schelten and Ruan Silva and Eric Michael Smith and Ranjan Subramanian and Xiaoqing Ellen Tan and Binh Tang and Ross Taylor and Adina Williams and Jian Xiang Kuan and Puxin Xu and Zheng Yan and Iliyan Zarov and Yuchen Zhang and Angela Fan and Melanie Kambadur and Sharan Narang and Aurelien Rodriguez and Robert Stojnic and Sergey Edunov and Thomas Scialom},
      year={2023},
      eprint={2307.09288},
      archivePrefix={arXiv},
      primaryClass={cs.CL},
      url={https://arxiv.org/abs/2307.09288}, 
}

@article{Liu_2024,
   title={GIT-Mol: A multi-modal large language model for molecular science with graph, image, and text},
   volume={171},
   ISSN={0010-4825},
   url={http://dx.doi.org/10.1016/j.compbiomed.2024.108073},
   DOI={10.1016/j.compbiomed.2024.108073},
   journal={Computers in Biology and Medicine},
   publisher={Elsevier BV},
   author={Liu, Pengfei and Ren, Yiming and Tao, Jun and Ren, Zhixiang},
   year={2024},
   month=mar, pages={108073} }

@misc{zhang2024unimotunifiedmoleculetextlanguage,
      title={UniMoT: Unified Molecule-Text Language Model with Discrete Token Representation}, 
      author={Juzheng Zhang and Yatao Bian and Yongqiang Chen and Quanming Yao},
      year={2024},
      eprint={2408.00863},
      archivePrefix={arXiv},
      primaryClass={cs.CL},
      url={https://arxiv.org/abs/2408.00863}, 
}
@inproceedings{li20243dmoleculetextinterpretationlanguage,
  title   = {3D-MoLM: Towards 3D Molecule-Text Interpretation in Language Models},
    author={Sihang Li and Zhiyuan Liu and Yanchen Luo and Xiang Wang and Xiangnan He and Kenji Kawaguchi and Tat-Seng Chua and Qi Tian},
    booktitle={ICLR},
    year={2024}
}

% SMILES
@article{10.1021/ci00057a005, author = {Weininger, David}, title = {SMILES, a chemical language and information system. 1. introduction to methodology and encoding rules}, year = {1988}, issue_date = {February 1988}, publisher = {American Chemical Society}, address = {USA}, volume = {28}, number = {1}, issn = {0095-2338}, url = {https://doi.org/10.1021/ci00057a005}, doi = {10.1021/ci00057a005}, journal = {J. Chem. Inf. Comput. Sci.}, month = {feb}, pages = {31–36}, numpages = {6} }

% SELFIES
@article{Krenn_2020,
   title={Self-referencing embedded strings (SELFIES): A 100% robust molecular string representation},
   volume={1},
   ISSN={2632-2153},
   url={http://dx.doi.org/10.1088/2632-2153/aba947},
   DOI={10.1088/2632-2153/aba947},
   number={4},
   journal={Machine Learning: Science and Technology},
   publisher={IOP Publishing},
   author={Krenn, Mario and Häse, Florian and Nigam, AkshatKumar and Friederich, Pascal and Aspuru-Guzik, Alan},
   year={2020},
   month=oct, pages={045024} }

% MoleculeSTM
@misc{liu2024multimodalmoleculestructuretextmodel,
      title={Multi-modal Molecule Structure-text Model for Text-based Retrieval and Editing}, 
      author={Shengchao Liu and Weili Nie and Chengpeng Wang and Jiarui Lu and Zhuoran Qiao and Ling Liu and Jian Tang and Chaowei Xiao and Anima Anandkumar},
      year={2024},
      eprint={2212.10789},
      archivePrefix={arXiv},
      primaryClass={cs.LG},
      url={https://arxiv.org/abs/2212.10789}, 
}

@article{Yuyang_2022,
   title={Molecular Contrastive Learning of Representations via Graph Neural Networks},
   volume={4},
   journal={Nature Machine Intelligence},
   author={Yuyang Wang and Jianren Wang and Zhonglin Cao and Amir Barati Farimani},
   year={2022},
   pages={279-287} }

%drugchat
@misc{liang2023drugchatenablingchatgptlikecapabilities,
      title={DrugChat: Towards Enabling ChatGPT-Like Capabilities on Drug Molecule Graphs}, 
      author={Youwei Liang and Ruiyi Zhang and Li Zhang and Pengtao Xie},
      year={2023},
      eprint={2309.03907},
      archivePrefix={arXiv},
      primaryClass={q-bio.BM},
      url={https://arxiv.org/abs/2309.03907}, 
}

%Blip-2
@misc{li2023blip2bootstrappinglanguageimagepretraining,
      title={BLIP-2: Bootstrapping Language-Image Pre-training with Frozen Image Encoders and Large Language Models}, 
      author={Junnan Li and Dongxu Li and Silvio Savarese and Steven Hoi},
      year={2023},
      eprint={2301.12597},
      archivePrefix={arXiv},
      primaryClass={cs.CV},
      url={https://arxiv.org/abs/2301.12597}, 
}

@misc{su2022molecularmultimodalfoundationmodel,
      title={A Molecular Multimodal Foundation Model Associating Molecule Graphs with Natural Language}, 
      author={Bing Su and Dazhao Du and Zhao Yang and Yujie Zhou and Jiangmeng Li and Anyi Rao and Hao Sun and Zhiwu Lu and Ji-Rong Wen},
      year={2022},
      eprint={2209.05481},
      archivePrefix={arXiv},
      primaryClass={cs.LG},
      url={https://arxiv.org/abs/2209.05481}, 
}

@article{Wu2017MoleculeNetAB,
  title={MoleculeNet: a benchmark for molecular machine learning},
  author={Zhenqin Wu and Bharath Ramsundar and Evan N. Feinberg and Joseph Gomes and Caleb Geniesse and Aneesh S. Pappu and Karl Leswing and Vijay S. Pande},
  journal={Chemical Science},
  year={2017},
  volume={9},
  pages={513 - 530},
  url={https://api.semanticscholar.org/CorpusID:217680306}
}

% chebi-20
@article{Edwards2022TranslationBM,
  title={Translation between Molecules and Natural Language},
  author={Carl N. Edwards and T. Lai and Kevin Ros and Garrett Honke and Heng Ji},
  journal={ArXiv},
  year={2022},
  volume={abs/2204.11817},
  url={https://api.semanticscholar.org/CorpusID:248376906}
}

@article{gin,
  title={How Powerful are Graph Neural Networks?},
  author={Keyulu Xu and Weihua Hu and Jure Leskovec and Stefanie Jegelka},
  journal={ArXiv},
  year={2018},
  volume={abs/1810.00826},
  url={https://api.semanticscholar.org/CorpusID:52895589}
}

@article{pubchem,
  title={PubChem 2023 update},
  author={Sunghwan Kim and Jie Chen and Tiejun Cheng and Asta Gindulyte and Jia He and Siqian He and Qingliang Li and Benjamin A. Shoemaker and Paul A. Thiessen and Bo Yu and Leonid Y. Zaslavsky and Jian Zhang and Evan E. Bolton},
  journal={Nucleic acids research},
  year={2022},
  url={https://api.semanticscholar.org/CorpusID:253182955}
}

@article{llava,
  title={Visual Instruction Tuning},
  author={Haotian Liu and Chunyuan Li and Qingyang Wu and Yong Jae Lee},
  journal={ArXiv},
  year={2023},
  volume={abs/2304.08485},
  url={https://api.semanticscholar.org/CorpusID:258179774}
}

@inproceedings{scibert,
  title={SciBERT: A Pretrained Language Model for Scientific Text},
  author={Iz Beltagy and Kyle Lo and Arman Cohan},
  booktitle={Conference on Empirical Methods in Natural Language Processing},
  year={2019},
  url={https://api.semanticscholar.org/CorpusID:202558505}
}

@article{galactica,
  title={Galactica: A Large Language Model for Science},
  author={Ross Taylor and Marcin Kardas and Guillem Cucurull and Thomas Scialom and Anthony S. Hartshorn and Elvis Saravia and Andrew Poulton and Viktor Kerkez and Robert Stojnic},
  journal={ArXiv},
  year={2022},
  volume={abs/2211.09085},
  url={https://api.semanticscholar.org/CorpusID:253553203}
}

@article{lora,
  title={LoRA: Low-Rank Adaptation of Large Language Models},
  author={J. Edward Hu and Yelong Shen and Phillip Wallis and Zeyuan Allen-Zhu and Yuanzhi Li and Shean Wang and Weizhu Chen},
  journal={ArXiv},
  year={2021},
  volume={abs/2106.09685},
  url={https://api.semanticscholar.org/CorpusID:235458009}
}

@misc{raffel2023exploringlimitstransferlearning,
      title={Exploring the Limits of Transfer Learning with a Unified Text-to-Text Transformer}, 
      author={Colin Raffel and Noam Shazeer and Adam Roberts and Katherine Lee and Sharan Narang and Michael Matena and Yanqi Zhou and Wei Li and Peter J. Liu},
      year={2023},
      eprint={1910.10683},
      archivePrefix={arXiv},
      primaryClass={cs.LG},
      url={https://arxiv.org/abs/1910.10683}, 
}

@inproceedings{molxpt,
  title={MolXPT: Wrapping Molecules with Text for Generative Pre-training},
  author={Zequn Liu and Wei Zhang and Yingce Xia and Lijun Wu and Shufang Xie and Tao Qin and Ming Zhang and Tie-Yan Liu},
  booktitle={ACL},
  year={2023}
}

@article{radford2019language,
  added-at = {2022-09-02T13:35:58.000+0200},
  author = {Radford, Alec and Wu, Jeffrey and Child, Rewon and Luan, David and Amodei, Dario and Sutskever, Ilya and others},
  biburl = {https://www.bibsonomy.org/bibtex/2c692ad1906553fce788d166721041c70/msteininger},
  interhash = {61ea7e007d6c95171a2ff3396b1af7d9},
  intrahash = {c692ad1906553fce788d166721041c70},
  journal = {OpenAI blog},
  keywords = {language_model multi-task nlp},
  number = 8,
  pages = 9,
  timestamp = {2022-09-02T13:35:58.000+0200},
  title = {Language models are unsupervised multitask learners},
  volume = 1,
  year = 2019
}

@article{mollm,
  title={MolLM: a unified language model for integrating biomedical text with 2D and 3D molecular representations},
  author={Xiangru Tang and Andrew Tran and Jeffrey Tan and Mark B. Gerstein},
  journal={Bioinformatics},
  year={2024},
  volume={40},
  pages={i357 - i368},
  url={https://api.semanticscholar.org/CorpusID:265455405}
}

@misc{pei20243dmolt5unified3dmoleculetext,
      title={3D-MolT5: Towards Unified 3D Molecule-Text Modeling with 3D Molecular Tokenization}, 
      author={Qizhi Pei and Lijun Wu and Kaiyuan Gao and Jinhua Zhu and Rui Yan},
      year={2024},
      eprint={2406.05797},
      archivePrefix={arXiv},
      primaryClass={q-bio.BM},
      url={https://arxiv.org/abs/2406.05797}, 
}

@misc{llama3,
      title={Introducing Meta Llama 3: The most capable openly available LLM to date}, 
      author={Meta},
      year={2024},
      journal = {OpenAI blog},
      url={https://ai.meta.com/blog/meta-llama-3/}
}

@misc{gemma,
      title={Gemma: Introducing new state-of-the-art open models}, 
      author={Google},
      year={2024},
      journal = {Google blog},
      url={https://blog.google/technology/developers/gemma-open-models/}
}

@misc{jiang2023mistral7b,
      title={Mistral 7B}, 
      author={Albert Q. Jiang and Alexandre Sablayrolles and Arthur Mensch and Chris Bamford and Devendra Singh Chaplot and Diego de las Casas and Florian Bressand and Gianna Lengyel and Guillaume Lample and Lucile Saulnier and Lélio Renard Lavaud and Marie-Anne Lachaux and Pierre Stock and Teven Le Scao and Thibaut Lavril and Thomas Wang and Timothée Lacroix and William El Sayed},
      year={2023},
      eprint={2310.06825},
      archivePrefix={arXiv},
      primaryClass={cs.CL},
      url={https://arxiv.org/abs/2310.06825}, 
}

% USPTO
@article{Lu2022UnifiedDL,
  title={Unified Deep Learning Model for Multitask Reaction Predictions with Explanation},
  author={Jieyu Lu and Yingkai Zhang},
  journal={Journal of chemical information and modeling},
  year={2022},
  url={https://api.semanticscholar.org/CorpusID:247362020}
}

@inproceedings{rafailov2023dpo,
 author = {Rafailov, Rafael and Sharma, Archit and Mitchell, Eric and Manning, Christopher D and Ermon, Stefano and Finn, Chelsea},
 booktitle = {Advances in Neural Information Processing Systems},
 editor = {A. Oh and T. Naumann and A. Globerson and K. Saenko and M. Hardt and S. Levine},
 pages = {53728--53741},
 publisher = {Curran Associates, Inc.},
 title = {Direct Preference Optimization: Your Language Model is Secretly a Reward Model},
 url = {https://proceedings.neurips.cc/paper_files/paper/2023/file/a85b405ed65c6477a4fe8302b5e06ce7-Paper-Conference.pdf},
 volume = {36},
 year = {2023}
}

@article{Wang2024mDPOCP,
  title={mDPO: Conditional Preference Optimization for Multimodal Large Language Models},
  author={Fei Wang and Wenxuan Zhou and James Y. Huang and Nan Xu and Sheng Zhang and Hoifung Poon and Muhao Chen},
  journal={ArXiv},
  year={2024},
  volume={abs/2406.11839},
  url={https://api.semanticscholar.org/CorpusID:270560448}
}


@article{Meng2024SimPOSP,
  title={SimPO: Simple Preference Optimization with a Reference-Free Reward},
  author={Yu Meng and Mengzhou Xia and Danqi Chen},
  journal={ArXiv},
  year={2024},
  volume={abs/2405.14734},
  url={https://api.semanticscholar.org/CorpusID:269983560}
}

