@IEEEtranBSTCTL{BSTcontrol,
CTLuse_forced_etal       = "no",
CTLmax_names_forced_etal = "20",
CTLnames_show_etal       = "19",
CTLname_format_string = "{ff~}{vv~}{ll}{, jj}"
}