@article{BaikJHKHK24,
  author       = {Seung{-}Yeop Baik and
                  Joonghyuk Hahn and
                  Jungin Kim and
                  Aditi and
                  Mingi Jeon and
                  Yo{-}Sub Han and
                  Sang{-}Ki Ko},
  title        = {{CodeComplex}: Dataset for Worst-Case Time Complexity Prediction},
  journal      = {preprint},
  volume       = {arXiv: 2401.08719},
  year         = {2024},
}

@inproceedings{BaoWCB20,
  author       = {Yujia Bao and
                  Menghua Wu and
                  Shiyu Chang and
                  Regina Barzilay},
  title        = {Few-shot Text Classification with Distributional Signatures},
  booktitle    = {8th International Conference on Learning Representations, {ICLR}},
  year         = {2020},
}

@inproceedings{BlumM98,
  author       = {Avrim Blum and
                  Tom M. Mitchell},
  title        = {Combining Labeled and Unlabeled Data with Co-Training},
  booktitle    = {Proceedings of the Eleventh Annual Conference on Computational Learning
                  Theory, {COLT}},
  pages        = {92--100},
  year         = {1998},
}

@inproceedings{ChenHP2022,
  author       = {Hui Chen and
                  Wei Han and
                  Soujanya Poria},
  editor       = {Yoav Goldberg and
                  Zornitsa Kozareva and
                  Yue Zhang},
  title        = {{SAT:} Improving Semi-Supervised Text Classification with Simple Instance-Adaptive
                  Self-Training},
  booktitle    = {Findings of the Association for Computational Linguistics: {EMNLP}},
  pages        = {6141--6146},
  year         = {2022},
}

@inproceedings{ChenZD2020,
  author       = {Jiaao Chen and
                  Zichao Yang and
                  Diyi Yang},
  title        = {MixText: Linguistically-Informed Interpolation of Hidden Space for
                  Semi-Supervised Text Classification},
  booktitle    = {Proceedings of the 58th Annual Meeting of the Association for Computational
                  Linguistics, {ACL}},
  pages        = {2147--2157},
  year         = {2020},
}

@inproceedings{EdunovOAG18,
  author       = {Sergey Edunov and
                  Myle Ott and
                  Michael Auli and
                  David Grangier},
  title        = {Understanding Back-Translation at Scale},
  booktitle    = {Proceedings of the 2018 Conference on Empirical Methods in Natural
                  Language Processing, {EMNLP}},
  pages        = {489--500},
  year         = {2018},
}

@inproceedings{GengLLZJS19,
  author       = {Ruiying Geng and
                  Binhua Li and
                  Yongbin Li and
                  Xiaodan Zhu and
                  Ping Jian and
                  Jian Sun},
  title        = {Induction Networks for Few-Shot Text Classification},
  booktitle    = {Proceedings of the 2019 Conference on Empirical Methods in Natural
                  Language Processing and the 9th International Joint Conference on
                  Natural Language Processing, {EMNLP-IJCNLP}},
  pages        = {3902--3911},
  year         = {2019},
}

@inproceedings{HahnCHLKH21,
  author       = {Joonghyuk Hahn and
                  Hyunjoon Cheon and
                  Kyuyeol Han and
                  Cheongjae Lee and
                  Junseok Kim and
                  Yo{-}Sub Han},
  title        = {Self-Training using Rules of Grammar for Few-Shot {NLU}},
  booktitle    = {Findings of the Association for Computational Linguistics: {EMNLP}},
  pages        = {4576--4581},
  year         = {2021},
}

@inproceedings{Huang0Y0L23,
  author       = {Zhuo Huang and
                  Li Shen and
                  Jun Yu and
                  Bo Han and
                  Tongliang Liu},
  title        = {{FlatMatch}: Bridging Labeled Data and Unlabeled Data with Cross-Sharpness
                  for Semi-Supervised Learning},
  booktitle    = {Advances in Neural Information Processing Systems 36},
  year         = {2023},
}

@article{IshimweNN21,
  author       = {Didier Ishimwe and
                  KimHao Nguyen and
                  ThanhVu Nguyen},
  title        = {Dynaplex: analyzing program complexity using dynamically inferred
                  recurrence relations},
  journal      = {Proceedings of the {ACM} on Programming Languages},
  volume       = {5},
  number       = {{OOPSLA}},
  pages        = {1--23},
  year         = {2021},
}

@inproceedings{KimWOCH22,
  author       = {Hazel H. Kim and
                  Daecheol Woo and
                  Seong Joon Oh and
                  Jeong{-}Won Cha and
                  Yo{-}Sub Han},
  title        = {{ALP:} Data Augmentation Using Lexicalized PCFGs for Few-Shot Text
                  Classification},
  booktitle    = {Thirty-Sixth {AAAI} Conference on Artificial Intelligence},
  pages        = {10894--10902},
  year         = {2022},
}

@inproceedings{Lee2013,
  title={Pseudo-label: The simple and efficient semi-supervised learning method for deep neural networks},
  author={Lee, Dong-Hyun},
  booktitle={Workshop on challenges in representation learning, ICML},
  pages={896},
  year={2013},
}

@article{MoudgalyaRCL23,
  author       = {Kaushik Moudgalya and
                  Ankit Ramakrishnan and
                  Vamsikrishna Chemudupati and
                  Xing Han Lu},
  title        = {{TASTY:} {A} Transformer based Approach to Space and Time complexity},
  journal      = {preprint},
  volume       = {arXiv: 2305.05379},
  year         = {2023},
}

@inproceedings{NieDLWHZ24,
  author       = {Wenhua Nie and
                  Lin Deng and
                  Chang{-}Bo Liu and
                  Jialing Wei and
                  Ruitong Han and
                  Haoran Zheng},
  title        = {{STSPL-SSC:} Semi-Supervised Few-Shot Short Text Clustering with Semantic
                  text similarity Optimized Pseudo-Labels},
  booktitle    = {Findings of the Association for Computational Linguistics, {ACL}},
  pages        = {12174--12185},
  year         = {2024},
}

@article{SajjadiJT2016,
  title={Regularization with stochastic transformations and perturbations for deep semi-supervised learning},
  author={Sajjadi, Mehdi and Javanmardi, Mehran and Tasdizen, Tolga},
  journal={Advances in Neural Information Processing Systems 29},
  volume={29},
  year={2016}
}

@inproceedings{SikkaSKUSZ20,
  author       = {Jagriti Sikka and
                  Kushal Satya and
                  Yaman Kumar and
                  Shagun Uppal and
                  Rajiv Ratn Shah and
                  Roger Zimmermann},
  title        = {Learning Based Methods for Code Runtime Complexity Prediction},
  booktitle    = {Advances in Information Retrieval - 42nd European Conference on {IR}
                  Research, {ECIR} Proceedings,
                  Part {I}},
  volume       = {12035},
  pages        = {313--325},
  year         = {2020},
}

@article{SohnBCZZ2020,
  title={Fixmatch: Simplifying semi-supervised learning with consistency and confidence},
  author={Sohn, Kihyuk and Berthelot, David and Carlini, Nicholas and Zhang, Zizhao and Zhang, Han and Raffel, Colin A and Cubuk, Ekin Dogus and Kurakin, Alexey and Li, Chun-Liang},
  journal={Advances in Neural Information Processing Systems 33},
  volume={33},
  pages={596--608},
  year={2020}
}

@inproceedings{WangCHH2022,
  author       = {Yidong Wang and
                  Hao Chen and
                  Qiang Heng and
                  Wenxin Hou and
                  Yue Fan and
                  Zhen Wu and
                  Jindong Wang and
                  Marios Savvides and
                  Takahiro Shinozaki and
                  Bhiksha Raj and
                  Bernt Schiele and
                  Xing Xie},
  title        = {FreeMatch: Self-adaptive Thresholding for Semi-supervised Learning},
  booktitle    = {The Eleventh International Conference on Learning Representations,
                  {ICLR}},
  year         = {2023},
}

@inproceedings{WeiZ19,
  author       = {Jason W. Wei and
                  Kai Zou},
  title        = {{EDA:} Easy Data Augmentation Techniques for Boosting Performance
                  on Text Classification Tasks},
  booktitle    = {Proceedings of the 2019 Conference on Empirical Methods in Natural
                  Language Processing and the 9th International Joint Conference on
                  Natural Language Processing, {EMNLP-IJCNLP}},
  pages        = {6381--6387},
  year         = {2019},
}

@article{XieDHLL2020,
  title={Unsupervised data augmentation for consistency training},
  author={Xie, Qizhe and Dai, Zihang and Hovy, Eduard and Luong, Thang and Le, Quoc},
  journal={Advances in Neural Information Processing Systems 33},
  volume={33},
  pages={6256--6268},
  year={2020}
}

@inproceedings{ZhangB0CLXTCY21,
  author       = {Jian{-}Guo Zhang and
                  Trung Bui and
                  Seunghyun Yoon and
                  Xiang Chen and
                  Zhiwei Liu and
                  Congying Xia and
                  Quan Hung Tran and
                  Walter Chang and
                  Philip S. Yu},
  title        = {Few-Shot Intent Detection via Contrastive Pre-Training and Fine-Tuning},
  booktitle    = {Proceedings of the 2021 Conference on Empirical Methods in Natural
                  Language Processing, {EMNLP}},
  pages        = {1906--1912},
  year         = {2021},
}

@article{ZhangWHW2021,
  title={Flexmatch: Boosting semi-supervised learning with curriculum pseudo labeling},
  author={Zhang, Bowen and Wang, Yidong and Hou, Wenxin and Wu, Hao and Wang, Jindong and Okumura, Manabu and Shinozaki, Takahiro},
  journal={Advances in Neural Information Processing Systems 34},
  volume={34},
  pages={18408--18419},
  year={2021}
}

@inproceedings{ZhangWL23,
  author       = {En Zhang and
                  Fan Wu and
                  Xuesong Lu},
  title        = {An Intelligent Scheduling System for Large-Scale Online Judging},
  booktitle    = {Computer Science and Education. Computer Science and Technology -
                  18th International Conference, {ICCSE}, Proceedings, Part {I}},
  series       = {Communications in Computer and Information Science},
  volume       = {2023},
  pages        = {265--279},
  year         = {2023},
}

@inproceedings{ZouC23,
  author       = {Henry Peng Zou and
                  Cornelia Caragea},
  title        = {{JointMatch}: {A} Unified Approach for Diverse and Collaborative Pseudo-Labeling
                  to Semi-Supervised Text Classification},
  booktitle    = {Proceedings of the 2023 Conference on Empirical Methods in Natural
                  Language Processing, {EMNLP}},
  pages        = {7290--7301},
  year         = {2023},
}

@inproceedings{ZouCZC23,
  author={Zou, Henry Peng and Caragea, Cornelia and Zhou, Yue and Caragea, Doina},
  title={Semi-supervised few-shot learning for fine-grained disaster tweet classification},
  booktitle={Proceedings of the 20th International ISCRAM Conference},
  year={2023},
}

