@article{aleesa2020review,
  title={Review of intrusion detection systems based on deep learning techniques: coherent taxonomy, challenges, motivations, recommendations, substantial analysis and future directions},
  author={Aleesa, AM and Zaidan, BB and Zaidan, AA and Sahar, Nan M},
  journal={Neural Computing and Applications},
  volume={32},
  pages={9827--9858},
  year={2020},
  publisher={Springer}
}

@article{ashraf2020novel,
  title={Novel deep learning-enabled LSTM autoencoder architecture for discovering anomalous events from intelligent transportation systems},
  author={Ashraf, Javed and Bakhshi, Asim D and Moustafa, Nour and Khurshid, Hasnat and Javed, Abdullah and Beheshti, Amin},
  journal={IEEE Transactions on Intelligent Transportation Systems},
  volume={22},
  number={7},
  pages={4507--4518},
  year={2020},
  publisher={IEEE}
}

@article{bonawitz2019towards,
  title={Towards federated learning at scale: Syste m design},
  author={Bonawitz, Keith},
  journal={arXiv preprint arXiv:1902.01046},
  year={2019}
}

@article{cai2019once,
  title={Once-for-all: Train one network and specialize it for efficient deployment},
  author={Cai, Han and Gan, Chuang and Wang, Tianzhe and Zhang, Zhekai and Han, Song},
  journal={arXiv preprint arXiv:1908.09791},
  year={2019}
}

@article{cai2020tinytl,
  title={Tinytl: Reduce memory, not parameters for efficient on-device learning},
  author={Cai, Han and Gan, Chuang and Zhu, Ligeng and Han, Song},
  journal={Advances in Neural Information Processing Systems},
  volume={33},
  pages={11285--11297},
  year={2020}
}

@inproceedings{chellapandi2023survey,
  title={A survey of federated learning for connected and automated vehicles},
  author={Chellapandi, Vishnu Pandi and Yuan, Liangqi and {\.Z}ak, Stanislaw H and Wang, Ziran},
  booktitle={2023 IEEE 26th International Conference on Intelligent Transportation Systems (ITSC)},
  pages={2485--2492},
  year={2023},
  organization={IEEE}
}

@article{guha2019one,
  title={One-shot federated learning},
  author={Guha, Neel and Talwalkar, Ameet and Smith, Virginia},
  journal={arXiv preprint arXiv:1902.11175},
  year={2019}
}

@article{iman2023review,
  title={A review of deep transfer learning and recent advancements},
  author={Iman, Mohammadreza and Arabnia, Hamid Reza and Rasheed, Khaled},
  journal={Technologies},
  volume={11},
  number={2},
  pages={40},
  year={2023},
  publisher={MDPI}
}

@inproceedings{kumar2017resource,
  title={Resource-efficient machine learning in 2 kb ram for the internet of things},
  author={Kumar, Ashish and Goyal, Saurabh and Varma, Manik},
  booktitle={International conference on machine learning},
  pages={1935--1944},
  year={2017},
  organization={PMLR}
}

@article{lansky2021deep,
  title={Deep learning-based intrusion detection systems: a systematic review},
  author={Lansky, Jan and Ali, Saqib and Mohammadi, Mokhtar and Majeed, Mohammed Kamal and Karim, Sarkhel H Taher and Rashidi, Shima and Hosseinzadeh, Mehdi and Rahmani, Amir Masoud},
  journal={IEEE Access},
  volume={9},
  pages={101574--101599},
  year={2021},
  publisher={IEEE}
}

@article{li2020deepfed,
  title={DeepFed: Federated deep learning for intrusion detection in industrial cyber--physical systems},
  author={Li, Beibei and Wu, Yuhao and Song, Jiarui and Lu, Rongxing and Li, Tao and Zhao, Liang},
  journal={IEEE Transactions on Industrial Informatics},
  volume={17},
  number={8},
  pages={5615--5624},
  year={2020},
  publisher={IEEE}
}

@inproceedings{mcmahan2017communication,
  title={Communication-efficient learning of deep networks from decentralized data},
  author={McMahan, Brendan and Moore, Eider and Ramage, Daniel and Hampson, Seth and y Arcas, Blaise Aguera},
  booktitle={Artificial intelligence and statistics},
  pages={1273--1282},
  year={2017},
  organization={PMLR}
}

@inproceedings{nguyen2019diot,
  title={D{\"I}oT: A federated self-learning anomaly detection system for IoT},
  author={Nguyen, Thien Duc and Marchal, Samuel and Miettinen, Markus and Fereidooni, Hossein and Asokan, Nadarajah and Sadeghi, Ahmad-Reza},
  booktitle={2019 IEEE 39th International conference on distributed computing systems (ICDCS)},
  pages={756--767},
  year={2019},
  organization={IEEE}
}

@inproceedings{olagunju2024privacy,
  title={Privacy-Preserving Backdoor Attacks Mitigation in Federated Learning Using Functional Encryption},
  author={Olagunju, Funminivi and Adom, Isaac and Mahmoud, Mahmoud Nabil},
  booktitle={SoutheastCon 2024},
  pages={531--539},
  year={2024},
  organization={IEEE}
}

@Article{s21144736,
AUTHOR = {Mehedi, Sk. Tanzir and Anwar, Adnan and Rahman, Ziaur and Ahmed, Kawsar},
TITLE = {Deep Transfer Learning Based Intrusion Detection System for Electric Vehicular Networks},
JOURNAL = {Sensors},
VOLUME = {21},
YEAR = {2021},
NUMBER = {14},
ARTICLE-NUMBER = {4736},
URL = {https://www.mdpi.com/1424-8220/21/14/4736},
PubMedID = {34300476},
ISSN = {1424-8220}
}

@article{shin2016deep,
  title={Deep convolutional neural networks for computer-aided detection: CNN architectures, dataset characteristics and transfer learning},
  author={Shin, Hoo-Chang and Roth, Holger R and Gao, Mingchen and Lu, Le and Xu, Ziyue and Nogues, Isabella and Yao, Jianhua and Mollura, Daniel and Summers, Ronald M},
  journal={IEEE transactions on medical imaging},
  volume={35},
  number={5},
  pages={1285--1298},
  year={2016},
  publisher={IEEE}
}

