@inproceedings{datta2016integrating,
  title={Integrating connected vehicles in Internet of Things ecosystems: Challenges and solutions},
  author={Datta, Soumya Kanti and Da Costa, Rui Pedro Ferreira and H{\"a}rri, J{\'e}r{\^o}me and Bonnet, Christian},
  booktitle={2016 IEEE 17th international symposium on a world of wireless, mobile and multimedia networks (WoWMoM)},
  pages={1--6},
  year={2016},
  organization={IEEE}
}

@article{cai2020tinytl,
  title={Tinytl: Reduce memory, not parameters for efficient on-device learning},
  author={Cai, Han and Gan, Chuang and Zhu, Ligeng and Han, Song},
  journal={Advances in Neural Information Processing Systems},
  volume={33},
  pages={11285--11297},
  year={2020}
}

@article{ahmad2022data,
  title={Data-driven probabilistic machine learning in sustainable smart energy/smart energy systems: Key developments, challenges, and future research opportunities in the context of smart grid paradigm},
  author={Ahmad, Tanveer and Madonski, Rafal and Zhang, Dongdong and Huang, Chao and Mujeeb, Asad},
  journal={Renewable and Sustainable Energy Reviews},
  volume={160},
  pages={112128},
  year={2022},
  publisher={Elsevier}
}

@article{chang2021survey,
  title={A survey of recent advances in edge-computing-powered artificial intelligence of things},
  author={Chang, Zhuoqing and Liu, Shubo and Xiong, Xingxing and Cai, Zhaohui and Tu, Guoqing},
  journal={IEEE Internet of Things Journal},
  volume={8},
  number={18},
  pages={13849--13875},
  year={2021},
  publisher={IEEE}
}

@article{eskandarian2019research,
  title={Research advances and challenges of autonomous and connected ground vehicles},
  author={Eskandarian, Azim and Wu, Chaoxian and Sun, Chuanyang},
  journal={IEEE Transactions on Intelligent Transportation Systems},
  volume={22},
  number={2},
  pages={683--711},
  year={2019},
  publisher={IEEE}
}

@article{chellapandi2023federated,
  title={Federated learning for connected and automated vehicles: A survey of existing approaches and challenges},
  author={Chellapandi, Vishnu Pandi and Yuan, Liangqi and Brinton, Christopher G and {\.Z}ak, Stanislaw H and Wang, Ziran},
  journal={IEEE Transactions on Intelligent Vehicles},
  year={2023},
  publisher={IEEE}
}


@article{den2018security,
  title={Security and privacy for innovative automotive applications: A survey},
  author={den Hartog, Jerry and Zannone, Nicola and others},
  journal={Computer Communications},
  volume={132},
  pages={17--41},
  year={2018},
  publisher={Elsevier}
}

@article{farrukh2024ais,
  title={Ais-nids: An intelligent and self-sustaining network intrusion detection system},
  author={Farrukh, Yasir Ali and Wali, Syed and Khan, Irfan and Bastian, Nathaniel D},
  journal={Computers \& Security},
  volume={144},
  pages={103982},
  year={2024},
  publisher={Elsevier}
}

@article{machardy2018v2x,
  title={V2X access technologies: Regulation, research, and remaining challenges},
  author={MacHardy, Zachary and Khan, Ashiq and Obana, Kazuaki and Iwashina, Shigeru},
  journal={IEEE Communications Surveys \& Tutorials},
  volume={20},
  number={3},
  pages={1858--1877},
  year={2018},
  publisher={IEEE}
}

@article{bhavsar2024fl,
  title={FL-IDS: Federated Learning-Based Intrusion Detection System Using Edge Devices for Transportation IoT},
  author={Bhavsar, Mansi and Bekele, Yohannes and Roy, Kaushik and Kelly, John and Limbrick, Daniel},
  journal={IEEE Access},
  year={2024},
  publisher={IEEE}
}

@article{hataba2022security,
  title={Security and privacy issues in autonomous vehicles: A layer-based survey},
  author={Hataba, Muhammad and Sherif, Ahmed and Mahmoud, Mohamed and Abdallah, Mohamed and Alasmary, Waleed},
  journal={IEEE Open Journal of the Communications Society},
  volume={3},
  pages={811--829},
  year={2022},
  publisher={IEEE}
}

@incollection{zawad2024hyperparameter,
  title={Hyperparameter tuning for federated learning--systems and practices},
  author={Zawad, Syed and Yan, Feng},
  booktitle={Federated Learning},
  pages={219--235},
  year={2024},
  publisher={Elsevier}
}


@Article{s21144736,
AUTHOR = {Mehedi, Sk. Tanzir and Anwar, Adnan and Rahman, Ziaur and Ahmed, Kawsar},
TITLE = {Deep Transfer Learning Based Intrusion Detection System for Electric Vehicular Networks},
JOURNAL = {Sensors},
VOLUME = {21},
YEAR = {2021},
NUMBER = {14},
ARTICLE-NUMBER = {4736},
URL = {https://www.mdpi.com/1424-8220/21/14/4736},
PubMedID = {34300476},
ISSN = {1424-8220}
}

@article{lansky2021deep,
  title={Deep learning-based intrusion detection systems: a systematic review},
  author={Lansky, Jan and Ali, Saqib and Mohammadi, Mokhtar and Majeed, Mohammed Kamal and Karim, Sarkhel H Taher and Rashidi, Shima and Hosseinzadeh, Mehdi and Rahmani, Amir Masoud},
  journal={IEEE Access},
  volume={9},
  pages={101574--101599},
  year={2021},
  publisher={IEEE}
}

@article{aleesa2020review,
  title={Review of intrusion detection systems based on deep learning techniques: coherent taxonomy, challenges, motivations, recommendations, substantial analysis and future directions},
  author={Aleesa, AM and Zaidan, BB and Zaidan, AA and Sahar, Nan M},
  journal={Neural Computing and Applications},
  volume={32},
  pages={9827--9858},
  year={2020},
  publisher={Springer}
}

@article{ashraf2020novel,
  title={Novel deep learning-enabled LSTM autoencoder architecture for discovering anomalous events from intelligent transportation systems},
  author={Ashraf, Javed and Bakhshi, Asim D and Moustafa, Nour and Khurshid, Hasnat and Javed, Abdullah and Beheshti, Amin},
  journal={IEEE Transactions on Intelligent Transportation Systems},
  volume={22},
  number={7},
  pages={4507--4518},
  year={2020},
  publisher={IEEE}
}

@inproceedings{yang2019tree,
  title={Tree-based intelligent intrusion detection system in internet of vehicles},
  author={Yang, Li and Moubayed, Abdallah and Hamieh, Ismail and Shami, Abdallah},
  booktitle={2019 IEEE global communications conference (GLOBECOM)},
  pages={1--6},
  year={2019},
  organization={IEEE}
}

@article{sun2021survey,
  title={A survey on cyber-security of connected and autonomous vehicles (CAVs)},
  author={Sun, Xiaoqiang and Yu, F Richard and Zhang, Peng},
  journal={IEEE Transactions on Intelligent Transportation Systems},
  volume={23},
  number={7},
  pages={6240--6259},
  year={2021},
  publisher={IEEE}
}

@inproceedings{yavanoglu2017review,
  title={A review on cyber security datasets for machine learning algorithms},
  author={Yavanoglu, Ozlem and Aydos, Murat},
  booktitle={2017 IEEE international conference on big data (big data)},
  pages={2186--2193},
  year={2017},
  organization={IEEE}
}

@Article{data7020022,
AUTHOR = {Alshaibi, Ahmed and Al-Ani, Mustafa and Al-Azzawi, Abeer and Konev, Anton and Shelupanov, Alexander},
TITLE = {The Comparison of Cybersecurity Datasets},
JOURNAL = {Data},
VOLUME = {7},
YEAR = {2022},
NUMBER = {2},
ARTICLE-NUMBER = {22},
URL = {https://www.mdpi.com/2306-5729/7/2/22},
ISSN = {2306-5729}
}

@article{KIM2021102150,
title = {Cybersecurity for autonomous vehicles: Review of attacks and defense},
journal = {Computers & Security},
volume = {103},
pages = {102150},
year = {2021},
issn = {0167-4048},
doi = {https://doi.org/10.1016/j.cose.2020.102150},
url = {https://www.sciencedirect.com/science/article/pii/S0167404820304235},
author = {Kyounggon Kim and Jun Seok Kim and Seonghoon Jeong and Jo-Hee Park and Huy Kang Kim}
}


@article{FERRAG2020102419,
title = {Deep learning for cyber security intrusion detection: Approaches, datasets, and comparative study},
journal = {Journal of Information Security and Applications},
volume = {50},
pages = {102419},
year = {2020},
issn = {2214-2126},
doi = {https://doi.org/10.1016/j.jisa.2019.102419},
url = {https://www.sciencedirect.com/science/article/pii/S2214212619305046},
author = {Mohamed Amine Ferrag and Leandros Maglaras and Sotiris Moschoyiannis and Helge Janicke}
}




@article{guha2019one,
  title={One-shot federated learning},
  author={Guha, Neel and Talwalkar, Ameet and Smith, Virginia},
  journal={arXiv preprint arXiv:1902.11175},
  year={2019}
}

@article{agrawal2022federated,
  title={Federated learning for intrusion detection system: Concepts, challenges and future directions},
  author={Agrawal, Shaashwat and Sarkar, Sagnik and Aouedi, Ons and Yenduri, Gokul and Piamrat, Kandaraj and Alazab, Mamoun and Bhattacharya, Sweta and Maddikunta, Praveen Kumar Reddy and Gadekallu, Thippa Reddy},
  journal={Computer Communications},
  volume={195},
  pages={346--361},
  year={2022},
  publisher={Elsevier}
}

@inproceedings{chellapandi2023survey,
  title={A survey of federated learning for connected and automated vehicles},
  author={Chellapandi, Vishnu Pandi and Yuan, Liangqi and {\.Z}ak, Stanislaw H and Wang, Ziran},
  booktitle={2023 IEEE 26th International Conference on Intelligent Transportation Systems (ITSC)},
  pages={2485--2492},
  year={2023},
  organization={IEEE}
}

@inproceedings{olagunju2024privacy,
  title={Privacy-Preserving Backdoor Attacks Mitigation in Federated Learning Using Functional Encryption},
  author={Olagunju, Funminivi and Adom, Isaac and Mahmoud, Mahmoud Nabil},
  booktitle={SoutheastCon 2024},
  pages={531--539},
  year={2024},
  organization={IEEE}
}


@article{rahman2020internet,
  title={Internet of things intrusion detection: Centralized, on-device, or federated learning?},
  author={Rahman, Sawsan Abdul and Tout, Hanine and Talhi, Chamseddine and Mourad, Azzam},
  journal={IEEE Network},
  volume={34},
  number={6},
  pages={310--317},
  year={2020},
  publisher={IEEE}
}


@article{li2020deepfed,
  title={DeepFed: Federated deep learning for intrusion detection in industrial cyber--physical systems},
  author={Li, Beibei and Wu, Yuhao and Song, Jiarui and Lu, Rongxing and Li, Tao and Zhao, Liang},
  journal={IEEE Transactions on Industrial Informatics},
  volume={17},
  number={8},
  pages={5615--5624},
  year={2020},
  publisher={IEEE}
}

@inproceedings{nguyen2019diot,
  title={D{\"I}oT: A federated self-learning anomaly detection system for IoT},
  author={Nguyen, Thien Duc and Marchal, Samuel and Miettinen, Markus and Fereidooni, Hossein and Asokan, Nadarajah and Sadeghi, Ahmad-Reza},
  booktitle={2019 IEEE 39th International conference on distributed computing systems (ICDCS)},
  pages={756--767},
  year={2019},
  organization={IEEE}
}

@article{bonawitz2019towards,
  title={Towards federated learning at scale: Syste m design},
  author={Bonawitz, Keith},
  journal={arXiv preprint arXiv:1902.01046},
  year={2019}
}

@inproceedings{mcmahan2017communication,
  title={Communication-efficient learning of deep networks from decentralized data},
  author={McMahan, Brendan and Moore, Eider and Ramage, Daniel and Hampson, Seth and y Arcas, Blaise Aguera},
  booktitle={Artificial intelligence and statistics},
  pages={1273--1282},
  year={2017},
  organization={PMLR}
}
 @inproceedings{mcmahan2016federated,
  title={Federated learning: Strategies for improving communication efficiency},
  author={McMahan, H Brendan and Yu, FX and Richtarik, P and Suresh, AT and Bacon, D and others},
  booktitle={Proceedings of the 29th Conference on Neural Information Processing Systems (NIPS), Barcelona, Spain},
  pages={5--10},
  year={2016}
}

@article{beutel2020flower,
  title={Flower: A friendly federated learning research framework},
  author={Beutel, Daniel J and Topal, Taner and Mathur, Akhil and Qiu, Xinchi and Fernandez-Marques, Javier and Gao, Yan and Sani, Lorenzo and Li, Kwing Hei and Parcollet, Titouan and de Gusm{\~a}o, Pedro Porto Buarque and others},
  journal={arXiv preprint arXiv:2007.14390},
  year={2020}
}

@inproceedings{tavallaee2009detailed,
  title={A detailed analysis of the KDD CUP 99 data set},
  author={Tavallaee, Mahbod and Bagheri, Ebrahim and Lu, Wei and Ghorbani, Ali A},
  booktitle={2009 IEEE symposium on computational intelligence for security and defense applications},
  pages={1--6},
  year={2009},
  organization={Ieee}
}


@article{zhang2021survey, 
    title={A survey on federated learning},
    author= {Zhang, Chen and Xie, Yu and Bai, Hang and Yu, Bin and Li, Weihong and Gao, Yuan},
    journal={Knowledge-Based Systems},
    volume={216},
    pages={106775},
    year={2021},
    publisher={Elsevier}
}

@article{cai2019once,
  title={Once-for-all: Train one network and specialize it for efficient deployment},
  author={Cai, Han and Gan, Chuang and Wang, Tianzhe and Zhang, Zhekai and Han, Song},
  journal={arXiv preprint arXiv:1908.09791},
  year={2019}
}

@article{iman2023review,
  title={A review of deep transfer learning and recent advancements},
  author={Iman, Mohammadreza and Arabnia, Hamid Reza and Rasheed, Khaled},
  journal={Technologies},
  volume={11},
  number={2},
  pages={40},
  year={2023},
  publisher={MDPI}
}

@article{shin2016deep,
  title={Deep convolutional neural networks for computer-aided detection: CNN architectures, dataset characteristics and transfer learning},
  author={Shin, Hoo-Chang and Roth, Holger R and Gao, Mingchen and Lu, Le and Xu, Ziyue and Nogues, Isabella and Yao, Jianhua and Mollura, Daniel and Summers, Ronald M},
  journal={IEEE transactions on medical imaging},
  volume={35},
  number={5},
  pages={1285--1298},
  year={2016},
  publisher={IEEE}
}

@inproceedings{kumar2017resource,
  title={Resource-efficient machine learning in 2 kb ram for the internet of things},
  author={Kumar, Ashish and Goyal, Saurabh and Varma, Manik},
  booktitle={International conference on machine learning},
  pages={1935--1944},
  year={2017},
  organization={PMLR}
}

@article{gruslys2016memory,
  title={Memory-efficient backpropagation through time},
  author={Gruslys, Audrunas and Munos, R{\'e}mi and Danihelka, Ivo and Lanctot, Marc and Graves, Alex},
  journal={Advances in neural information processing systems},
  volume={29},
  year={2016}
}

@article{liu2018dynamic,
  title={Dynamic sparse graph for efficient deep learning},
  author={Liu, Liu and Deng, Lei and Hu, Xing and Zhu, Maohua and Li, Guoqi and Ding, Yufei and Xie, Yuan},
  journal={arXiv preprint arXiv:1810.00859},
  year={2018}
}

@article{han2015deep,
  title={Deep compression: Compressing deep neural networks with pruning, trained quantization and huffman coding},
  author={Han, Song and Mao, Huizi and Dally, William J},
  journal={arXiv preprint arXiv:1510.00149},
  year={2015}
}

@article{chen2016training,
  title={Training deep nets with sublinear memory cost},
  author={Chen, Tianqi and Xu, Bing and Zhang, Chiyuan and Guestrin, Carlos},
  journal={arXiv preprint arXiv:1604.06174},
  year={2016}
}

@inproceedings{jacob2018quantization,
  title={Quantization and training of neural networks for efficient integer-arithmetic-only inference},
  author={Jacob, Benoit and Kligys, Skirmantas and Chen, Bo and Zhu, Menglong and Tang, Matthew and Howard, Andrew and Adam, Hartwig and Kalenichenko, Dmitry},
  booktitle={Proceedings of the IEEE conference on computer vision and pattern recognition},
  pages={2704--2713},
  year={2018}
}

@article{greff2016highway,
  title={Highway and residual networks learn unrolled iterative estimation},
  author={Greff, Klaus and Srivastava, Rupesh K and Schmidhuber, J{\"u}rgen},
  journal={arXiv preprint arXiv:1612.07771},
  year={2016}
}


@article{dhanabal2015study,
  title={A study on NSL-KDD dataset for intrusion detection system based on classification algorithms},
  author={Dhanabal, L and Shantharajah, SP},
  journal={International journal of advanced research in computer and communication engineering},
  volume={4},
  number={6},
  pages={446--452},
  year={2015}
}