@inproceedings{abernethy2015low,
  title={Low-cost learning via active data procurement},
  author={Abernethy, Jacob and Chen, Yiling and Ho, Chien-Ju and Waggoner, Bo},
  booktitle={Proceedings of the Sixteenth ACM Conference on Economics and Computation},
  pages={619--636},
  year={2015}
}

@inproceedings{agarwal2019marketplace,
  title={A marketplace for data: An algorithmic solution},
  author={Agarwal, Anish and Dahleh, Munther and Sarkar, Tuhin},
  booktitle={Proceedings of the 2019 ACM Conference on Economics and Computation},
  pages={701--726},
  year={2019}
}

@article{cai2017active,
  title={Active learning for graph embedding},
  author={Cai, Hongyun and Zheng, Vincent W and Chang, Kevin Chen-Chuan},
  journal={arXiv preprint arXiv:1705.05085},
  year={2017}
}

@article{cong2020vcg,
  title={A VCG-based Fair Incentive Mechanism for Federated Learning},
  author={Cong, Mingshu  and  Yu, Han  and  Weng, Xi  and  Qu, Jiabao  and  Liu, Yang  and  Yiu, Siu Ming },
  year={2020},
}

@inproceedings{dandekar2012privacy,
  title={Privacy auctions for recommender systems},
  author={Dandekar, Pranav and Fawaz, Nadia and Ioannidis, Stratis},
  booktitle={Proceedings of the 8th international conference on Internet and Network Economics},
  pages={309--322},
  year={2012},
  organization={Springer-Verlag}
}

@inproceedings{ghorbani2019data,
  title={Data shapley: Equitable valuation of data for machine learning},
  author={Ghorbani, Amirata and Zou, James},
  booktitle={International conference on machine learning},
  pages={2242--2251},
  year={2019},
  organization={PMLR}
}

@inproceedings{ghosh2011selling,
  title={Selling privacy at auction},
  author={Ghosh, Arpita and Roth, Aaron},
  booktitle={Proceedings of the 12th ACM conference on Electronic commerce},
  pages={199--208},
  year={2011}
}

@inproceedings{hu2020trading,
  title={Trading data for learning: Incentive mechanism for on-device federated learning},
  author={Hu, Rui and Gong, Yanmin},
  booktitle={GLOBECOM 2020-2020 IEEE Global Communications Conference},
  pages={1--6},
  year={2020},
  organization={IEEE}
}

@article{jaisingh2008privacy,
  title={Privacy and pricing personal information},
  author={Jaisingh, Jeevan and Barron, Jack and Mehta, Shailendra and Chaturvedi, Alok},
  journal={European Journal of Operational Research},
  volume={187},
  number={3},
  pages={857--870},
  year={2008},
  publisher={Elsevier}
}

@article{jia2019efficient,
  title={Efficient Task-Specific Data Valuation for Nearest Neighbor Algorithms},
  author={Jia, Ruoxi and  Dao, David  and  Wang, Boxin  and  Hubis, Frances Ann  and  Gurel, Nezihe Merve  and  Li, Bo  and  Zhang, Ce  and  Spanos, Costas J.  and  Song, Dawn },
  journal={Proceedings of the VLDB Endowment},
  year={2019},
}

@article{kushal2012pricing,
  title={Pricing for data markets},
  author={Kushal, Avanish and Moorthy, Sharmadha and Kumar, Vikash},
  journal={online] https://courses. cs. washington. edu/courses/cse544/11wi/projects/kumar\_kushal\_moorthy. pdf},
  year={2012}
}

@inproceedings{ligett2012take,
  title={Take it or leave it: Running a survey when privacy comes at a cost},
  author={Ligett, Katrina and Roth, Aaron},
  booktitle={International Workshop on Internet and Network Economics},
  pages={378--391},
  year={2012},
  organization={Springer}
}

@article{liu2020dealer,
  title={Dealer: end-to-end data marketplace with model-based pricing},
  author={Liu, Jinfei},
  journal={arXiv preprint arXiv:2003.13103},
  year={2020}
}

@article{ohrimenko2019collaborative,
  title={Collaborative machine learning markets with data-replication-robust payments},
  author={Ohrimenko, Olga and Tople, Shruti and Tschiatschek, Sebastian},
  journal={arXiv preprint arXiv:1911.09052},
  year={2019}
}

@article{parra2018optimized,
  title={Optimized, direct sale of privacy in personal data marketplaces},
  author={Parra-Arnau, Javier},
  journal={Information Sciences},
  volume={424},
  pages={354--384},
  year={2018},
  publisher={Elsevier}
}

@article{ren2021survey,
  title={A survey of deep active learning},
  author={Ren, Pengzhen and Xiao, Yun and Chang, Xiaojun and Huang, Po-Yao and Li, Zhihui and Gupta, Brij B and Chen, Xiaojiang and Wang, Xin},
  journal={ACM computing surveys (CSUR)},
  volume={54},
  number={9},
  pages={1--40},
  year={2021},
  publisher={ACM New York, NY}
}

@inproceedings{roth2012conducting,
  title={Conducting truthful surveys, cheaply},
  author={Roth, Aaron and Schoenebeck, Grant},
  booktitle={Proceedings of the 13th ACM Conference on Electronic Commerce},
  pages={826--843},
  year={2012}
}

@article{shapley1951notes,
  title={Notes on the n-person gameâ€”ii: The value of an n-person game},
  author={Shapley, Lloyd S},
  year={1951},
  publisher={Rand Corporation}
}

@inproceedings{sim2020collaborative,
  title={Collaborative machine learning with incentive-aware model rewards},
  author={Sim, Rachael Hwee Ling and Zhang, Yehong and Chan, Mun Choon and Low, Bryan Kian Hsiang},
  booktitle={International conference on machine learning},
  pages={8927--8936},
  year={2020},
  organization={PMLR}
}

@inproceedings{sun2022profit,
  title={A profit-maximizing model marketplace with differentially private federated learning},
  author={Sun, Peng and Chen, Xu and Liao, Guocheng and Huang, Jianwei},
  booktitle={IEEE INFOCOM 2022-IEEE Conference on Computer Communications},
  pages={1439--1448},
  year={2022},
  organization={IEEE}
}

@article{xu2015privacy,
  title={Privacy or Utility in Data Collection? A Contract Theoretic Approach},
  author={Xu, Lei and Jiang, Chunxiao and Chen, Yan and Ren, Yong and Liu, K. J. Ray},
  journal={IEEE Journal of Selected Topics in Signal Processing},
  volume={9},
  number={7},
  pages={1256-1269},
  year={2015},
}

@article{xu2021gradient,
  title={Gradient driven rewards to guarantee fairness in collaborative machine learning},
  author={Xu, Xinyi and Lyu, Lingjuan and Ma, Xingjun and Miao, Chenglin and Foo, Chuan Sheng and Low, Bryan Kian Hsiang},
  journal={Advances in Neural Information Processing Systems},
  volume={34},
  pages={16104--16117},
  year={2021}
}

@inproceedings{zhang2020selling,
  title={Selling Data at an Auction under Privacy Constraints},
  author={Zhang, Mengxiao and Beltran, Fernando and Liu, Jiamou},
  booktitle={Conference on Uncertainty in Artificial Intelligence},
  pages={669--678},
  year={2020},
  organization={PMLR}
}

@inproceedings{zhang2021alg,
  title={Alg: Fast and accurate active learning framework for graph convolutional networks},
  author={Zhang, Wentao and Shen, Yu and Li, Yang and Chen, Lei and Yang, Zhi and Cui, Bin},
  booktitle={Proceedings of the 2021 International Conference on Management of Data},
  pages={2366--2374},
  year={2021}
}

@inproceedings{zhang2021incentive,
  title={Incentive mechanism for horizontal federated learning based on reputation and reverse auction},
  author={Zhang, Jingwen and Wu, Yuezhou and Pan, Rong},
  booktitle={Proceedings of the Web Conference 2021},
  pages={947--956},
  year={2021}
}

@article{zhang2021survey,
  title={A survey on federated learning},
  author={Zhang, Chen and Xie, Yu and Bai, Hang and Yu, Bin and Li, Weihong and Gao, Yuan},
  journal={Knowledge-Based Systems},
  volume={216},
  pages={106775},
  year={2021},
  publisher={Elsevier}
}

