@article{turing1950computing,
    author = {Turing, Alan M.},
    title = {Computing Machinery and Intelligence},
    journal = {Mind},
    volume = {LIX},
    number = {236},
    pages = {433--460},
    year = {1950}
}

@article{rumelhart1986learning,
  title = {Learning Representations by Back-Propagating Errors},
  author = {Rumelhart, David E. and Hinton, Geoffrey E. and Williams, Ronald J.},
  journal = {Nature},
  volume = {323},
  number = {6088},
  pages = {533--536},
  year = {1986}
}
@article{shchur2018pitfalls,
  title={Pitfalls of graph neural network evaluation},
  author={Shchur, Oleksandr and Mumme, Maximilian and Bojchevski, Aleksandar and G{\"u}nnemann, Stephan},
  journal={arXiv preprint arXiv:1811.05868},
  year={2018}
}
@inproceedings{lucier2010price,
  title={Price of anarchy for greedy auctions},
  author={Lucier, Brendan and Borodin, Allan},
  booktitle={Proceedings of the twenty-first annual ACM-SIAM symposium on Discrete Algorithms},
  pages={537--553},
  year={2010},
  organization={SIAM}
}
@book{bollobas1998random,
  title={Random graphs},
  author={Bollob{\'a}s, B{\'e}la},
  year={1998},
  publisher={Springer}
}

@article{oord2018representation,
  title={Representation learning with contrastive predictive coding},
  author={Oord, Aaron van den and Li, Yazhe and Vinyals, Oriol},
  journal={arXiv preprint arXiv:1807.03748},
  year={2018}
}

@inproceedings{kautz1992planning,
  title = {Planning as Satisfiability},
  author = {Kautz, Henry A. and Selman, Bart},
  booktitle = {Proceedings of the 10th European Conference on Artificial Intelligence (ECAI)},
  pages = {359--363},
  year = {1992}
}

@article{grosz1996collaborative,
  title = {Collaborative Plans for Complex Group Action},
  author = {Grosz, Barbara J. and Kraus, Sarit},
  journal = {Artificial Intelligence},
  volume = {86},
  number = {2},
  pages = {269--357},
  year = {1996}
}

@misc{perelman2002entropy,
  title = {The Entropy Formula for the {R}icci Flow and its Geometric Applications}, 
  author = {Grisha Perelman},
  howpublished = {Preprint arXiv:math/0211159},
  year = {2002}
}

@book{pearl2009causality,
  title = {Causality},
  author = {Pearl, Judea},
  publisher = {Cambridge University Press},
  year = {2009}
}


%% your entries
@article{cai2017active,
  title={Active learning for graph embedding},
  author={Cai, Hongyun and Zheng, Vincent W and Chang, Kevin Chen-Chuan},
  journal={arXiv preprint arXiv:1705.05085},
  year={2017}
}
@article{settles2009active,
  title={Active learning literature survey},
  author={Settles, Burr},
  year={2009},
  publisher={University of Wisconsin-Madison Department of Computer Sciences}
}
@article{kushal2012pricing,
  title={Pricing for data markets},
  author={Kushal, Avanish and Moorthy, Sharmadha and Kumar, Vikash},
  journal={online] https://courses. cs. washington. edu/courses/cse544/11wi/projects/kumar\_kushal\_moorthy. pdf},
  year={2012}
}
@article{kipf2016semi,
  title={Semi-supervised classification with graph convolutional networks},
  author={Kipf, Thomas N and Welling, Max},
  journal={arXiv preprint arXiv:1609.02907},
  year={2016}
}
@article{velivckovic2017graph,
  title={Graph attention networks},
  author={Veli{\v{c}}kovi{\'c}, Petar and Cucurull, Guillem and Casanova, Arantxa and Romero, Adriana and Lio, Pietro and Bengio, Yoshua},
  journal={arXiv preprint arXiv:1710.10903},
  year={2017}
}
@article{xu2018powerful,
  title={How powerful are graph neural networks?},
  author={Xu, Keyulu and Hu, Weihua and Leskovec, Jure and Jegelka, Stefanie},
  journal={arXiv preprint arXiv:1810.00826},
  year={2018}
}
@article{hamilton2017inductive,
  title={Inductive representation learning on large graphs},
  author={Hamilton, Will and Ying, Zhitao and Leskovec, Jure},
  journal={Advances in neural information processing systems},
  volume={30},
  year={2017}
}
@book{latora2017complex,
  title={Complex networks: principles, methods and applications},
  author={Latora, Vito and Nicosia, Vincenzo and Russo, Giovanni},
  year={2017},
  publisher={Cambridge University Press}
}
@article{taguchi2021graph,
  title={Graph convolutional networks for graphs containing missing features},
  author={Taguchi, Hibiki and Liu, Xin and Murata, Tsuyoshi},
  journal={Future Generation Computer Systems},
  volume={117},
  pages={155--168},
  year={2021},
  publisher={Elsevier}
}
@article{spinelli2020missing,
  title={Missing data imputation with adversarially-trained graph convolutional networks},
  author={Spinelli, Indro and Scardapane, Simone and Uncini, Aurelio},
  journal={Neural Networks},
  volume={129},
  pages={249--260},
  year={2020},
  publisher={Elsevier}
}
@inproceedings{bilgic2010active,
  title={Active learning for networked data},
  author={Bilgic, Mustafa and Mihalkova, Lilyana and Getoor, Lise},
  booktitle={Proceedings of the 27th international conference on machine learning (ICML-10)},
  pages={79--86},
  year={2010}
}
@article{ma2008bringing,
  title={Bringing PageRank to the citation analysis},
  author={Ma, Nan and Guan, Jiancheng and Zhao, Yi},
  journal={Information Processing \& Management},
  volume={44},
  number={2},
  pages={800--810},
  year={2008},
  publisher={Elsevier}
}
@book{brunton2022data,
  title={Data-driven science and engineering: Machine learning, dynamical systems, and control},
  author={Brunton, Steven L and Kutz, J Nathan},
  year={2022},
  publisher={Cambridge University Press}
}
@article{muller2023graph,
  title={Graph clustering with graph neural networks},
  author={M{\"u}ller, Emmanuel},
  journal={Journal of Machine Learning Research},
  volume={24},
  pages={1--21},
  year={2023}
}
@inproceedings{rossi2022unreasonable,
  title={On the unreasonable effectiveness of feature propagation in learning on graphs with missing node features},
  author={Rossi, Emanuele and Kenlay, Henry and Gorinova, Maria I and Chamberlain, Benjamin Paul and Dong, Xiaowen and Bronstein, Michael M},
  booktitle={Learning on Graphs Conference},
  pages={11--1},
  year={2022},
  organization={PMLR}
}
@article{liu2019rem,
  title={REM: From structural entropy to community structure deception},
  author={Liu, Yiwei and Liu, Jiamou and Zhang, Zijian and Zhu, Liehuang and Li, Angsheng},
  journal={Advances in Neural Information Processing Systems},
  volume={32},
  year={2019}
}
@inproceedings{abernethy2015low,
  title={Low-cost learning via active data procurement},
  author={Abernethy, Jacob and Chen, Yiling and Ho, Chien-Ju and Waggoner, Bo},
  booktitle={Proceedings of the Sixteenth ACM Conference on Economics and Computation},
  pages={619--636},
  year={2015}
}
@inproceedings{chen2017model,
  title={Model-based pricing: Do not pay for more than what you learn!},
  author={Chen, Lingjiao and Koutris, Paraschos and Kumar, Arun},
  booktitle={Proceedings of the 1st Workshop on Data Management for End-to-End Machine Learning},
  pages={1--4},
  year={2017}
}
@inproceedings{chen2019towards,
  title={Towards model-based pricing for machine learning in a data marketplace},
  author={Chen, Lingjiao and Koutris, Paraschos and Kumar, Arun},
  booktitle={Proceedings of the 2019 International Conference on Management of Data},
  pages={1535--1552},
  year={2019}
}
@inproceedings{agarwal2019marketplace,
  title={A marketplace for data: An algorithmic solution},
  author={Agarwal, Anish and Dahleh, Munther and Sarkar, Tuhin},
  booktitle={Proceedings of the 2019 ACM Conference on Economics and Computation},
  pages={701--726},
  year={2019}
}
@inproceedings{ghorbani2019data,
  title={Data shapley: Equitable valuation of data for machine learning},
  author={Ghorbani, Amirata and Zou, James},
  booktitle={International conference on machine learning},
  pages={2242--2251},
  year={2019},
  organization={PMLR}
}
@article{jia2019efficient,
  title={Efficient Task-Specific Data Valuation for Nearest Neighbor Algorithms},
  author={Jia, Ruoxi and  Dao, David  and  Wang, Boxin  and  Hubis, Frances Ann  and  Gurel, Nezihe Merve  and  Li, Bo  and  Zhang, Ce  and  Spanos, Costas J.  and  Song, Dawn },
  journal={Proceedings of the VLDB Endowment},
  year={2019},
}
@article{ohrimenko2019collaborative,
  title={Collaborative machine learning markets with data-replication-robust payments},
  author={Ohrimenko, Olga and Tople, Shruti and Tschiatschek, Sebastian},
  journal={arXiv preprint arXiv:1911.09052},
  year={2019}
}
@inproceedings{sim2020collaborative,
  title={Collaborative machine learning with incentive-aware model rewards},
  author={Sim, Rachael Hwee Ling and Zhang, Yehong and Chan, Mun Choon and Low, Bryan Kian Hsiang},
  booktitle={International conference on machine learning},
  pages={8927--8936},
  year={2020},
  organization={PMLR}
}
@article{xu2021gradient,
  title={Gradient driven rewards to guarantee fairness in collaborative machine learning},
  author={Xu, Xinyi and Lyu, Lingjuan and Ma, Xingjun and Miao, Chenglin and Foo, Chuan Sheng and Low, Bryan Kian Hsiang},
  journal={Advances in Neural Information Processing Systems},
  volume={34},
  pages={16104--16117},
  year={2021}
}
@inproceedings{hu2020trading,
  title={Trading data for learning: Incentive mechanism for on-device federated learning},
  author={Hu, Rui and Gong, Yanmin},
  booktitle={GLOBECOM 2020-2020 IEEE Global Communications Conference},
  pages={1--6},
  year={2020},
  organization={IEEE}
}
@inproceedings{zhang2021incentive,
  title={Incentive mechanism for horizontal federated learning based on reputation and reverse auction},
  author={Zhang, Jingwen and Wu, Yuezhou and Pan, Rong},
  booktitle={Proceedings of the Web Conference 2021},
  pages={947--956},
  year={2021}
}
@article{liu2020dealer,
  title={Dealer: end-to-end data marketplace with model-based pricing},
  author={Liu, Jinfei},
  journal={arXiv preprint arXiv:2003.13103},
  year={2020}
}
@inproceedings{lin2018deep,
  title={Deep Gradient Compression: Reducing the Communication Bandwidth for Distributed Training},
  author={Lin, Yujun and Han, Song and Mao, Huizi and Wang, Yu and Dally, Bill},
  booktitle={International Conference on Learning Representations},
  year={2018}
}
@article{cong2020vcg,
  title={A VCG-based Fair Incentive Mechanism for Federated Learning},
  author={Cong, Mingshu  and  Yu, Han  and  Weng, Xi  and  Qu, Jiabao  and  Liu, Yang  and  Yiu, Siu Ming },
  year={2020},
}
@article{jiao2020toward,
  title={Toward an automated auction framework for wireless federated learning services market},
  author={Jiao, Yutao and Wang, Ping and Niyato, Dusit and Lin, Bin and Kim, Dong In},
  journal={IEEE Transactions on Mobile Computing},
  volume={20},
  number={10},
  pages={3034--3048},
  year={2020},
  publisher={IEEE}
}
@inproceedings{sun2022profit,
  title={A profit-maximizing model marketplace with differentially private federated learning},
  author={Sun, Peng and Chen, Xu and Liao, Guocheng and Huang, Jianwei},
  booktitle={IEEE INFOCOM 2022-IEEE Conference on Computer Communications},
  pages={1439--1448},
  year={2022},
  organization={IEEE}
}


@inproceedings{kolluri2022lpgnet,
  title={LPGNet: Link Private Graph Networks for Node Classification},
  author={Kolluri, Aashish and Baluta, Teodora and Hooi, Bryan and Saxena, Prateek},
  booktitle={Proceedings of the 2022 ACM SIGSAC Conference on Computer and Communications Security},
  pages={1813--1827},
  year={2022}
}
@article{burkardt2014truncated,
  title={The truncated normal distribution},
  author={Burkardt, John},
  journal={Department of Scientific Computing Website, Florida State University},
  volume={1},
  pages={35},
  year={2014}
}
@article{mcpherson2001birds,
  title={Birds of a feather: Homophily in social networks},
  author={McPherson, Miller and Smith-Lovin, Lynn and Cook, James M},
  journal={Annual review of sociology},
  volume={27},
  number={1},
  pages={415--444},
  year={2001},
  publisher={Annual Reviews 4139 El Camino Way, PO Box 10139, Palo Alto, CA 94303-0139, USA}
}
@article{jaisingh2008privacy,
  title={Privacy and pricing personal information},
  author={Jaisingh, Jeevan and Barron, Jack and Mehta, Shailendra and Chaturvedi, Alok},
  journal={European Journal of Operational Research},
  volume={187},
  number={3},
  pages={857--870},
  year={2008},
  publisher={Elsevier}
}
@article{Zheng2017Trading,
  title={Trading Data in the Crowd: Profit-Driven Data Acquisition for Mobile Crowdsensing},
  author={Zheng, Zhenzhe and Peng, Yanqing and Wu, Fan and Tang, Shaojie and Chen, Guihai},
  journal={IEEE Journal on Selected Areas in Communications},
  volume={35},
  number={2},
  pages={486-501},
  year={2017},
}
@inproceedings{Cao2017An,
  title={An iterative auction mechanism for data trading},
  author={Cao, Xuanyu and Yan, Chen and Liu, K. J. Ray},
  booktitle={ICASSP 2017 - 2017 IEEE International Conference on Acoustics, Speech and Signal Processing (ICASSP)},
  year={2017},
}
@article{bergemann2022economics,
  title={The economics of social data},
  author={Bergemann, Dirk and Bonatti, Alessandro and Gan, Tan},
  journal={The RAND Journal of Economics},
  year={2022},
  publisher={Wiley Online Library}
}
@article{li2016structural,
  title={Structural information and dynamical complexity of networks},
  author={Li, Angsheng and Pan, Yicheng},
  journal={IEEE Transactions on Information Theory},
  volume={62},
  number={6},
  pages={3290--3339},
  year={2016},
  publisher={IEEE}
}
@inproceedings{ghosh2011selling,
  title={Selling privacy at auction},
  author={Ghosh, Arpita and Roth, Aaron},
  booktitle={Proceedings of the 12th ACM conference on Electronic commerce},
  pages={199--208},
  year={2011}
}

@inproceedings{cummings2015accuracy,
  title={Accuracy for sale: Aggregating data with a variance constraint},
  author={Cummings, Rachel and Ligett, Katrina and Roth, Aaron and Wu, Zhiwei Steven and Ziani, Juba},
  booktitle={Proceedings of the 2015 Conference on Innovations in Theoretical Computer Science},
  pages={317--324},
  year={2015}
}
@inproceedings{roth2012conducting,
  title={Conducting truthful surveys, cheaply},
  author={Roth, Aaron and Schoenebeck, Grant},
  booktitle={Proceedings of the 13th ACM Conference on Electronic Commerce},
  pages={826--843},
  year={2012}
}
@inproceedings{ligett2012take,
  title={Take it or leave it: Running a survey when privacy comes at a cost},
  author={Ligett, Katrina and Roth, Aaron},
  booktitle={International Workshop on Internet and Network Economics},
  pages={378--391},
  year={2012},
  organization={Springer}
}
@inproceedings{dandekar2012privacy,
  title={Privacy auctions for recommender systems},
  author={Dandekar, Pranav and Fawaz, Nadia and Ioannidis, Stratis},
  booktitle={Proceedings of the 8th international conference on Internet and Network Economics},
  pages={309--322},
  year={2012},
  organization={Springer-Verlag}
}

@inproceedings{zhang2020selling,
  title={Selling Data at an Auction under Privacy Constraints},
  author={Zhang, Mengxiao and Beltran, Fernando and Liu, Jiamou},
  booktitle={Conference on Uncertainty in Artificial Intelligence},
  pages={669--678},
  year={2020},
  organization={PMLR}
}
@article{wang2023user,
  title={User: Unsupervised structural entropy-based robust graph neural network},
  author={Wang, Yifei and Wang, Yupan and Zhang, Zeyu and Yang, Song and Zhao, Kaiqi and Liu, Jiamou},
  journal={arXiv preprint arXiv:2302.05889},
  year={2023}
}
@article{pei2020survey,
  title={A survey on data pricing: from economics to data science},
  author={Pei, Jian},
  journal={IEEE Transactions on knowledge and Data Engineering},
  volume={34},
  number={10},
  pages={4586--4608},
  year={2020},
  publisher={IEEE}
}
@article{zhang2023survey,
  title={A survey of data pricing for data marketplaces},
  author={Zhang, Mengxiao and Beltr{\'a}n, Fernando and Liu, Jiamou},
  journal={IEEE Transactions on Big Data},
  volume={9},
  number={4},
  pages={1038--1056},
  year={2023},
  publisher={IEEE}
}

@article{parra2018optimized,
  title={Optimized, direct sale of privacy in personal data marketplaces},
  author={Parra-Arnau, Javier},
  journal={Information Sciences},
  volume={424},
  pages={354--384},
  year={2018},
  publisher={Elsevier}
}
@article{duong2019node,
  title={On node features for graph neural networks},
  author={Duong, Chi Thang and Hoang, Thanh Dat and Dang, Ha The Hien and Nguyen, Quoc Viet Hung and Aberer, Karl},
  journal={arXiv preprint arXiv:1911.08795},
  year={2019}
}
@article{xu2015privacy,
  title={Privacy or Utility in Data Collection? A Contract Theoretic Approach},
  author={Xu, Lei and Jiang, Chunxiao and Chen, Yan and Ren, Yong and Liu, K. J. Ray},
  journal={IEEE Journal of Selected Topics in Signal Processing},
  volume={9},
  number={7},
  pages={1256-1269},
  year={2015},
}
@inproceedings{chandra2021initial,
  title={On initial pools for deep active learning},
  author={Chandra, Akshay L and Desai, Sai Vikas and Devaguptapu, Chaitanya and Balasubramanian, Vineeth N},
  booktitle={NeurIPS 2020 Workshop on Pre-registration in Machine Learning},
  pages={14--32},
  year={2021},
  organization={PMLR}
}
@article{hu2021graph,
  title={Graph-mlp: Node classification without message passing in graph},
  author={Hu, Yang and You, Haoxuan and Wang, Zhecan and Wang, Zhicheng and Zhou, Erjin and Gao, Yue},
  journal={arXiv preprint arXiv:2106.04051},
  year={2021}
}
@inproceedings{zhang2021alg,
  title={Alg: Fast and accurate active learning framework for graph convolutional networks},
  author={Zhang, Wentao and Shen, Yu and Li, Yang and Chen, Lei and Yang, Zhi and Cui, Bin},
  booktitle={Proceedings of the 2021 International Conference on Management of Data},
  pages={2366--2374},
  year={2021}
}
@article{li2023survey,
  title={A survey of graph neural network based recommendation in social networks},
  author={Li, Xiao and Sun, Li and Ling, Mengjie and Peng, Yan},
  journal={Neurocomputing},
  pages={126441},
  year={2023},
  publisher={Elsevier}
}
@article{li2021graph,
  title={Graph signal processing, graph neural network and graph learning on biological data: a systematic review},
  author={Li, Rui and Yuan, Xin and Radfar, Mohsen and Marendy, Peter and Ni, Wei and O'Brien, Terence J and Casillas-Espinosa, Pablo M},
  journal={IEEE Reviews in Biomedical Engineering},
  year={2021},
  publisher={IEEE}
}
@article{heckman2015pricing,
  title={A pricing model for data markets},
  author={Heckman, Judd Randolph and Boehmer, Erin Laurel and Peters, Elizabeth Hope and Davaloo, Milad and Kurup, Nikhil Gopinath},
  journal={IConference 2015 Proceedings},
  year={2015},
  publisher={iSchools}
}
@article{tang2023generalized,
        title={Generalized heterophily graph data augmentation for node classification },
        author={ Bisheng Tang and Xiaojun Chen and Shaopu Wang and Yuexin Xuan and Zhendong Zhao },
        journal={ Neural Networks },
        year={ 2023 },
        doi={ 10.1016/j.neunet.2023.09.021 },  
      }
@article{ren2021survey,
  title={A survey of deep active learning},
  author={Ren, Pengzhen and Xiao, Yun and Chang, Xiaojun and Huang, Po-Yao and Li, Zhihui and Gupta, Brij B and Chen, Xiaojiang and Wang, Xin},
  journal={ACM computing surveys (CSUR)},
  volume={54},
  number={9},
  pages={1--40},
  year={2021},
  publisher={ACM New York, NY}
}
@article{zhang2021survey,
  title={A survey on federated learning},
  author={Zhang, Chen and Xie, Yu and Bai, Hang and Yu, Bin and Li, Weihong and Gao, Yuan},
  journal={Knowledge-Based Systems},
  volume={216},
  pages={106775},
  year={2021},
  publisher={Elsevier}
}
@article{dimitrov2022data,
  title={Data leakage in federated averaging},
  author={Dimitrov, Dimitar Iliev and Balunovic, Mislav and Konstantinov, Nikola and Vechev, Martin},
  journal={Transactions on Machine Learning Research},
  year={2022}
}
@article{jin2021cafe,
  title={Cafe: Catastrophic data leakage in vertical federated learning},
  author={Jin, Xiao and Chen, Pin-Yu and Hsu, Chia-Yi and Yu, Chia-Mu and Chen, Tianyi},
  journal={Advances in Neural Information Processing Systems},
  volume={34},
  pages={994--1006},
  year={2021}
}
@article{kipf2016variational,
  title={Variational graph auto-encoders},
  author={Kipf, Thomas N and Welling, Max},
  journal={arXiv preprint arXiv:1611.07308},
  year={2016}
}
@inproceedings{yang2021space,
  title={Space meets time: Local spacetime neural network for traffic flow forecasting},
  author={Yang, Song and Liu, Jiamou and Zhao, Kaiqi},
  booktitle={2021 IEEE International Conference on Data Mining (ICDM)},
  pages={817--826},
  year={2021},
  organization={IEEE}
}
@article{shapley1951notes,
  title={Notes on the n-person game—ii: The value of an n-person game},
  author={Shapley, Lloyd S},
  year={1951},
  publisher={Rand Corporation}
}

@article{bechtsis2022data,
  title={Data-driven secure, resilient and sustainable supply chains: gaps, opportunities, and a new generalised data sharing and data monetisation framework},
  author={Bechtsis, Dimitrios and Tsolakis, Naoum and Iakovou, Eleftherios and Vlachos, Dimitrios},
  journal={International Journal of Production Research},
  volume={60},
  number={14},
  pages={4397--4417},
  year={2022},
  publisher={Taylor \& Francis}
}
@inproceedings{singer2010budget,
  title={Budget feasible mechanisms},
  author={Singer, Yaron},
  booktitle={2010 IEEE 51st Annual Symposium on foundations of computer science},
  pages={765--774},
  year={2010},
  organization={IEEE}
}
