@article{JacksonAlloy2002,
 author = {Jackson, Daniel},
 title = {Alloy: A Lightweight Object Modelling Notation},
 journal = {{TSE}},
 year = {2002},
} 

@inproceedings{MarinovKhurshidASE2001,
  author = {Darko Marinov and Sarfraz Khurshid},
  title = {{TestEra}: A Novel Framework for Automated Testing of {Java} Programs},
  booktitle = {{ASE}},
  pages = {22--31},
  year = 2001,
}

@inproceedings{GopinathETALTACAS2011,
  author       = {Divya Gopinath and
                  Muhammad Zubair Malik and
                  Sarfraz Khurshid},
  title        = {Specification-Based Program Repair Using {SAT}},
  booktitle    = {TACAS},
  pages        = {173--188},
  year         = {2011},
}

@inproceedings{JacksonVaziriISSTA2000,
  author       = {Daniel Jackson and
                  Mandana Vaziri},
  title        = {Finding bugs with a constraint solver},
  booktitle    = {ISSTA},
  pages        = {14--25},
  year         = {2000},
}

@inproceedings{CDDiff,
 author = {Maoz, Shahar and Ringert, Jan Oliver and Rumpe, Bernhard},
 title = {{CDDiff: S}emantic Differencing for Class Diagrams},
 booktitle = {ECOOP},
 year = {2011},
} 

@inproceedings{CD2Alloy,
 author = {Maoz, Shahar and Ringert, Jan Oliver and Rumpe, Bernhard},
 title = {{CD2Alloy: C}lass Diagrams Analysis Using {Alloy} Revisited},
 booktitle = {MODELS},
 year = {2011},
}

@article{OpenflowAlloy,
 author = {Ruchansky, Natali and Proserpio, Davide},
 title = {A (Not) {NICE} Way to Verify the {Openflow} Switch Specification: Formal Modelling of the {Openflow} Switch Using {Alloy}},
 journal = {SIGCOMM},
 year = {2013},
}

@InProceedings{Maldonado-Lopez2014,
author="Maldonado-Lopez, Ferney A.
and Chavarriaga, Jaime
and Donoso, Yezid",
title="Detecting Network Policy Conflicts Using Alloy",
booktitle="Abstract State Machines, Alloy, B, TLA, VDM, and Z",
year="2014",
publisher="Springer Berlin Heidelberg",
}

@inproceedings{Margrave,
 author = {Nelson, Timothy and Barratt, Christopher and Dougherty, Daniel J. and Fisler, Kathi and Krishnamurthi, Shriram},
 title = {The {Margrave} Tool for Firewall Analysis},
 booktitle = {LISA},
 year = {2010},
}

@inproceedings{Samimi2010,
  author = {Samimi, Hesam and Aung, Ei Darli and Millstein, Todd},
  title = {Falling Back on Executable Specifications},
  booktitle = {ECOOP},
  year = {2010},
}

@inproceedings{Zaeem2010,
  author="Nokhbeh Zaeem, Razieh and Khurshid, Sarfraz",
  title="Contract-Based Data Structure Repair Using Alloy",
  booktitle="ECOOP",
  year="2010",
}

@inproceedings{Squander,
  author={A. Milicevic and D. Rayside and K. Yessenov and D. Jackson},
  booktitle={ICSE},
  title={Unifying execution of imperative and declarative code},
  year={2011},
}

@inproceedings{Sullivan2017EvaluatingSM,
  title={Evaluating State Modeling Techniques in {Alloy}},
  author={Allison Sullivan and Kaiyuan Wang and Sarfraz Khurshid and Darko Marinov},
  booktitle={SQAMIA},
  year={2017},
}

@inproceedings{Alluminum,
  author = {Nelson, Tim and Saghafi, Salman and Dougherty, Daniel J. and Fisler, Kathi and Krishnamurthi, Shriram},
  title = {Aluminum: Principled Scenario Exploration Through Minimality},
  booktitle = {ICSE},
  year = {2013},
}

@PhdThesis{SullivanThesis,
  author =       "Allison Sullivan",
  title =        {Automated Testing and Sketching of {Alloy} Models},
  school =       "University of Texas at Austin",
  year =         2017,
}

@inproceedings{SullivanETALICST2018,
 author = {Sullivan, Allison and Wang, Kaiyuan and Khurshid, Sarfraz},
 title = {{AUnit: A} Test Automation Tool for {Alloy}},
 booktitle = {ICST},
 year = {2018},
}

@inproceedings{WangETALABZ2018ASketch,
 author={Wang, Kaiyuan and Sullivan, Allison and Marinov, Darko and Khurshid, Sarfraz},
 title={Solver-based Sketching of {Alloy} Models using Test Valuations},
 booktitle = {ABZ},
 year=2018
}

@inproceedings{WangETALABZ2018RexGen,
 author={Wang, Kaiyuan and Sullivan, Allison and Koukoutos, Manos and Marinov, Darko and Khurshid, Sarfraz},
 title={Systematic Generation of Non-equivalent Expressions for Relational Algebra},
 booktitle = {ABZ},
 year=2018
}

@inproceedings{WangETALICSE2018,
 author = {Wang, Kaiyuan and Sullivan, Allison and Khurshid, Sarfraz},
 title = {Mu{A}lloy: {A} {M}utation {T}esting {F}ramework for {A}lloy},
 booktitle = {ICSE},
 year = {2018},
}

@inproceedings{SullivanETALICST2017,
 author = {Sullivan, Allison and Wang, Kaiyuan and Zaeem, Razieh Nokhbeh and Khurshid, Sarfraz},
 title = {Automated Test Generation and Mutation Testing for {A}lloy},
 booktitle = {ICST},
 year = {2017},
}

@inproceedings{JacksonFeketeTACS01,
  author    = {Daniel Jackson and
               Alan Fekete},
  title     = {Lightweight Analysis of Object Interactions},
  booktitle = {TACS},
  year      = {2001},
}

@inproceedings{FriasETALICSE05,
  author    = {Marcelo F. Frias and
               Juan P. Galeotti and
               Carlos G. L{\'{o}}pez Pombo and
               Nazareno M. Aguirre},
  title     = {{DynAlloy}: Upgrading {Alloy} with Actions},
  booktitle = {ICSE},
  year      = {2005},
}

@inproceedings{Nelson2017,
  author = {Nelson, Tim and Danas, Natasha and Dougherty, Daniel J. and Krishnamurthi, Shriram},
  title = {The Power of "Why" and "Why Not": Enriching Scenario Exploration with Provenance},
  booktitle = {FSE},
  year = {2017},
}

@inproceedings{Torlak2008,
  author="Torlak, Emina and Chang, Felix Sheng-Ho and Jackson, Daniel",
  title="Finding Minimal Unsatisfiable Cores of Declarative Specifications",
  booktitle="FM",
  year="2008",
}

@inproceedings{SullivanETALSPIN2014,
 author = {Sullivan, Allison and Zaeem, Razieh Nokhbeh and Khurshid, Sarfraz and Marinov, Darko},
 title = {Towards a Test Automation Framework for {A}lloy},
 booktitle = {SPIN},
 year = {2014},
}

@INPROCEEDINGS{Shlyakhter2003,
  author={I. Shlyakhter and R. Seater and D. Jackson and M. Sridharan and M. Taghdiri},
  booktitle={ASE},
  title={Debugging overconstrained declarative models using unsatisfiable cores},
  year={2003},
}

@article{Solar-LezamaETALStencils2007,
 author = {Solar-Lezama, Armando and Arnold, Gilad and Tancau, Liviu and Bodik, Rastislav and Saraswat, Vijay and Seshia, Sanjit},
 title = {Sketching Stencils},
 journal = {{PLDI}},
 year = {2007},
}

@inproceedings{AlurETAL2013,
  author    = {Rajeev Alur and
               Rastislav Bod{\'{\i}}k and
               Garvit Juniwal and
               Milo M. K. Martin and
               Mukund Raghothaman and
               Sanjit A. Seshia and
               Rishabh Singh and
               Armando Solar{-}Lezama and
               Emina Torlak and
               Abhishek Udupa},
  title     = {Syntax-guided synthesis},
  booktitle = {FMCAD},
  year      = {2013},
}

@inproceedings{Solar-LezamaETALCombSketchFinite2006,
 author = {Solar-Lezama, Armando and Tancau, Liviu and Bodik, Rastislav and Seshia, Sanjit and Saraswat, Vijay},
 title = {Combinatorial Sketching for Finite Programs},
 booktitle = {ASPLOS},
 year = {2006},
}

@inproceedings{FengETAL2017,
 author = {Feng, Yu and Martins, Ruben and Wang, Yuepeng and Dillig, Isil and Reps, Thomas W.},
 title = {Component-based Synthesis for Complex {APIs}},
 booktitle = {POPL},
 year = {2017},
}

@inproceedings{MandelinETAL2005,
author = {Mandelin, David and Xu, Lin and Bod\'{\i}k, Rastislav and Kimelman, Doug},
title = {Jungloid mining: helping to navigate the API jungle},
year = {2005},
booktitle = {PLDI},
pages = {48â€“61},
numpages = {14},
}

@inproceedings{GveroETAL2011,
 author = {Gvero, Tihomir and Kuncak, Viktor and Piskac, Ruzica},
 title = {Interactive Synthesis of Code Snippets},
 booktitle = {CAV},
 year = {2011},
}

@PhdThesis{SolarLazemaPhD2008,
  author =       {Armando Solar-Lezama},
  title =        {Program Synthesis by Sketching},
  school =       {University of California, Berkeley},
  year =         2008,
}

@inproceedings{jsketch,
 author = {Jeon, Jinseong and Qiu, Xiaokang and Foster, Jeffrey S. and Solar-Lezama, Armando},
 title = {{JSketch}: Sketching for {Java}},
 booktitle = {FSE},
 year = {2015},
} 


@inproceedings{psketch,
 author = {Solar-Lezama, Armando and Jones, Christopher Grant and Bodik, Rastislav},
 title = {Sketching Concurrent Data Structures},
 booktitle = {{PLDI}},
 year = {2008},
} 

@inproceedings{storyboardDS,
 author = {Singh, Rishabh and Solar-Lezama, Armando},
 title = {Synthesizing Data Structure Manipulations from Storyboards},
 booktitle = {{FSE}},
 year = {2011},
} 

@article{TDS,
 author = {Perelman, Daniel and Gulwani, Sumit and Grossman, Dan and Provost, Peter},
 title = {Test-driven Synthesis},
 journal = {PLDI},
 year = {2014},
} 

@inproceedings{oracleCBS,
 author = {Jha, Susmit and Gulwani, Sumit and Seshia, Sanjit A. and Tiwari, Ashish},
 title = {Oracle-guided Component-based Program Synthesis},
 booktitle = {ICSE},
 year = {2010},
} 

@article{BodikJobstmannAlgoSynthesis2013,
  author    = {Rastislav Bod{\'{\i}}k and Barbara Jobstmann},
  title     = {Algorithmic program synthesis: Introduction},
  journal   = {{STTT}},
  year      = {2013},
}

@inproceedings{HuaKhurshid2017,
 author = {Jinru Hua and Sarfraz Khurshid},
 title = {{EdSketch}: Execution-Driven Sketching for {Java}},
 year = 2017,
 booktitle = {{SPIN}},
}

@inproceedings{Osera:2015:TPS:2813885.2738007,
 author = {Osera, Peter-Michael and Zdancewic, Steve},
 title = {Type-and-example-directed Program Synthesis},
 booktitle = {PLDI},
 year = {2015},
} 

@inproceedings{Kuncak:2010:CFS:1809028.1806632,
 author = {Kuncak, Viktor and Mayer, Mika\"{e}l and Piskac, Ruzica and Suter, Philippe},
 title = {Complete Functional Synthesis},
 booktitle= {PLDI},
 year = {2010},
} 

@inproceedings{synthesisRecursive,
 author = {Kneuss, Etienne and Kuraj, Ivan and Kuncak, Viktor and Suter, Philippe},
 title = {Synthesis Modulo Recursive Functions},
 booktitle = {OOPSLA},
 year = {2013},
} 

@inproceedings{CodeHint,
 author = {Galenson, Joel and Reames, Philip and Bodik, Rastislav and Hartmann, Bj\"{o}rn and Sen, Koushik},
 title = {{CodeHint: D}ynamic and Interactive Synthesis of Code Snippets},
 booktitle = {ICSE},
 year = {2014},
} 

@inproceedings{Feser2015,
 author = {Feser, John K. and Chaudhuri, Swarat and Dillig, Isil},
 title = {Synthesizing Data Structure Transformations from Input-output Examples},
 booktitle = {PLDI},
 year = {2015},
} 

@inproceedings{Singh2015,
author="Singh, Rishabh
and Gulwani, Sumit",
title="Predicting a Correct Program in Programming by Example",
booktitle={{CAV}},
year="2015",
}

@inproceedings{YangETAL2017,
 author={Zijiang Yang and Jinru Hua and Kaiyuan Wang and Sarfraz Khurshid},
 title={Test Execution Driven Synthesis of {API} Sequences With Conditionals and Loops},
 booktitle={{ICST}},
 year=2018,
}

@article{DilharaETALFSE2024,
  author       = {Malinda Dilhara and
                  Abhiram Bellur and
                  Timofey Bryksin and
                  Danny Dig},
  title        = {Unprecedented Code Change Automation: The Fusion of {LLMs} and Transformation
                  by Example},
  journal      = {Proc. {ACM} Softw. Eng.},
  volume       = {1},
  number       = {{FSE}},
  pages        = {631--653},
  year         = {2024},
}

@article{BairiETALFSE2024,
author = {Bairi, Ramakrishna and Sonwane, Atharv and Kanade, Aditya and C., Vageesh D. and Iyer, Arun and Parthasarathy, Suresh and Rajamani, Sriram and Ashok, B. and Shet, Shashank},
title = {CodePlan: Repository-Level Coding using {LLMs} and Planning},
year = {2024},
issue_date = {July 2024},
volume = {1},
number = {FSE},
journal = {Proc. ACM Softw. Eng.},
month = jul,
articleno = {31},
numpages = {24},
}

@article{WadhwaETALFSE2024,
author = {Wadhwa, Nalin and Pradhan, Jui and Sonwane, Atharv and Sahu, Surya Prakash and Natarajan, Nagarajan and Kanade, Aditya and Parthasarathy, Suresh and Rajamani, Sriram},
title = {{CORE}: Resolving Code Quality Issues using {LLMs}},
year = {2024},
issue_date = {July 2024},
volume = {1},
number = {FSE},
journal = {Proc. ACM Softw. Eng.},
month = jul,
articleno = {36},
numpages = {23},
}

@article{RyanETALFSE2024,
author = {Ryan, Gabriel and Jain, Siddhartha and Shang, Mingyue and Wang, Shiqi and Ma, Xiaofei and Ramanathan, Murali Krishna and Ray, Baishakhi},
title = {Code-Aware Prompting: A Study of Coverage-Guided Test Generation in Regression Setting using {LLM}},
year = {2024},
issue_date = {July 2024},
volume = {1},
number = {FSE},
journal = {Proc. ACM Softw. Eng.},
month = jul,
articleno = {43},
numpages = {21},
}

@article{KangETAL2024,
author = {Kang, Sungmin and An, Gabin and Yoo, Shin},
title = {A Quantitative and Qualitative Evaluation of {LLM}-Based Explainable Fault Localization},
year = {2024},
issue_date = {July 2024},
volume = {1},
number = {FSE},
journal = {Proc. ACM Softw. Eng.},
month = jul,
articleno = {64},
numpages = {23},
}

@article{JinETALFSE2024,
author = {Jin, Xin and Lin, Zhiqiang},
title = {{SimLLM}: Calculating Semantic Similarity in Code Summaries using a Large Language Model-Based Approach},
year = {2024},
issue_date = {July 2024},
volume = {1},
number = {FSE},
journal = {Proc. ACM Softw. Eng.},
month = jul,
articleno = {62},
numpages = {24},
}

@article{JiangETALFSE2024,
author = {Jiang, Zhihan and Liu, Jinyang and Chen, Zhuangbin and Li, Yichen and Huang, Junjie and Huo, Yintong and He, Pinjia and Gu, Jiazhen and Lyu, Michael R.},
title = {{LILAC}: Log Parsing using {LLMs} with Adaptive Parsing Cache},
year = {2024},
issue_date = {July 2024},
volume = {1},
number = {FSE},
journal = {Proc. ACM Softw. Eng.},
month = jul,
articleno = {7},
numpages = {24},
}

@article{WangETAL2024,
author = {Wang, Wei and Ning, Huilong and Zhang, Gaowei and Liu, Libo and Wang, Yi},
title = {Rocks Coding, Not Development: A Human-Centric, Experimental Evaluation of {LLM}-Supported {SE} Tasks},
year = {2024},
issue_date = {July 2024},
volume = {1},
number = {FSE},
journal = {Proc. ACM Softw. Eng.},
month = jul,
articleno = {32},
numpages = {23},
}

@article{MuETALFSE2024,
author = {Mu, Fangwen and Shi, Lin and Wang, Song and Yu, Zhuohao and Zhang, Binquan and Wang, ChenXue and Liu, Shichao and Wang, Qing},
title = {ClarifyGPT: A Framework for Enhancing {LLM}-Based Code Generation via Requirements Clarification},
year = {2024},
issue_date = {July 2024},
volume = {1},
number = {FSE},
journal = {Proc. ACM Softw. Eng.},
month = jul,
articleno = {103},
numpages = {23},
}

@inproceedings{MaETALICSE2024,
author = {Ma, Zeyang and Chen, An Ran and Kim, Dong Jae and Chen, Tse-Hsun and Wang, Shaowei},
title = {{LLMParser}: An Exploratory Study on Using Large Language Models for Log Parsing},
year = {2024},
booktitle = {ICSE},
articleno = {99},
numpages = {13},
}

@inproceedings{LiuETALICSE2024,
author = {Liu, Zhe and Chen, Chunyang and Wang, Junjie and Chen, Mengzhuo and Wu, Boyu and Che, Xing and Wang, Dandan and Wang, Qing},
title = {Make {LLM} a Testing Expert: Bringing Human-like Interaction to Mobile GUI Testing via Functionality-aware Decisions},
year = {2024},
booktitle = {ICSE},
articleno = {100},
numpages = {13},
}


@article{JiangETALarXiv2024,
  author       = {Shan Jiang and
                  Chenguang Zhu and
                  Sarfraz Khurshid},
  title        = {Generating executable oracles to check conformance of client code
                  to requirements of {JDK} Javadocs using {LLMs}},
  journal      = {CoRR},
  volume       = {abs/2411.01789},
  year         = {2024},
  eprinttype    = {arXiv},
  eprint       = {2411.01789},
}

@inproceedings{ImranETALICSE2024,
author = {Imran, Mia Mohammad and Chatterjee, Preetha and Damevski, Kostadin},
title = {Uncovering the Causes of Emotions in Software Developer Communication Using Zero-shot {LLMs}},
year = {2024},
booktitle = {ICSE},
articleno = {182},
numpages = {13},
}

@inproceedings{XuETALICSE2024,
author = {Xu, Junjielong and Cui, Ziang and Zhao, Yuan and Zhang, Xu and He, Shilin and He, Pinjia and Li, Liqun and Kang, Yu and Lin, Qingwei and Dang, Yingnong and Rajmohan, Saravan and Zhang, Dongmei},
title = {UniLog: Automatic Logging via {LLM} and In-Context Learning},
year = {2024},
booktitle = {ICSE},
articleno = {14},
numpages = {12},
}

@inproceedings{FirstETALFSE2024,
  author       = {Emily First and
                  Markus N. Rabe and
                  Talia Ringer and
                  Yuriy Brun},
  title        = {Baldur: Whole-Proof Generation and Repair with Large Language Models},
  booktitle    = {Proceedings of the 31st {ACM} Joint European Software Engineering
                  Conference and Symposium on the Foundations of Software Engineering,
                  {ESEC/FSE} 2023, San Francisco, CA, USA, December 3-9, 2023},
  pages        = {1229--1241},
  publisher    = {{ACM}},
  year         = {2023},
}

@inproceedings{NamETALICSE2024,
author = {Nam, Daye and Macvean, Andrew and Hellendoorn, Vincent and Vasilescu, Bogdan and Myers, Brad},
title = {Using an {LLM} to Help With Code Understanding},
year = {2024},
booktitle = {ICSE},
articleno = {97},
numpages = {13},
}

@inproceedings{XiaETALFSE2025,
  author       = {Chunqiu Steven Xia and Yinlin Deng and Soren Dunn and Lingming Zhang},
  title        = {Agentless: Demystifying {LLM}-based Software Engineering Agents},
  booktitle    = {Proceedings of the 33rd {ACM} Joint European Software Engineering
                  Conference and Symposium on the Foundations of Software Engineering,
                  {ESEC/FSE} 2025},
  numpages     = {24},
  publisher    = {{ACM}},
  year         = {2025},
  note         = {To appear}
}

@inproceedings{DinellaETALICSE2022,
author = {Dinella, Elizabeth and Ryan, Gabriel and Mytkowicz, Todd and Lahiri, Shuvendu K.},
title = {{TOGA}: A neural method for test oracle generation},
year = {2022},
isbn = {9781450392211},
booktitle = {ICSE},
pages = {2130â€“2141},
numpages = {12},
}

@article{EndresETALFSE2024,
author = {Endres, Madeline and Fakhoury, Sarah and Chakraborty, Saikat and Lahiri, Shuvendu K.},
title = {Can Large Language Models Transform Natural Language Intent into Formal Method Postconditions?},
year = {2024},
issue_date = {July 2024},
volume = {1},
number = {FSE},
journal = {Proc. ACM Softw. Eng.},
month = jul,
articleno = {84},
numpages = {24},
}

@inproceedings{ChakrabortyETALEMNLP2023,
    title = "Ranking {LLM}-Generated Loop Invariants for Program Verification",
    author = "Chakraborty, Saikat  and
      Lahiri, Shuvendu  and
      Fakhoury, Sarah  and
      Lal, Akash  and
      Musuvathi, Madanlal  and
      Rastogi, Aseem  and
      Senthilnathan, Aditya  and
      Sharma, Rahul  and
      Swamy, Nikhil",
    booktitle = "Findings of the Association for Computational Linguistics: EMNLP 2023",
    year = "2023",
}

@inproceedings{PueliRosnerICALP1989,
author = {Pnueli, Amir and Rosner, Roni},
title = {On the Synthesis of an Asynchronous Reactive Module},
year = {1989},
publisher = {Springer-Verlag},
booktitle = {Proceedings of the 16th International Colloquium on Automata, Languages and Programming},
pages = {652â€“671},
}

@inproceedings{TorlakJacksonTACAS2007,
  author       = {Emina Torlak and
                  Daniel Jackson},
  title        = {Kodkod: {A} Relational Model Finder},
  booktitle    = {TACAS},
  volume       = {4424},
  pages        = {632--647},
  publisher    = {Springer},
  year         = {2007},
}

@article{Shlyakhter2001,
  author       = {Ilya Shlyakhter},
  title        = {Generating effective symmetry-breaking predicates for search problems},
  journal      = {Electron. Notes Discret. Math.},
  volume       = {9},
  pages        = {19--35},
  year         = {2001},
}

@inproceedings{KhurshidETALSAT2003,
  author       = {Sarfraz Khurshid and
                  Darko Marinov and
                  Ilya Shlyakhter and
                  Daniel Jackson},
  title        = {A Case for Efficient Solution Enumeration},
  booktitle    = {SAT},
  pages        = {272--286},
  year         = {2003},
}

@inproceedings{SullivanETALICFEM2019,
  author       = {Allison Sullivan and
                  Darko Marinov and
                  Sarfraz Khurshid},
  title        = {Solution Enumeration Abstraction: {A} Modeling Idiom to Enhance a
                  Lightweight Formal Method},
  booktitle    = {ICFEM},
  pages        = {336--352},
  year         = {2019},
}

@misc{ZhaoETALLLMSurvey2024,
      title={A Survey of Large Language Models}, 
      author={Wayne Xin Zhao and Kun Zhou and Junyi Li and Tianyi Tang and Xiaolei Wang and Yupeng Hou and Yingqian Min and Beichen Zhang and Junjie Zhang and Zican Dong and Yifan Du and Chen Yang and Yushuo Chen and Zhipeng Chen and Jinhao Jiang and Ruiyang Ren and Yifan Li and Xinyu Tang and Zikang Liu and Peiyu Liu and Jian-Yun Nie and Ji-Rong Wen},
      year={2024},
      eprint={2303.18223},
      archivePrefix={arXiv},
      note={arXiv 2303.18223}
}

@book{Nugues2006,
  title={An introduction to {Prolog}},
  author={Nugues, Pierre M},
  year={2006},
  publisher={Springer},
}

@article{Ceri1989,
  title={What you always wanted to know about {Datalog} (and never dared to ask)},
  author={Ceri, Stefano and Gottlob, Georg and Tanca, Letizia and others},
  journal={IEEE transactions on knowledge and data engineering},
  volume={1},
  number={1},
  pages={146--166},
  year={1989},
  publisher={Citeseer},
}

@inproceedings{Leavens1998,
  title={{JML}: A Java modeling language},
  author={Leavens, Gary T and Baker, Albert L and Ruby, Clyde},
  booktitle={Formal Underpinnings of Java Workshop (at OOPSLAâ€™98)},
  pages={404--420},
  year={1998},
  organization={Citeseer},
}

@book{Jones1990,
  title={Systematic software development using {VDM}},
  author={Jones, Cliff B},
  volume={2},
  year={1990},
  publisher={Prentice Hall Englewood Cliffs},
}

@book{Guttag2012,
  title={Larch: Languages and tools for formal specification},
  author={Guttag, John V and Horning, James J},
  year={2012},
  publisher={Springer Science \& Business Media},
}

@misc{Hasan2023,
      title={Automated Repair of Declarative Software Specifications in the Era of Large Language Models}, 
      author={Md Rashedul Hasan and Jiawei Li and Iftekhar Ahmed and Hamid Bagheri},
      year={2023},
      eprint={2310.12425},
      archivePrefix={arXiv},
      note={arXiv 2310.12425},
}

@misc{Alhanahnah2024,
      title={An Empirical Evaluation of Pre-trained Large Language Models for Repairing Declarative Formal Specifications}, 
      author={Mohannad Alhanahnah and Md Rashedul Hasan and Hamid Bagheri},
      year={2024},
      eprint={2404.11050},
      archivePrefix={arXiv},
      note={arXiv 2404.11050},
}

