@article{bilal2022,
	title = {Auto-Prep: Efficient and Automated Data Preprocessing Pipeline},
	author = {Bilal, Mehwish and Ali, Ghulam and Iqbal, Muhammad Waseem and Anwar, Muhammad and Malik, Muhammad Sheraz Arshad and Kadir, Rabiah Abdul},
	year = {2022},
	date = {2022},
	journal = {IEEE Access},
	pages = {107764--107784},
	volume = {10},
	doi = {10.1109/access.2022.3198662},
	url = {http://dx.doi.org/10.1109/ACCESS.2022.3198662}
}

@article{craig_survival_2021,
  title={Survival stacking: casting survival analysis as a classification problem},
  author={Craig, Erin and Zhong, Chenyang and Tibshirani, Robert},
  journal={arXiv preprint arXiv:2107.13480},
  year={2021}
}

@inproceedings{learn2clean_2019,
author = {Berti-Equille, Laure},
title = {{Learn2Clean}: Optimizing the Sequence of Tasks for Web Data Preparation},
year = {2019},
isbn = {9781450366748},
publisher = {Association for Computing Machinery},
address = {New York, NY, USA},
url = {https://doi.org/10.1145/3308558.3313602},
doi = {10.1145/3308558.3313602},
booktitle = {The World Wide Web Conference},
pages = {2580--2586},
numpages = {7},
location = {San Francisco, CA, USA},
series = {WWW '19}
}

@article{pomsuwan2024,
	title = {A Genetic Algorithm-based Auto-ML System for Survival Analysis},
	author = {Pomsuwan, Tossapol and Freitas, Alex A.},
	year = {2024},
	month = {04},
	date = {2024-04-08},
	journal = {Proceedings of the 39th ACM/SIGAPP Symposium on Applied Computing},
	pages = {370--377},
	doi = {10.1145/3605098.3635954},
	url = {http://dx.doi.org/10.1145/3605098.3635954}
}

@article{santos2023,
	title = {Atlantic{\textemdash}Automated data preprocessing framework for supervised machine learning},
	author = {Santos, {Luís} and Ferreira, {Luís}},
	year = {2023},
	month = {09},
	date = {2023-09},
	journal = {Software Impacts},
	pages = {100532},
	volume = {17},
	doi = {10.1016/j.simpa.2023.100532},
	url = {http://dx.doi.org/10.1016/j.simpa.2023.100532},
	langid = {en}
}

@article{zhou2020,
	title = {MLsurvival: an automated machine learning tool for survival analysis of cancer patients.},
	author = {Zhou, Wei and He, Ji},
	year = {2020},
	month = {05},
	date = {2020-05-20},
	journal = {Journal of Clinical Oncology},
	pages = {e13555--e13555},
	volume = {38},
	number = {15{\_}suppl},
	doi = {10.1200/jco.2020.38.15_suppl.e13555},
	url = {http://dx.doi.org/10.1200/JCO.2020.38.15_suppl.e13555},
	langid = {en}
}

