% Use this file for citations not found in the ACL Anthology (contained in "anthology.bib").

@book{Aho:72,
    author  = {Alfred V. Aho and Jeffrey D. Ullman},
    title   = {The Theory of Parsing, Translation and Compiling},
    year    = "1972",
    volume  = "1",
    publisher = {Prentice-Hall},
    address = {Englewood Cliffs, NJ}
}

@book{miller2012motivational,
  title={Motivational interviewing: Helping people change},
  author={Miller, William R and Rollnick, Stephen},
  year={2012},
  publisher={Guilford press}
}

@book{APA:83,
    author  = {{American Psychological Association}},
    title   = {Publications Manual},
    year    = "1983",
    publisher = {American Psychological Association},
    address = {Washington, DC}
}

@inproceedings{arabic-medical-llm,
  title={BiMediX: Bilingual Medical Mixture of Experts LLM},
  author={Sara Pieri and Sahal Shaji Mullappilly and Fahad Shahbaz Khan and Rao Muhammad Anwer and Salman H. Khan and Timothy Baldwin and Hisham Cholakkal},
  booktitle={Conference on Empirical Methods in Natural Language Processing},
  year={2024},
  url={https://api.semanticscholar.org/CorpusID:267760013}
}


@inproceedings{dutch-mi,
    title = "Eliciting Motivational Interviewing Skill Codes in Psychotherapy with {LLM}s: A Bilingual Dataset and Analytical Study",
    author = "Sun, Xin  and
      Pei, Jiahuan  and
      Wit, Jan de  and
      Aliannejadi, Mohammad  and
      Krahmer, Emiel  and
      Dobber, Jos T.P.  and
      Bosch, Jos A.",
    editor = "Calzolari, Nicoletta  and
      Kan, Min-Yen  and
      Hoste, Veronique  and
      Lenci, Alessandro  and
      Sakti, Sakriani  and
      Xue, Nianwen",
    booktitle = "Proceedings of the 2024 Joint International Conference on Computational Linguistics, Language Resources and Evaluation (LREC-COLING 2024)",
    month = may,
    year = "2024",
    address = "Torino, Italia",
    publisher = "ELRA and ICCL",
    url = "https://aclanthology.org/2024.lrec-main.498",
    pages = "5609--5621"
}

@article{kenyan-peer-support-chats,
  title={A Linguistic Annotation Framework to Study Interactions in Multilingual Healthcare Conversational Forums},
  author={Ishani Mondal and Kalika Bali and Mohit Jain and Monojit Choudhury and Ashish Sharma and Evans Gitau and Jacki O'Neill and Kagonya Awori and Sarah Njeri Gitau},
  journal={Proceedings of The Joint 15th Linguistic Annotation Workshop (LAW) and 3rd Designing Meaning Representations (DMR) Workshop},
  year={2021},
  url={https://api.semanticscholar.org/CorpusID:241583573}
}

% this isn't specific to MI
@inproceedings{hebrew-counseling, 
    title = "Predicting Client Emotions and Therapist Interventions in Psychotherapy Dialogues",
    author = "Mayer, Tobias  and
      Warikoo, Neha  and
      Eliassaf, Amir  and
      Atzil-Slonim, Dana  and
      Gurevych, Iryna",
    editor = "Graham, Yvette  and
      Purver, Matthew",
    booktitle = "Proceedings of the 18th Conference of the European Chapter of the Association for Computational Linguistics (Volume 1: Long Papers)",
    month = mar,
    year = "2024",
    address = "St. Julian{'}s, Malta",
    publisher = "Association for Computational Linguistics",
    url = "https://aclanthology.org/2024.eacl-long.88",
    pages = "1463--1477",
}

@inproceedings{hinglish-mi,
    title = "On the Way to Gentle {AI} Counselor: Politeness Cause Elicitation and Intensity Tagging in Code-mixed {H}inglish Conversations for Social Good",
    author = "Priya, Priyanshu  and
      Singh, Gopendra  and
      Firdaus, Mauajama  and
      Agrawal, Jyotsna  and
      Ekbal, Asif",
    editor = "Duh, Kevin  and
      Gomez, Helena  and
      Bethard, Steven",
    booktitle = "Findings of the Association for Computational Linguistics: NAACL 2024",
    month = jun,
    year = "2024",
    address = "Mexico City, Mexico",
    publisher = "Association for Computational Linguistics",
    url = "https://aclanthology.org/2024.findings-naacl.290",
    doi = "10.18653/v1/2024.findings-naacl.290",
    pages = "4678--4696",
}

@inproceedings{chinese-mi,
    title = "{P}sy{QA}: A {C}hinese Dataset for Generating Long Counseling Text for Mental Health Support",
    author = "Sun, Hao  and
      Lin, Zhenru  and
      Zheng, Chujie  and
      Liu, Siyang  and
      Huang, Minlie",
    editor = "Zong, Chengqing  and
      Xia, Fei  and
      Li, Wenjie  and
      Navigli, Roberto",
    booktitle = "Findings of the Association for Computational Linguistics: ACL-IJCNLP 2021",
    month = aug,
    year = "2021",
    address = "Online",
    publisher = "Association for Computational Linguistics",
    url = "https://aclanthology.org/2021.findings-acl.130",
    doi = "10.18653/v1/2021.findings-acl.130",
    pages = "1489--1503",
}

@inproceedings{sheng-mi,
    title = "A Linguistic Annotation Framework to Study Interactions in Multilingual Healthcare Conversational Forums",
    author = "Mondal, Ishani  and
      Bali, Kalika  and
      Jain, Mohit  and
      Choudhury, Monojit  and
      Sharma, Ashish  and
      Gitau, Evans  and
      O{'}Neill, Jacki  and
      Awori, Kagonya  and
      Gitau, Sarah",
    editor = "Bonial, Claire  and
      Xue, Nianwen",
    booktitle = "Proceedings of the Joint 15th Linguistic Annotation Workshop (LAW) and 3rd Designing Meaning Representations (DMR) Workshop",
    month = nov,
    year = "2021",
    address = "Punta Cana, Dominican Republic",
    publisher = "Association for Computational Linguistics",
    url = "https://aclanthology.org/2021.law-1.7",
    doi = "10.18653/v1/2021.law-1.7",
    pages = "66--77",
}

@article{r-q-ratio-justification,
  title={Evaluating therapist adherence in motivational interviewing by comparing performance with standardized and real patients.},
  author={Imel, Zac E and Baldwin, Scott A and Baer, John S and Hartzler, Bryan and Dunn, Chris and Rosengren, David B and Atkins, David C},
  journal={Journal of consulting and clinical psychology},
  volume={82},
  number={3},
  pages={472},
  year={2014},
  publisher={American Psychological Association}
}

@misc {lik_xun_yuan_2023,
	author       = { {Lik Xun Yuan} },
	title        = { distilbert-base-multilingual-cased-sentiments-student (Revision 2e33845) },
	year         = 2023,
	url          = { https://huggingface.co/lxyuan/distilbert-base-multilingual-cased-sentiments-student },
	doi          = { 10.57967/hf/1422 },
	publisher    = { Hugging Face }
}


@article{Neekhara2021CrossmodalAR,
  title={Cross-modal Adversarial Reprogramming},
  author={Paarth Neekhara and Shehzeen Samarah Hussain and Jinglong Du and Shlomo Dubnov and Farinaz Koushanfar and Julian McAuley},
  journal={2022 IEEE/CVF Winter Conference on Applications of Computer Vision (WACV)},
  year={2021},
  pages={2898-2906},
  url={https://api.semanticscholar.org/CorpusID:231924905}
}

@article{devlin2018bert,
  title={Bert: Pre-training of deep bidirectional transformers for language understanding},
  author={Devlin, Jacob and Chang, Ming-Wei and Lee, Kenton and Toutanova, Kristina},
  journal={arXiv preprint arXiv:1810.04805},
  year={2018}
}

@article{GimnezMoreno2022TheEO,
  title={The expression of emotions in online medical consultations: a comprehensive Spanish-English analysis},
  author={Rosa Gim{\'e}nez-Moreno and Alicia Ricart-Vay{\'a}},
  journal={Ib{\'e}rica},
  year={2022},
  url={https://api.semanticscholar.org/CorpusID:254671588}
}

@book{coulter2003european,
  title={The European patient of the future},
  author={Coulter, Angela and Magee, Helen},
  year={2003},
  publisher={McGraw-Hill Education (UK)}
}

@article{thompson2022cultural,
  title={Cultural differences in patients’ preferences for paternalism: comparing Mexican and American patients’ preferences for and experiences with physician paternalism and patient autonomy},
  author={Thompson, Gregory A and Segura, Jonathan and Cruz, Dianne and Arnita, Cassie and Whiffen, Leeann H},
  journal={International Journal of Environmental Research and Public Health},
  volume={19},
  number={17},
  pages={10663},
  year={2022},
  publisher={MDPI}
}

@misc{perez2021pysentimiento,
      title={pysentimiento: A Python Toolkit for Opinion Mining and Social NLP tasks}, 
      author={Juan Manuel Pérez and Mariela Rajngewerc and Juan Carlos Giudici and Damián A. Furman and Franco Luque and Laura Alonso Alemany and María Vanina Martínez},
      year={2023},
      eprint={2106.09462},
      archivePrefix={arXiv},
      primaryClass={cs.CL}
}


@inproceedings{ji2022mentalbert,
  title     = {{MentalBERT: Publicly Available Pretrained Language Models for Mental Healthcare}},
  author    = {Shaoxiong Ji and Tianlin Zhang and Luna Ansari and Jie Fu and Prayag Tiwari and Erik Cambria},
  year      = {2022},
  booktitle = {Proceedings of LREC}
}


@inproceedings{Tu2022PromptTuningCB,
  title={Prompt-Tuning Can Be Much Better Than Fine-Tuning on Cross-lingual Understanding With Multilingual Language Models},
  author={Lifu Tu and Caiming Xiong and Yingbo Zhou},
  booktitle={Conference on Empirical Methods in Natural Language Processing},
  year={2022},
  url={https://api.semanticscholar.org/CorpusID:253098216}
}

@misc{zhu2023multilingual,
      title={Multilingual Machine Translation with Large Language Models: Empirical Results and Analysis}, 
      author={Wenhao Zhu and Hongyi Liu and Qingxiu Dong and Jingjing Xu and Shujian Huang and Lingpeng Kong and Jiajun Chen and Lei Li},
      year={2023},
      eprint={2304.04675},
      archivePrefix={arXiv},
      primaryClass={cs.CL}
}

@misc{elsayed2018adversarial,
      title={Adversarial Reprogramming of Neural Networks}, 
      author={Gamaleldin F. Elsayed and Ian Goodfellow and Jascha Sohl-Dickstein},
      year={2018},
      eprint={1806.11146},
      archivePrefix={arXiv},
      primaryClass={cs.LG}
}


@article{Chandra:81,
	author = {Ashok K. Chandra and Dexter C. Kozen and Larry J. Stockmeyer},
	year = "1981",
	title = {Alternation},
	journal = {Journal of the Association for Computing Machinery},
	volume = "28",
	number = "1",
	pages = "114--133",
	doi = "10.1145/322234.322243",
}

@article{oh2016culture,
  title={Culture and motivational interviewing},
  author={Oh, Hans and Lee, Christina},
  journal={Patient education and counseling},
  volume={99},
  number={11},
  pages={1914},
  year={2016},
  publisher={NIH Public Access}
}

@article{lopez2021transformers,
  title={Transformers for clinical coding in Spanish},
  author={L{\'o}pez-Garc{\'\i}a, Guillermo and Jerez, Jos{\'e} M and Ribelles, Nuria and Alba, Emilio and Veredas, Francisco J},
  journal={IEEE Access},
  volume={9},
  pages={72387--72397},
  year={2021},
  publisher={IEEE}
}


















@inproceedings{andrew2007scalable,
  title={Scalable training of {L1}-regularized log-linear models},
  author={Andrew, Galen and Gao, Jianfeng},
  booktitle={Proceedings of the 24th International Conference on Machine Learning},
  pages={33--40},
  year={2007},
}

@book{Gusfield:97,
    author  = {Dan Gusfield},
    title   = {Algorithms on Strings, Trees and Sequences},
    year    = "1997",
    publisher = {Cambridge University Press},
    address = {Cambridge, UK}
}

@article{rasooli-tetrault-2015,
    author    = {Mohammad Sadegh Rasooli and Joel R. Tetreault},
    title     = {Yara Parser: {A} Fast and Accurate Dependency Parser},
    journal   = {Computing Research Repository},
    volume    = {arXiv:1503.06733},
    year      = {2015},
    url       = {http://arxiv.org/abs/1503.06733},
    note    = {version 2}
}

@article{Ando2005,
	Acmid = {1194905},
	Author = {Ando, Rie Kubota and Zhang, Tong},
	Issn = {1532-4435},
	Issue_Date = {12/1/2005},
	Journal = {Journal of Machine Learning Research},
	Month = dec,
	Numpages = {37},
	Pages = {1817--1853},
	Publisher = {JMLR.org},
	Title = {A Framework for Learning Predictive Structures from Multiple Tasks and Unlabeled Data},
	Volume = {6},
	Year = {2005}
}

@inproceedings{Lester2021ThePO,
  title={The Power of Scale for Parameter-Efficient Prompt Tuning},
  author={Brian Lester and Rami Al-Rfou and Noah Constant},
  booktitle={Conference on Empirical Methods in Natural Language Processing},
  year={2021},
  url={https://api.semanticscholar.org/CorpusID:233296808}
}

@inproceedings{liwc,
  title={The development and psychometric properties of LIWC2007},
  author={James W. Pennebaker and Cindy K. Chung and Molly Ireland and Amy L. Gonzales and Roger John Booth},
  year={2007},
  url={https://api.semanticscholar.org/CorpusID:180769814}
}

@article{hettema2005motivational,
  title={Motivational interviewing},
  author={Hettema, Jennifer and Steele, Julie and Miller, William R},
  journal={Annu. Rev. Clin. Psychol.},
  volume={1},
  pages={91--111},
  year={2005},
  publisher={Annual Reviews}
}

@article{ireland2010language,
  title={Language style matching in writing: synchrony in essays, correspondence, and poetry.},
  author={Ireland, Molly E and Pennebaker, James W},
  journal={Journal of personality and social psychology},
  volume={99},
  number={3},
  pages={549},
  year={2010},
  publisher={American Psychological Association}
}

@article{DBLP:journals/corr/abs-1810-04805,
  author    = {Jacob Devlin and
               Ming{-}Wei Chang and
               Kenton Lee and
               Kristina Toutanova},
  title     = {{BERT:} Pre-training of Deep Bidirectional Transformers for Language
               Understanding},
  journal   = {CoRR},
  volume    = {abs/1810.04805},
  year      = {2018},
  url       = {http://arxiv.org/abs/1810.04805},
  archivePrefix = {arXiv},
  eprint    = {1810.04805},
  timestamp = {Tue, 30 Oct 2018 20:39:56 +0100},
  biburl    = {https://dblp.org/rec/journals/corr/abs-1810-04805.bib},
  bibsource = {dblp computer science bibliography, https://dblp.org}
}

@article{liwc-cat-1,
  title={Linguistic styles: language use as an individual difference.},
  author={Pennebaker, James W and King, Laura A},
  journal={Journal of personality and social psychology},
  volume={77},
  number={6},
  pages={1296},
  year={1999},
  publisher={American Psychological Association}
}

@article{liwc-cat-2,
  title={Lying words: Predicting deception from linguistic styles},
  author={Newman, Matthew L and Pennebaker, James W and Berry, Diane S and Richards, Jane M},
  journal={Personality and social psychology bulletin},
  volume={29},
  number={5},
  pages={665--675},
  year={2003},
  publisher={Sage Publications}
}

@article{liwc-cat-3,
  title={The development and psychometric properties of LIWC-22},
  author={Boyd, Ryan L and Ashokkumar, Ashwini and Seraj, Sarah and Pennebaker, James W},
  journal={Austin, TX: University of Texas at Austin},
  pages={1--47},
  year={2022}
}

@book{pennebaker_secret_2013,
	title = {The {Secret} {Life} of {Pronouns}: {What} {Our} {Words} {Say} {About} {Us}},
	isbn = {978-1-60819-496-4},
	url = {https://books.google.com/books?id=p9KmCAAAQBAJ},
	publisher = {Bloomsbury USA},
	author = {Pennebaker, J.W.},
	year = {2013},
	lccn = {2011001289},
}

@article{p-tuning,
title = {GPT understands, too},
journal = {AI Open},
year = {2023},
issn = {2666-6510},
doi = {https://doi.org/10.1016/j.aiopen.2023.08.012},
url = {https://www.sciencedirect.com/science/article/pii/S2666651023000141},
author = {Xiao Liu and Yanan Zheng and Zhengxiao Du and Ming Ding and Yujie Qian and Zhilin Yang and Jie Tang},
keywords = {Pre-trained language models, Prompt tuning, Natural language understanding},
}

@inproceedings{uniprompt,
    title = "Zero-shot Cross-lingual Transfer of Prompt-based Tuning with a Unified Multilingual Prompt",
    author = "Huang, Lianzhe  and
      Ma, Shuming  and
      Zhang, Dongdong  and
      Wei, Furu  and
      Wang, Houfeng",
    editor = "Goldberg, Yoav  and
      Kozareva, Zornitsa  and
      Zhang, Yue",
    booktitle = "Proceedings of the 2022 Conference on Empirical Methods in Natural Language Processing",
    month = dec,
    year = "2022",
    address = "Abu Dhabi, United Arab Emirates",
    publisher = "Association for Computational Linguistics",
    url = "https://aclanthology.org/2022.emnlp-main.790",
    doi = "10.18653/v1/2022.emnlp-main.790",
    pages = "11488--11497",
}

@inproceedings{ptuning-is-better-finetuning,
    title = "Prompt-Tuning Can Be Much Better Than Fine-Tuning on Cross-lingual Understanding With Multilingual Language Models",
    author = "Tu, Lifu  and
      Xiong, Caiming  and
      Zhou, Yingbo",
    editor = "Goldberg, Yoav  and
      Kozareva, Zornitsa  and
      Zhang, Yue",
    booktitle = "Findings of the Association for Computational Linguistics: EMNLP 2022",
    month = dec,
    year = "2022",
    address = "Abu Dhabi, United Arab Emirates",
    publisher = "Association for Computational Linguistics",
    url = "https://aclanthology.org/2022.findings-emnlp.401",
    doi = "10.18653/v1/2022.findings-emnlp.401",
    pages = "5478--5485",
}

@inproceedings{less-is-more,
    title = "Soft Prompt Tuning for Cross-Lingual Transfer: When Less is More",
    author = "Philippy, Fred  and
      Guo, Siwen  and
      Haddadan, Shohreh  and
      Lothritz, Cedric  and
      Klein, Jacques  and
      F. Bissyand{\'e}, Tegawend{\'e}",
    editor = {V{\'a}zquez, Ra{\'u}l  and
      Mickus, Timothee  and
      Tiedemann, J{\"o}rg  and
      Vuli{\'c}, Ivan  and
      {\"U}st{\"u}n, Ahmet},
    booktitle = "Proceedings of the 1st Workshop on Modular and Open Multilingual NLP (MOOMIN 2024)",
    month = mar,
    year = "2024",
    address = "St Julians, Malta",
    publisher = "Association for Computational Linguistics",
    url = "https://aclanthology.org/2024.moomin-1.2",
    pages = "7--15",
}

@inproceedings{zhao-schutze-2021-discrete,
    title = "Discrete and Soft Prompting for Multilingual Models",
    author = {Zhao, Mengjie  and
      Sch{\"u}tze, Hinrich},
    editor = "Moens, Marie-Francine  and
      Huang, Xuanjing  and
      Specia, Lucia  and
      Yih, Scott Wen-tau",
    booktitle = "Proceedings of the 2021 Conference on Empirical Methods in Natural Language Processing",
    month = nov,
    year = "2021",
    address = "Online and Punta Cana, Dominican Republic",
    publisher = "Association for Computational Linguistics",
    url = "https://aclanthology.org/2021.emnlp-main.672",
    doi = "10.18653/v1/2021.emnlp-main.672",
    pages = "8547--8555",
}

@inproceedings{multilingual-llm,
    title = "Unsupervised Cross-lingual Representation Learning at Scale",
    author = "Conneau, Alexis  and
      Khandelwal, Kartikay  and
      Goyal, Naman  and
      Chaudhary, Vishrav  and
      Wenzek, Guillaume  and
      Guzm{\'a}n, Francisco  and
      Grave, Edouard  and
      Ott, Myle  and
      Zettlemoyer, Luke  and
      Stoyanov, Veselin",
    editor = "Jurafsky, Dan  and
      Chai, Joyce  and
      Schluter, Natalie  and
      Tetreault, Joel",
    booktitle = "Proceedings of the 58th Annual Meeting of the Association for Computational Linguistics",
    month = jul,
    year = "2020",
    address = "Online",
    publisher = "Association for Computational Linguistics",
    url = "https://aclanthology.org/2020.acl-main.747",
    doi = "10.18653/v1/2020.acl-main.747",
    pages = "8440--8451",
}

@inproceedings{pires-etal-2019-multilingual,
    title = "How Multilingual is Multilingual {BERT}?",
    author = "Pires, Telmo  and
      Schlinger, Eva  and
      Garrette, Dan",
    editor = "Korhonen, Anna  and
      Traum, David  and
      M{\`a}rquez, Llu{\'\i}s",
    booktitle = "Proceedings of the 57th Annual Meeting of the Association for Computational Linguistics",
    month = jul,
    year = "2019",
    address = "Florence, Italy",
    publisher = "Association for Computational Linguistics",
    url = "https://aclanthology.org/P19-1493",
    doi = "10.18653/v1/P19-1493",
    pages = "4996--5001",
}


@inproceedings{yang-etal-2020-multilingual,
    title = "Multilingual Universal Sentence Encoder for Semantic Retrieval",
    author = "Yang, Yinfei  and
      Cer, Daniel  and
      Ahmad, Amin  and
      Guo, Mandy  and
      Law, Jax  and
      Constant, Noah  and
      Hernandez Abrego, Gustavo  and
      Yuan, Steve  and
      Tar, Chris  and
      Sung, Yun-hsuan  and
      Strope, Brian  and
      Kurzweil, Ray",
    editor = "Celikyilmaz, Asli  and
      Wen, Tsung-Hsien",
    booktitle = "Proceedings of the 58th Annual Meeting of the Association for Computational Linguistics: System Demonstrations",
    month = jul,
    year = "2020",
    address = "Online",
    publisher = "Association for Computational Linguistics",
    url = "https://aclanthology.org/2020.acl-demos.12",
    doi = "10.18653/v1/2020.acl-demos.12",
    pages = "87--94",
}

@inproceedings{schwenk-li-2018-corpus,
    title = "A Corpus for Multilingual Document Classification in Eight Languages",
    author = "Schwenk, Holger  and
      Li, Xian",
    editor = "Calzolari, Nicoletta  and
      Choukri, Khalid  and
      Cieri, Christopher  and
      Declerck, Thierry  and
      Goggi, Sara  and
      Hasida, Koiti  and
      Isahara, Hitoshi  and
      Maegaard, Bente  and
      Mariani, Joseph  and
      Mazo, H{\'e}l{\`e}ne  and
      Moreno, Asuncion  and
      Odijk, Jan  and
      Piperidis, Stelios  and
      Tokunaga, Takenobu",
    booktitle = "Proceedings of the Eleventh International Conference on Language Resources and Evaluation ({LREC} 2018)",
    month = may,
    year = "2018",
    address = "Miyazaki, Japan",
    publisher = "European Language Resources Association (ELRA)",
    url = "https://aclanthology.org/L18-1560",
}


@inproceedings{li-liang-2021-prefix,
    title = "Prefix-Tuning: Optimizing Continuous Prompts for Generation",
    author = "Li, Xiang Lisa  and
      Liang, Percy",
    editor = "Zong, Chengqing  and
      Xia, Fei  and
      Li, Wenjie  and
      Navigli, Roberto",
    booktitle = "Proceedings of the 59th Annual Meeting of the Association for Computational Linguistics and the 11th International Joint Conference on Natural Language Processing (Volume 1: Long Papers)",
    month = aug,
    year = "2021",
    address = "Online",
    publisher = "Association for Computational Linguistics",
    url = "https://aclanthology.org/2021.acl-long.353",
    doi = "10.18653/v1/2021.acl-long.353",
    pages = "4582--4597",
}


@inproceedings{brown_language_2020,
	title = {Language {Models} are {Few}-{Shot} {Learners}},
	volume = {33},
	url = {https://proceedings.neurips.cc/paper_files/paper/2020/file/1457c0d6bfcb4967418bfb8ac142f64a-Paper.pdf},
	booktitle = {Advances in {Neural} {Information} {Processing} {Systems}},
	publisher = {Curran Associates, Inc.},
	author = {Brown, Tom and Mann, Benjamin and Ryder, Nick and Subbiah, Melanie and Kaplan, Jared D and Dhariwal, Prafulla and Neelakantan, Arvind and Shyam, Pranav and Sastry, Girish and Askell, Amanda and Agarwal, Sandhini and Herbert-Voss, Ariel and Krueger, Gretchen and Henighan, Tom and Child, Rewon and Ramesh, Aditya and Ziegler, Daniel and Wu, Jeffrey and Winter, Clemens and Hesse, Chris and Chen, Mark and Sigler, Eric and Litwin, Mateusz and Gray, Scott and Chess, Benjamin and Clark, Jack and Berner, Christopher and McCandlish, Sam and Radford, Alec and Sutskever, Ilya and Amodei, Dario},
	editor = {Larochelle, H. and Ranzato, M. and Hadsell, R. and Balcan, M. F. and Lin, H.},
	year = {2020},
	pages = {1877--1901},
}



@inproceedings{gao-etal-2021-making,
    title = "Making Pre-trained Language Models Better Few-shot Learners",
    author = "Gao, Tianyu  and
      Fisch, Adam  and
      Chen, Danqi",
    editor = "Zong, Chengqing  and
      Xia, Fei  and
      Li, Wenjie  and
      Navigli, Roberto",
    booktitle = "Proceedings of the 59th Annual Meeting of the Association for Computational Linguistics and the 11th International Joint Conference on Natural Language Processing (Volume 1: Long Papers)",
    month = aug,
    year = "2021",
    address = "Online",
    publisher = "Association for Computational Linguistics",
    url = "https://aclanthology.org/2021.acl-long.295",
    doi = "10.18653/v1/2021.acl-long.295",
    pages = "3816--3830",
}

@inproceedings{le-scao-rush-2021-many,
    title = "How many data points is a prompt worth?",
    author = "Le Scao, Teven  and
      Rush, Alexander",
    editor = "Toutanova, Kristina  and
      Rumshisky, Anna  and
      Zettlemoyer, Luke  and
      Hakkani-Tur, Dilek  and
      Beltagy, Iz  and
      Bethard, Steven  and
      Cotterell, Ryan  and
      Chakraborty, Tanmoy  and
      Zhou, Yichao",
    booktitle = "Proceedings of the 2021 Conference of the North American Chapter of the Association for Computational Linguistics: Human Language Technologies",
    month = jun,
    year = "2021",
    address = "Online",
    publisher = "Association for Computational Linguistics",
    url = "https://aclanthology.org/2021.naacl-main.208",
    doi = "10.18653/v1/2021.naacl-main.208",
    pages = "2627--2636",
}


@misc{lin2024recipeparallelcorporaexploitation,
      title={A Recipe of Parallel Corpora Exploitation for Multilingual Large Language Models}, 
      author={Peiqin Lin and André F. T. Martins and Hinrich Schütze},
      year={2024},
      eprint={2407.00436},
      archivePrefix={arXiv},
      primaryClass={cs.CL},
      url={https://arxiv.org/abs/2407.00436}, 
}

@inproceedings{perez-rosas-etal-2019-makes,
    title = "What Makes a Good Counselor? Learning to Distinguish between High-quality and Low-quality Counseling Conversations",
    author = "P{\'e}rez-Rosas, Ver{\'o}nica  and
      Wu, Xinyi  and
      Resnicow, Kenneth  and
      Mihalcea, Rada",
    editor = "Korhonen, Anna  and
      Traum, David  and
      M{\`a}rquez, Llu{\'\i}s",
    booktitle = "Proceedings of the 57th Annual Meeting of the Association for Computational Linguistics",
    month = jul,
    year = "2019",
    address = "Florence, Italy",
    publisher = "Association for Computational Linguistics",
    url = "https://aclanthology.org/P19-1088",
    doi = "10.18653/v1/P19-1088",
    pages = "926--935",
    
}

@article{lsm,
  title={Language Style Matching as a Predictor of Social Dynamics in Small Groups},
  author={Amy L. Gonzales and Jeffrey T. Hancock and James W. Pennebaker},
  journal={Communication Research},
  year={2010},
  volume={37},
  pages={19 - 3},
  url={https://api.semanticscholar.org/CorpusID:7973983}
}


@article{sp-sentiment1,
  title={pysentimiento: a python toolkit for opinion mining and social NLP tasks},
  author={P{\'e}rez, Juan Manuel and Rajngewerc, Mariela and Giudici, Juan Carlos and Furman, Dami{\'a}n A and Luque, Franco and Alemany, Laura Alonso and Mart{\'\i}nez, Mar{\'\i}a Vanina},
  journal={arXiv preprint arXiv:2106.09462},
  year={2021}
}

@inproceedings{sp-sentiment2,
    title = "{R}o{BERT}uito: a pre-trained language model for social media text in {S}panish",
    author = "P{\'e}rez, Juan Manuel  and
      Furman, Dami{\'a}n Ariel  and
      Alonso Alemany, Laura  and
      Luque, Franco M.",
    booktitle = "Proceedings of the Thirteenth Language Resources and Evaluation Conference",
    month = jun,
    year = "2022",
    address = "Marseille, France",
    publisher = "European Language Resources Association",
    url = "https://aclanthology.org/2022.lrec-1.785",
    pages = "7235--7243",
}

@inproceedings{recent-english-mi-dataset,
  title={Motivational Interviewing Transcripts Annotated with Global Scores},
  author={Ben Cohen and Moreah Zisquit and Stav Yosef and Doron Friedman and Kfir Bar},
  booktitle={International Conference on Language Resources and Evaluation},
  year={2024},
  url={https://api.semanticscholar.org/CorpusID:269804371}
}

@inproceedings{sp-sentiment3,
  title={Overview of TASS 2020: Introducing emotion detection},
  author={Garc{\'\i}a-Vega, Manuel and D{\'\i}az-Galiano, MC and Garc{\'\i}a-Cumbreras, MA and Del Arco, FMP and Montejo-R{\'a}ez, A and Jim{\'e}nez-Zafra, SM and Mart{\'\i}nez C{\'a}mara, E and Aguilar, CA and Cabezudo, MAS and Chiruzzo, L and others},
  booktitle={Proceedings of the Iberian Languages Evaluation Forum (IberLEF 2020) Co-Located with 36th Conference of the Spanish Society for Natural Language Processing (SEPLN 2020), M{\'a}laga, Spain},
  pages={163--170},
  year={2020}
}

@misc{distilbert,
      title={DistilBERT, a distilled version of BERT: smaller, faster, cheaper and lighter}, 
      author={Victor Sanh and Lysandre Debut and Julien Chaumond and Thomas Wolf},
      year={2020},
      eprint={1910.01108},
      archivePrefix={arXiv},
      primaryClass={cs.CL},
      url={https://arxiv.org/abs/1910.01108}, 
}

@misc{roberta,
      title={RoBERTa: A Robustly Optimized BERT Pretraining Approach}, 
      author={Yinhan Liu and Myle Ott and Naman Goyal and Jingfei Du and Mandar Joshi and Danqi Chen and Omer Levy and Mike Lewis and Luke Zettlemoyer and Veselin Stoyanov},
      year={2019},
      eprint={1907.11692},
      archivePrefix={arXiv},
      primaryClass={cs.CL},
      url={https://arxiv.org/abs/1907.11692}, 
}

@article{moyers2016motivational,
  title={The motivational interviewing treatment integrity code (MITI 4): rationale, preliminary reliability and validity},
  author={Moyers, Theresa B and Rowell, Lauren N and Manuel, Jennifer K and Ernst, Denise and Houck, Jon M},
  journal={Journal of substance abuse treatment},
  volume={65},
  pages={36--42},
  year={2016},
  publisher={Elsevier}
}

@article{aafjes2020language,
  title={Language style matching in psychotherapy: An implicit aspect of alliance.},
  author={Aafjes-van Doorn, Katie and Porcerelli, John and M{\"u}ller-Frommeyer, Lena Christine},
  journal={Journal of Counseling Psychology},
  volume={67},
  number={4},
  pages={509},
  year={2020},
  publisher={American Psychological Association}
}

----- Rada's comment on missing citations:
@misc{li2024mentalarenaselfplaytraininglanguage,
      title={MentalArena: Self-play Training of Language Models for Diagnosis and Treatment of Mental Health Disorders}, 
      author={Cheng Li and May Fung and Qingyun Wang and Chi Han and Manling Li and Jindong Wang and Heng Ji},
      year={2024},
      eprint={2410.06845},
      archivePrefix={arXiv},
      primaryClass={cs.CL},
      url={https://arxiv.org/abs/2410.06845}, 
}

@article{althoff-etal-2016-large,
    title = "Large-scale Analysis of Counseling Conversations: An Application of Natural Language Processing to Mental Health",
    author = "Althoff, Tim  and
      Clark, Kevin  and
      Leskovec, Jure",
    editor = "Lee, Lillian  and
      Johnson, Mark  and
      Toutanova, Kristina",
    journal = "Transactions of the Association for Computational Linguistics",
    volume = "4",
    year = "2016",
    address = "Cambridge, MA",
    publisher = "MIT Press",
    url = "https://aclanthology.org/Q16-1033",
    doi = "10.1162/tacl_a_00111",
    pages = "463--476"
}

@article{polish-mh-dialogues,
  title={A Therapeutic Dialogue Agent for Polish Language},
  author={Artur Zygadło},
  journal={2021 9th International Conference on Affective Computing and Intelligent Interaction Workshops and Demos (ACIIW)},
  year={2021},
  pages={1-5},
  url={https://api.semanticscholar.org/CorpusID:245857997}
}

@misc{chiu2024computationalframeworkbehavioralassessment,
      title={A Computational Framework for Behavioral Assessment of LLM Therapists}, 
      author={Yu Ying Chiu and Ashish Sharma and Inna Wanyin Lin and Tim Althoff},
      year={2024},
      eprint={2401.00820},
      archivePrefix={arXiv},
      primaryClass={cs.CL},
      url={https://arxiv.org/abs/2401.00820}, 
}

@article{access-to-mh,
  title={Language Barriers and Access to Psychiatric Care: A Systematic Review.},
  author={Ai Ohtani and Takefumi Suzuki and Hiroyoshi Takeuchi and Hiroyuki Uchida},
  journal={Psychiatric services},
  year={2015},
  volume={66 8},
  pages={
          798-805
        },
  url={https://api.semanticscholar.org/CorpusID:42684341}
}

@article{llms-for-mh-applications,
  title={Large Language Models for Mental Health Applications: Systematic Review},
  author={Zhijun Guo and Alvina Lai and Johan H Thygesen and Joseph Farrington and Thomas Keen and Kezhi Li},
  journal={JMIR Mental Health},
  year={2024},
  volume={11},
  url={https://api.semanticscholar.org/CorpusID:272380956}
}

@misc{qiu2024interactiveagentssimulatingcounselorclient,
      title={Interactive Agents: Simulating Counselor-Client Psychological Counseling via Role-Playing LLM-to-LLM Interactions}, 
      author={Huachuan Qiu and Zhenzhong Lan},
      year={2024},
      eprint={2408.15787},
      archivePrefix={arXiv},
      primaryClass={cs.CL},
      url={https://arxiv.org/abs/2408.15787}, 
}

@Article{info:doi/10.2196/52500,
author="Hodson, Nathan
and Williamson, Simon",
title="Can Large Language Models Replace Therapists? Evaluating Performance at Simple Cognitive Behavioral Therapy Tasks",
journal="JMIR AI",
year="2024",
month="Jul",
day="30",
volume="3",
pages="e52500",
keywords="mental health; psychotherapy; digital therapy; CBT; ChatGPT; cognitive behavioral therapy; cognitive behavioural therapy; LLM; LLMs; language model; language models; NLP; natural language processing; artificial intelligence; performance; chatbot; chatbots; conversational agent; conversational agents",
issn="2817-1705",
doi="10.2196/52500",
url="https://ai.jmir.org/2024/1/e52500",
url="https://doi.org/10.2196/52500",
url="http://www.ncbi.nlm.nih.gov/pubmed/39078696"
}

--- monitoring
@article{chancellor2020methods,
  title={Methods in predictive techniques for mental health status on social media: a critical review},
  author={Chancellor, Stevie and De Choudhury, Munmun},
  journal={NPJ digital medicine},
  volume={3},
  number={1},
  pages={43},
  year={2020},
  publisher={Nature Publishing Group UK London}
}

@misc{nie2024llmbasedconversationalaitherapist,
      title={LLM-based Conversational AI Therapist for Daily Functioning Screening and Psychotherapeutic Intervention via Everyday Smart Devices}, 
      author={Jingping Nie and Hanya Shao and Yuang Fan and Qijia Shao and Haoxuan You and Matthias Preindl and Xiaofan Jiang},
      year={2024},
      eprint={2403.10779},
      archivePrefix={arXiv},
      primaryClass={cs.CL},
      url={https://arxiv.org/abs/2403.10779}, 
}

--- feedback
@article{sharma2023human,
  title={Human--AI collaboration enables more empathic conversations in text-based peer-to-peer mental health support},
  author={Sharma, Ashish and Lin, Inna W and Miner, Adam S and Atkins, David C and Althoff, Tim},
  journal={Nature Machine Intelligence},
  volume={5},
  number={1},
  pages={46--57},
  year={2023},
  publisher={Nature Publishing Group UK London}
}

@inproceedings{shen-etal-2020-counseling,
    title = "Counseling-Style Reflection Generation Using Generative Pretrained Transformers with Augmented Context",
    author = "Shen, Siqi  and
      Welch, Charles  and
      Mihalcea, Rada  and
      P{\'e}rez-Rosas, Ver{\'o}nica",
    editor = "Pietquin, Olivier  and
      Muresan, Smaranda  and
      Chen, Vivian  and
      Kennington, Casey  and
      Vandyke, David  and
      Dethlefs, Nina  and
      Inoue, Koji  and
      Ekstedt, Erik  and
      Ultes, Stefan",
    booktitle = "Proceedings of the 21th Annual Meeting of the Special Interest Group on Discourse and Dialogue",
    month = jul,
    year = "2020",
    address = "1st virtual meeting",
    publisher = "Association for Computational Linguistics",
    url = "https://aclanthology.org/2020.sigdial-1.2",
    doi = "10.18653/v1/2020.sigdial-1.2",
    pages = "10--20"
}

@inproceedings{shen-etal-2022-knowledge,
    title = "Knowledge Enhanced Reflection Generation for Counseling Dialogues",
    author = "Shen, Siqi  and
      Perez-Rosas, Veronica  and
      Welch, Charles  and
      Poria, Soujanya  and
      Mihalcea, Rada",
    editor = "Muresan, Smaranda  and
      Nakov, Preslav  and
      Villavicencio, Aline",
    booktitle = "Proceedings of the 60th Annual Meeting of the Association for Computational Linguistics (Volume 1: Long Papers)",
    month = may,
    year = "2022",
    address = "Dublin, Ireland",
    publisher = "Association for Computational Linguistics",
    url = "https://aclanthology.org/2022.acl-long.221",
    doi = "10.18653/v1/2022.acl-long.221",
    pages = "3096--3107",
}

@article{li2024automatic,
  title={Automatic evaluation for mental health counseling using llms},
  author={Li, Anqi and Lu, Yu and Song, Nirui and Zhang, Shuai and Ma, Lizhi and Lan, Zhenzhong},
  journal={arXiv preprint arXiv:2402.11958},
  year={2024}
}


@article{eberhardt2024decoding,
  title={Decoding emotions: Exploring the validity of sentiment analysis in psychotherapy},
  author={Eberhardt, Steffen T and Schaffrath, Jana and Moggia, Danilo and Schwartz, Brian and Jaehde, Martin and Rubel, Julian A and Baur, Tobias and Andr{\'e}, Elisabeth and Lutz, Wolfgang},
  journal={Psychotherapy Research},
  pages={1--16},
  year={2024},
  publisher={Taylor \& Francis}
}

@inproceedings{mihalcea2009linguistic,
  title={Linguistic ethnography: Identifying dominant word classes in text},
  author={Mihalcea, Rada and Pulman, Stephen},
  booktitle={International Conference on Intelligent Text Processing and Computational Linguistics},
  pages={594--602},
  year={2009},
  organization={Springer}
}