@inproceedings{arabic-medical-llm,
  title={BiMediX: Bilingual Medical Mixture of Experts LLM},
  author={Sara Pieri and Sahal Shaji Mullappilly and Fahad Shahbaz Khan and Rao Muhammad Anwer and Salman H. Khan and Timothy Baldwin and Hisham Cholakkal},
  booktitle={Conference on Empirical Methods in Natural Language Processing},
  year={2024},
  url={https://api.semanticscholar.org/CorpusID:267760013}
}

@inproceedings{chinese-mi,
    title = "{P}sy{QA}: A {C}hinese Dataset for Generating Long Counseling Text for Mental Health Support",
    author = "Sun, Hao  and
      Lin, Zhenru  and
      Zheng, Chujie  and
      Liu, Siyang  and
      Huang, Minlie",
    editor = "Zong, Chengqing  and
      Xia, Fei  and
      Li, Wenjie  and
      Navigli, Roberto",
    booktitle = "Findings of the Association for Computational Linguistics: ACL-IJCNLP 2021",
    month = aug,
    year = "2021",
    address = "Online",
    publisher = "Association for Computational Linguistics",
    url = "https://aclanthology.org/2021.findings-acl.130",
    doi = "10.18653/v1/2021.findings-acl.130",
    pages = "1489--1503",
}

@inproceedings{dutch-mi,
    title = "Eliciting Motivational Interviewing Skill Codes in Psychotherapy with {LLM}s: A Bilingual Dataset and Analytical Study",
    author = "Sun, Xin  and
      Pei, Jiahuan  and
      Wit, Jan de  and
      Aliannejadi, Mohammad  and
      Krahmer, Emiel  and
      Dobber, Jos T.P.  and
      Bosch, Jos A.",
    editor = "Calzolari, Nicoletta  and
      Kan, Min-Yen  and
      Hoste, Veronique  and
      Lenci, Alessandro  and
      Sakti, Sakriani  and
      Xue, Nianwen",
    booktitle = "Proceedings of the 2024 Joint International Conference on Computational Linguistics, Language Resources and Evaluation (LREC-COLING 2024)",
    month = may,
    year = "2024",
    address = "Torino, Italia",
    publisher = "ELRA and ICCL",
    url = "https://aclanthology.org/2024.lrec-main.498",
    pages = "5609--5621"
}

@inproceedings{hebrew-counseling, 
    title = "Predicting Client Emotions and Therapist Interventions in Psychotherapy Dialogues",
    author = "Mayer, Tobias  and
      Warikoo, Neha  and
      Eliassaf, Amir  and
      Atzil-Slonim, Dana  and
      Gurevych, Iryna",
    editor = "Graham, Yvette  and
      Purver, Matthew",
    booktitle = "Proceedings of the 18th Conference of the European Chapter of the Association for Computational Linguistics (Volume 1: Long Papers)",
    month = mar,
    year = "2024",
    address = "St. Julian{'}s, Malta",
    publisher = "Association for Computational Linguistics",
    url = "https://aclanthology.org/2024.eacl-long.88",
    pages = "1463--1477",
}

@inproceedings{hinglish-mi,
    title = "On the Way to Gentle {AI} Counselor: Politeness Cause Elicitation and Intensity Tagging in Code-mixed {H}inglish Conversations for Social Good",
    author = "Priya, Priyanshu  and
      Singh, Gopendra  and
      Firdaus, Mauajama  and
      Agrawal, Jyotsna  and
      Ekbal, Asif",
    editor = "Duh, Kevin  and
      Gomez, Helena  and
      Bethard, Steven",
    booktitle = "Findings of the Association for Computational Linguistics: NAACL 2024",
    month = jun,
    year = "2024",
    address = "Mexico City, Mexico",
    publisher = "Association for Computational Linguistics",
    url = "https://aclanthology.org/2024.findings-naacl.290",
    doi = "10.18653/v1/2024.findings-naacl.290",
    pages = "4678--4696",
}

@inproceedings{less-is-more,
    title = "Soft Prompt Tuning for Cross-Lingual Transfer: When Less is More",
    author = "Philippy, Fred  and
      Guo, Siwen  and
      Haddadan, Shohreh  and
      Lothritz, Cedric  and
      Klein, Jacques  and
      F. Bissyand{\'e}, Tegawend{\'e}",
    editor = {V{\'a}zquez, Ra{\'u}l  and
      Mickus, Timothee  and
      Tiedemann, J{\"o}rg  and
      Vuli{\'c}, Ivan  and
      {\"U}st{\"u}n, Ahmet},
    booktitle = "Proceedings of the 1st Workshop on Modular and Open Multilingual NLP (MOOMIN 2024)",
    month = mar,
    year = "2024",
    address = "St Julians, Malta",
    publisher = "Association for Computational Linguistics",
    url = "https://aclanthology.org/2024.moomin-1.2",
    pages = "7--15",
}

@misc{lin2024recipeparallelcorporaexploitation,
      title={A Recipe of Parallel Corpora Exploitation for Multilingual Large Language Models}, 
      author={Peiqin Lin and André F. T. Martins and Hinrich Schütze},
      year={2024},
      eprint={2407.00436},
      archivePrefix={arXiv},
      primaryClass={cs.CL},
      url={https://arxiv.org/abs/2407.00436}, 
}

@article{lopez2021transformers,
  title={Transformers for clinical coding in Spanish},
  author={L{\'o}pez-Garc{\'\i}a, Guillermo and Jerez, Jos{\'e} M and Ribelles, Nuria and Alba, Emilio and Veredas, Francisco J},
  journal={IEEE Access},
  volume={9},
  pages={72387--72397},
  year={2021},
  publisher={IEEE}
}

@inproceedings{multilingual-llm,
    title = "Unsupervised Cross-lingual Representation Learning at Scale",
    author = "Conneau, Alexis  and
      Khandelwal, Kartikay  and
      Goyal, Naman  and
      Chaudhary, Vishrav  and
      Wenzek, Guillaume  and
      Guzm{\'a}n, Francisco  and
      Grave, Edouard  and
      Ott, Myle  and
      Zettlemoyer, Luke  and
      Stoyanov, Veselin",
    editor = "Jurafsky, Dan  and
      Chai, Joyce  and
      Schluter, Natalie  and
      Tetreault, Joel",
    booktitle = "Proceedings of the 58th Annual Meeting of the Association for Computational Linguistics",
    month = jul,
    year = "2020",
    address = "Online",
    publisher = "Association for Computational Linguistics",
    url = "https://aclanthology.org/2020.acl-main.747",
    doi = "10.18653/v1/2020.acl-main.747",
    pages = "8440--8451",
}

@article{p-tuning,
title = {GPT understands, too},
journal = {AI Open},
year = {2023},
issn = {2666-6510},
doi = {https://doi.org/10.1016/j.aiopen.2023.08.012},
url = {https://www.sciencedirect.com/science/article/pii/S2666651023000141},
author = {Xiao Liu and Yanan Zheng and Zhengxiao Du and Ming Ding and Yujie Qian and Zhilin Yang and Jie Tang},
keywords = {Pre-trained language models, Prompt tuning, Natural language understanding},
}

@inproceedings{pires-etal-2019-multilingual,
    title = "How Multilingual is Multilingual {BERT}?",
    author = "Pires, Telmo  and
      Schlinger, Eva  and
      Garrette, Dan",
    editor = "Korhonen, Anna  and
      Traum, David  and
      M{\`a}rquez, Llu{\'\i}s",
    booktitle = "Proceedings of the 57th Annual Meeting of the Association for Computational Linguistics",
    month = jul,
    year = "2019",
    address = "Florence, Italy",
    publisher = "Association for Computational Linguistics",
    url = "https://aclanthology.org/P19-1493",
    doi = "10.18653/v1/P19-1493",
    pages = "4996--5001",
}

@article{polish-mh-dialogues,
  title={A Therapeutic Dialogue Agent for Polish Language},
  author={Artur Zygadło},
  journal={2021 9th International Conference on Affective Computing and Intelligent Interaction Workshops and Demos (ACIIW)},
  year={2021},
  pages={1-5},
  url={https://api.semanticscholar.org/CorpusID:245857997}
}

@inproceedings{ptuning-is-better-finetuning,
    title = "Prompt-Tuning Can Be Much Better Than Fine-Tuning on Cross-lingual Understanding With Multilingual Language Models",
    author = "Tu, Lifu  and
      Xiong, Caiming  and
      Zhou, Yingbo",
    editor = "Goldberg, Yoav  and
      Kozareva, Zornitsa  and
      Zhang, Yue",
    booktitle = "Findings of the Association for Computational Linguistics: EMNLP 2022",
    month = dec,
    year = "2022",
    address = "Abu Dhabi, United Arab Emirates",
    publisher = "Association for Computational Linguistics",
    url = "https://aclanthology.org/2022.findings-emnlp.401",
    doi = "10.18653/v1/2022.findings-emnlp.401",
    pages = "5478--5485",
}

@inproceedings{schwenk-li-2018-corpus,
    title = "A Corpus for Multilingual Document Classification in Eight Languages",
    author = "Schwenk, Holger  and
      Li, Xian",
    editor = "Calzolari, Nicoletta  and
      Choukri, Khalid  and
      Cieri, Christopher  and
      Declerck, Thierry  and
      Goggi, Sara  and
      Hasida, Koiti  and
      Isahara, Hitoshi  and
      Maegaard, Bente  and
      Mariani, Joseph  and
      Mazo, H{\'e}l{\`e}ne  and
      Moreno, Asuncion  and
      Odijk, Jan  and
      Piperidis, Stelios  and
      Tokunaga, Takenobu",
    booktitle = "Proceedings of the Eleventh International Conference on Language Resources and Evaluation ({LREC} 2018)",
    month = may,
    year = "2018",
    address = "Miyazaki, Japan",
    publisher = "European Language Resources Association (ELRA)",
    url = "https://aclanthology.org/L18-1560",
}

@inproceedings{sheng-mi,
    title = "A Linguistic Annotation Framework to Study Interactions in Multilingual Healthcare Conversational Forums",
    author = "Mondal, Ishani  and
      Bali, Kalika  and
      Jain, Mohit  and
      Choudhury, Monojit  and
      Sharma, Ashish  and
      Gitau, Evans  and
      O{'}Neill, Jacki  and
      Awori, Kagonya  and
      Gitau, Sarah",
    editor = "Bonial, Claire  and
      Xue, Nianwen",
    booktitle = "Proceedings of the Joint 15th Linguistic Annotation Workshop (LAW) and 3rd Designing Meaning Representations (DMR) Workshop",
    month = nov,
    year = "2021",
    address = "Punta Cana, Dominican Republic",
    publisher = "Association for Computational Linguistics",
    url = "https://aclanthology.org/2021.law-1.7",
    doi = "10.18653/v1/2021.law-1.7",
    pages = "66--77",
}

@inproceedings{uniprompt,
    title = "Zero-shot Cross-lingual Transfer of Prompt-based Tuning with a Unified Multilingual Prompt",
    author = "Huang, Lianzhe  and
      Ma, Shuming  and
      Zhang, Dongdong  and
      Wei, Furu  and
      Wang, Houfeng",
    editor = "Goldberg, Yoav  and
      Kozareva, Zornitsa  and
      Zhang, Yue",
    booktitle = "Proceedings of the 2022 Conference on Empirical Methods in Natural Language Processing",
    month = dec,
    year = "2022",
    address = "Abu Dhabi, United Arab Emirates",
    publisher = "Association for Computational Linguistics",
    url = "https://aclanthology.org/2022.emnlp-main.790",
    doi = "10.18653/v1/2022.emnlp-main.790",
    pages = "11488--11497",
}

@inproceedings{yang-etal-2020-multilingual,
    title = "Multilingual Universal Sentence Encoder for Semantic Retrieval",
    author = "Yang, Yinfei  and
      Cer, Daniel  and
      Ahmad, Amin  and
      Guo, Mandy  and
      Law, Jax  and
      Constant, Noah  and
      Hernandez Abrego, Gustavo  and
      Yuan, Steve  and
      Tar, Chris  and
      Sung, Yun-hsuan  and
      Strope, Brian  and
      Kurzweil, Ray",
    editor = "Celikyilmaz, Asli  and
      Wen, Tsung-Hsien",
    booktitle = "Proceedings of the 58th Annual Meeting of the Association for Computational Linguistics: System Demonstrations",
    month = jul,
    year = "2020",
    address = "Online",
    publisher = "Association for Computational Linguistics",
    url = "https://aclanthology.org/2020.acl-demos.12",
    doi = "10.18653/v1/2020.acl-demos.12",
    pages = "87--94",
}

@inproceedings{zhao-schutze-2021-discrete,
    title = "Discrete and Soft Prompting for Multilingual Models",
    author = {Zhao, Mengjie  and
      Sch{\"u}tze, Hinrich},
    editor = "Moens, Marie-Francine  and
      Huang, Xuanjing  and
      Specia, Lucia  and
      Yih, Scott Wen-tau",
    booktitle = "Proceedings of the 2021 Conference on Empirical Methods in Natural Language Processing",
    month = nov,
    year = "2021",
    address = "Online and Punta Cana, Dominican Republic",
    publisher = "Association for Computational Linguistics",
    url = "https://aclanthology.org/2021.emnlp-main.672",
    doi = "10.18653/v1/2021.emnlp-main.672",
    pages = "8547--8555",
}

@misc{zhu2023multilingual,
      title={Multilingual Machine Translation with Large Language Models: Empirical Results and Analysis}, 
      author={Wenhao Zhu and Hongyi Liu and Qingxiu Dong and Jingjing Xu and Shujian Huang and Lingpeng Kong and Jiajun Chen and Lei Li},
      year={2023},
      eprint={2304.04675},
      archivePrefix={arXiv},
      primaryClass={cs.CL}
}

