@MISC{CancerToday,
  author =   {World Health Organization},
  title =    {Cancer Today},
  howpublished = {https://gco.iarc.who.int/today/en/dataviz},
  year =     {2024},
  note =     {Accessed: 2024-09-25},
}

@MISC{WHO2023,
  author =   {American Society of Hematology},
  title =    {Leukemia},
  howpublished = {https://www.hematology.org/education/patients/blood-cancers/leukemia},
  year =     {2023},
  note =     {Accessed: 2024-09-25},
}

@INPROCEEDINGS{awad2024,
  author =   {Alaa Awad and Salah A. Aly},
  title =    {Early Diagnosis of Acute Lymphoblastic Leukemia Using YOLOv8 and YOLOv11 Deep Learning Models},
  booktitle = {IEEE JAC-ECC, International Japan-Africa Conference on Electronics communications and Computations, Alex, Egypt},
  address =  {},
  pages =    {},
  year =     {16-18 December, 2024},
  doi =      {},
}



@MISC{Sandler2019,
      title={MobileNetV2: Inverted Residuals and Linear Bottlenecks}, 
      author={Mark Sandler and Andrew Howard and Menglong Zhu and Andrey Zhmoginov and Liang-Chieh Chen},
      year={2019},
      eprint={1801.04381},
      archivePrefix={arXiv},
      primaryClass={cs.CV},
      url={https://arxiv.org/abs/1801.04381}, 
}

@MISC{Vaswani2023,
      title={Attention Is All You Need}, 
      author={Ashish Vaswani and Noam Shazeer and Niki Parmar and Jakob Uszkoreit and Llion Jones and Aidan N. Gomez and Lukasz Kaiser and Illia Polosukhin},
      year={2023},
      eprint={1706.03762},
      archivePrefix={arXiv},
      primaryClass={cs.CL},
      url={https://arxiv.org/abs/1706.03762}, 
}

@INPROCEEDINGS{Redmon2016,
  author =   {J. Redmon and S. Divvala and R. Girshick and A. Farhadi},
  title =    {You only look once: Unified, real-time object detection},
  booktitle = {2016 IEEE Conference on Computer Vision and Pattern Recognition (CVPR)},
  pages =    {},
  year =     {2016},
  doi =      {10.1109/cvpr.2016.91},
}   

@ARTICLE{Ghaderzadeh2021,
  author =   {M. Ghaderzadeh and M. Aria and A. Hosseini and F. Asadi and D. Bashash and H. Abolghasemi},
  title =    {A fast and efficient CNN model for B‚ÄêALL diagnosis and its subtypes classification using peripheral blood smear images},
  journal =  {International Journal of Intelligent Systems},
  year =     {2021},
  month =    {Nov},
  doi =      {https://doi.org/10.1002/int.22753},
}

@MISC{Mourya2019,
  author =   {S. Mourya and S. Kant and P. Kumar and A. Gupta and R. Gupta},
  title =    {ALL Challenge dataset of ISBI 2019 (C-NMC 2019) (Version 1)},
  howpublished = {The Cancer Imaging Archive},
  year =     {2019},
  doi =      {https://doi.org/10.7937/tcia.2019.dc64i46r},
}

@MISC{YOLOv11_2024,
  author    = {Ultralytics},
  title     = {YOLOv11 - Key Features},
  year      = {2024},
  url       = {https://docs.ultralytics.com/models/yolo11/#key-features},
  note      = {Accessed: October 8, 2024}
}

@INPROCEEDINGS{Varghese2024,
  author =   {R. Varghese and S. M.},
  title =    {YOLOv8: A Novel Object Detection Algorithm with Enhanced Performance and Robustness},
  booktitle = {2024 International Conference on Advances in Data Engineering and Intelligent Computing Systems (ADICS)},
  address =  {Chennai, India},
  pages =    {1--6},
  year =     {2024},
  doi =      {10.1109/ADICS58448.2024.10533619},
}

@MISC{He2015,
      title={Deep Residual Learning for Image Recognition}, 
      author={Kaiming He and Xiangyu Zhang and Shaoqing Ren and Jian Sun},
      year={2015},
      eprint={1512.03385},
      archivePrefix={arXiv},
      primaryClass={cs.CV},
      url={https://arxiv.org/abs/1512.03385}, 
}

@ARTICLE{Hosseini2023,
  author =   {A. Hosseini and others},
  title =    {A mobile application based on efficient lightweight CNN model for classification of B-ALL cancer from non-cancerous cells: A design and implementation study},
  journal =  {Informatics in Medicine Unlocked},
  volume =   {39},
  pages =    {101244--101244},
  year =     {2023},
  month =    {Jan},
  doi =      {https://doi.org/10.1016/j.imu.2023.101244},
}

@ARTICLE{Talaat2023,
  author =   {F. M. Talaat and S. A. Gamel},
  title =    {A2M-LEUK: attention-augmented algorithm for blood cancer detection in children},
  journal =  {Neural Computing and Applications},
  volume =   {35},
  number =   {24},
  pages =    {18059--18071},
  year =     {2023},
  month =    {Jun},
  doi =      {https://doi.org/10.1007/s00521-023-08678-8},
}


@INPROCEEDINGS{Yan2024,
  author =   {E. Yan},
  title =    {Detection of Acute Myeloid Leukemia Using Deep Learning Models Based Systems},
  booktitle = {IFMBE Proceedings},
  pages =    {421--431},
  year =     {2024},
  month =    {Jan},
  doi =      {https://doi.org/10.1007/978-3-031-62502-2_49},
}

@INPROCEEDINGS{Devi2024,
  author =   {J. R. Devi and P. S. Kadiyala and S. Lavu and N. Kasturi and L. Kosuri},
  title =    {Enhancing Acute Lymphoblastic Leukemia Classification with a Rapid and Effective CNN Model},
  booktitle = {2024 Third International Conference on Distributed Computing and Electrical Circuits and Electronics (ICDCECE)},
  address =  {Ballari, India},
  pages =    {1--6},
  year =     {2024},
  doi =      {10.1109/ICDCECE60827.2024.10549348},
}

@INPROCEEDINGS{Khosrosereshki2017,
  author =   {M. A. Khosrosereshki and M. B. Menhaj},
  title =    {A fuzzy based classifier for diagnosis of acute lymphoblastic leukemia using blood smear image processing},
  booktitle = {2017 5th Iranian Joint Congress on Fuzzy and Intelligent Systems (CFIS)},
  address =  {Qazvin, Iran},
  pages =    {13--18},
  year =     {2017},
  doi =      {10.1109/CFIS.2017.8003589},
}

@MISC{Rahmani2024,
  author =   {A. M. Rahmani and others},
  title =    {A Diagnostic Model for Acute Lymphoblastic Leukemia Using Metaheuristics and Deep Learning Methods},
  howpublished = {arXiv.org},
  year =     {2024},
  note =     {Accessed: Sep. 25, 2024},
  url =      {https://arxiv.org/abs/2406.18568},
}

@ARTICLE{Kumar2020,
  author={Kumar, Deepika and Jain, Nikita and Khurana, Aayush and Mittal, Sweta and Satapathy, Suresh Chandra and Senkerik, Roman and Hemanth, Jude D.},
  journal={IEEE Access}, 
  title={Automatic Detection of White Blood Cancer From Bone Marrow Microscopic Images Using Convolutional Neural Networks}, 
  year={2020},
  volume={8},
  number={},
  pages={142521-142531},
  keywords={Cancer;Blood;Feature extraction;Bones;Convolutional neural networks;Cells (biology);Machine learning;Acute lymphoblastic leukemia;classification algorithms;deep learning;convolutional neural networks;image processing;multiple myeloma},
  doi={10.1109/ACCESS.2020.3012292}}

@INPROCEEDINGS{Saikia2024,
  author={Saikia, Rabul and Sarma, Anupam and Singh, Ksh Milan and Devi, Salam Shuleenda},
  booktitle={2024 6th International Conference on Energy, Power and Environment (ICEPE)}, 
  title={VCaps-Net: Fine-Tuned VGG16 with Capsule Network for Acute Lymphoblastic Leukemia Detection on a Diverse Dataset}, 
  year={2024},
  volume={},
  number={},
  pages={1-6},
  keywords={White blood cells;Measurement;Deep learning;Accuracy;Diversity reception;Collaboration;Feature extraction;VCaps-Net;Acute Lymphoblastic Leukemia;Diverse Dataset;Capsule Network;Classification;Deep Learning},
  doi={10.1109/ICEPE63236.2024.10668856}}

@ARTICLE{Alsaykhan2024,
  author = {L. K. Alsaykhan and M. S. Maashi},
  title = {A hybrid detection model for acute lymphocytic leukemia using support vector machine and particle swarm optimization (SVM-PSO)},
  journal = {Scientific Reports},
  volume = {14},
  pages = {23483},
  year = {2024},
  doi = {10.1038/s41598-024-74889-1}
}

@ARTICLE{ABHISHEK2023,
title = {Automated detection and classification of leukemia on a subject-independent test dataset using deep transfer learning supported by Grad-CAM visualization},
author = {Arjun Abhishek and Rajib Kumar Jha and Ruchi Sinha and Kamlesh Jha},
journal = {Biomedical Signal Processing and Control},
volume = {83},
pages = {104722},
year = {2023},
issn = {1746-8094},
doi = {https://doi.org/10.1016/j.bspc.2023.104722},
url = {https://www.sciencedirect.com/science/article/pii/S1746809423001556},
keywords = {Chronic lymphocytic leukemia, Acute lymphoblastic leukemia, Chronic myeloid leukemia, Acute myeloid leukemia, Deep transfer learning, Gradient-weighted class activation mapping technique},
}

@ARTICLE{Russakovsky2015,
  author    = {Olga Russakovsky and Jia Deng and Hao Su and others},
  title     = {ImageNet Large Scale Visual Recognition Challenge},
  journal   = {International Journal of Computer Vision},
  volume    = {115},
  number    = {3},
  pages     = {211--252},
  year      = {2015},
  doi       = {10.1007/s11263-015-0816-y}
}

@ARTICLE{VOGADO2018,
title = {Leukemia diagnosis in blood slides using transfer learning in CNNs and SVM for classification},
author = {Luis H.S. Vogado and Rodrigo M.S. Veras and Flavio. H.D. Araujo and Romuere R.V. Silva and Kelson R.T. Aires},
journal = {Engineering Applications of Artificial Intelligence},
volume = {72},
pages = {415-422},
year = {2018},
issn = {0952-1976},
doi = {https://doi.org/10.1016/j.engappai.2018.04.024},
url = {https://www.sciencedirect.com/science/article/pii/S0952197618301039},
keywords = {Medical images, Leukemia diagnosis, Convolutional neural networks, Transfer learning},
}

@INPROCEEDINGS{Krizhevsky2012,
 author = {Krizhevsky, Alex and Sutskever, Ilya and Hinton, Geoffrey E},
 booktitle = {Advances in Neural Information Processing Systems},
 editor = {F. Pereira and C.J. Burges and L. Bottou and K.Q. Weinberger},
 pages = {},
 publisher = {Curran Associates, Inc.},
 title = {ImageNet Classification with Deep Convolutional Neural Networks},
 url = {https://proceedings.neurips.cc/paper_files/paper/2012/file/c399862d3b9d6b76c8436e924a68c45b-Paper.pdf},
 volume = {25},
 year = {2012}
}

@inproceedings{Jia2014,
author = {Jia, Yangqing and Shelhamer, Evan and Donahue, Jeff and Karayev, Sergey and Long, Jonathan and Girshick, Ross and Guadarrama, Sergio and Darrell, Trevor},
title = {Caffe: Convolutional Architecture for Fast Feature Embedding},
year = {2014},
isbn = {9781450330633},
publisher = {Association for Computing Machinery},
address = {New York, NY, USA},
url = {https://doi.org/10.1145/2647868.2654889},
doi = {10.1145/2647868.2654889},
booktitle = {Proceedings of the 22nd ACM International Conference on Multimedia},
pages = {675‚Äì678},
numpages = {4},
keywords = {parallel computation, open source, neural networks, machine learning, computer vision},
location = {Orlando, Florida, USA},
series = {MM '14}
}

@MISC{Chatfield2014,
      title={Return of the Devil in the Details: Delving Deep into Convolutional Nets}, 
      author={Ken Chatfield and Karen Simonyan and Andrea Vedaldi and Andrew Zisserman},
      year={2014},
      eprint={1405.3531},
      archivePrefix={arXiv},
      primaryClass={cs.CV},
      url={https://arxiv.org/abs/1405.3531}, 
}
@ARTICLE{Genovese2023,
  author    = {Angelo Genovese and Vincenzo Piuri and Konstantinos N. Plataniotis and Fabio Scotti},
  title     = {{DL4ALL: Multi-Task Cross-Dataset Transfer Learning for Acute Lymphoblastic Leukemia Detection}},
  journal   = {IEEE Access},
  volume    = {11},
  pages     = {65222--65237},
  year      = {2023},
  doi       = {10.1109/ACCESS.2023.3301821}
}

@MISC{Simonyan2015,
      title={Very Deep Convolutional Networks for Large-Scale Image Recognition}, 
      author={Karen Simonyan and Andrew Zisserman},
      year={2015},
      eprint={1409.1556},
      archivePrefix={arXiv},
      primaryClass={cs.CV},
      url={https://arxiv.org/abs/1409.1556}, 
}

@MISC{Szegedy2016,
      title={Inception-v4, Inception-ResNet and the Impact of Residual Connections on Learning}, 
      author={Christian Szegedy and Sergey Ioffe and Vincent Vanhoucke and Alex Alemi},
      year={2016},
      eprint={1602.07261},
      archivePrefix={arXiv},
      primaryClass={cs.CV},
      url={https://arxiv.org/abs/1602.07261}, 
}
@MISC{Szegedy2014,
      title={Going Deeper with Convolutions}, 
      author={Christian Szegedy and Wei Liu and Yangqing Jia and Pierre Sermanet and Scott Reed and Dragomir Anguelov and Dumitru Erhan and Vincent Vanhoucke and Andrew Rabinovich},
      year={2014},
      eprint={1409.4842},
      archivePrefix={arXiv},
      primaryClass={cs.CV},
      url={https://arxiv.org/abs/1409.4842}, 
}

@ARTICLE{Iman2023,
   title={A Review of Deep Transfer Learning and Recent Advancements},
   volume={11},
   ISSN={2227-7080},
   url={http://dx.doi.org/10.3390/technologies11020040},
   DOI={10.3390/technologies11020040},
   number={2},
   journal={Technologies},
   publisher={MDPI AG},
   author={Iman, Mohammadreza and Arabnia, Hamid Reza and Rasheed, Khaled},
   year={2023},
   month=mar, pages={40} }


@INCOLLECTION{Mehla2023,
  author =   {Nandni Mehla and Ishita and Ritika Talukdar and Deepak Kumar Sharma},
  title =    {Object Detection in Autonomous Maritime Vehicles: Comparison Between YOLO V8 and EfficientDet},
  booktitle = {International Conference on Data Science and Network Engineering},
  publisher = {Springer Nature Singapore},
  pages =    {125--141},
  address =  {Singapore},
  year =     {2023},
}

@MISC{Torres2024,
  author =   {J. Torres and J. T. J. Austen},
  title =    {Yolov8 architecture; deep dive into its architecture},
  howpublished = {YOLOv8, https://yolov8.org/yolov8-architecture/},
}

