@inproceedings{yu2021pointr,
  title={Pointr: Diverse point cloud completion with geometry-aware transformers},
  author={Yu, Xumin and Rao, Yongming and Wang, Ziyi and Liu, Zuyan and Lu, Jiwen and Zhou, Jie},
  booktitle={Proceedings of the IEEE/CVF international conference on computer vision},
  pages={12498--12507},
  year={2021}
}
@inproceedings{yuan2018pcn,
  title={Pcn: Point completion network},
  author={Yuan, Wentao and Khot, Tejas and Held, David and Mertz, Christoph and Hebert, Martial},
  booktitle={2018 international conference on 3D vision (3DV)},
  pages={728--737},
  year={2018},
  organization={IEEE}
}
@article{willmott2005advantages,
  title={Advantages of the mean absolute error (MAE) over the root mean square error (RMSE) in assessing average model performance},
  author={Willmott, Cort J and Matsuura, Kenji},
  journal={Climate research},
  volume={30},
  number={1},
  pages={79--82},
  year={2005}
}
@article{akossou2013impact,
  title={Impact of data structure on the estimators R-square and adjusted R-square in linear regression},
  author={Akossou, AYJ and Palm, Rodolphe},
  journal={Int. J. Math. Comput},
  volume={20},
  number={3},
  pages={84--93},
  year={2013}
}
@article{edwards2008r2,
  title={An R2 statistic for fixed effects in the linear mixed model},
  author={Edwards, Lloyd J and Muller, Keith E and Wolfinger, Russell D and Qaqish, Bahjat F and Schabenberger, Oliver},
  journal={Statistics in medicine},
  volume={27},
  number={29},
  pages={6137--6157},
  year={2008},
  publisher={Wiley Online Library}
}
@article{yang2024depth,
  title={Depth Anything V2},
  author={Yang, Lihe and Kang, Bingyi and Huang, Zilong and Zhao, Zhen and Xu, Xiaogang and Feng, Jiashi and Zhao, Hengshuang},
  journal={arXiv preprint arXiv:2406.09414},
  year={2024}
}
@article{mildenhall2021nerf,
  title={Nerf: Representing scenes as neural radiance fields for view synthesis},
  author={Mildenhall, Ben and Srinivasan, Pratul P and Tancik, Matthew and Barron, Jonathan T and Ramamoorthi, Ravi and Ng, Ren},
  journal={Communications of the ACM},
  volume={65},
  number={1},
  pages={99--106},
  year={2021},
  publisher={ACM New York, NY, USA}
}

@inproceedings{xie2024physgaussian,
  title={Physgaussian: Physics-integrated 3d gaussians for generative dynamics},
  author={Xie, Tianyi and Zong, Zeshun and Qiu, Yuxing and Li, Xuan and Feng, Yutao and Yang, Yin and Jiang, Chenfanfu},
  booktitle={Proceedings of the IEEE/CVF Conference on Computer Vision and Pattern Recognition},
  pages={4389--4398},
  year={2024}
}
@article{knapitsch2017tanks,
  title={Tanks and temples: Benchmarking large-scale scene reconstruction},
  author={Knapitsch, Arno and Park, Jaesik and Zhou, Qian-Yi and Koltun, Vladlen},
  journal={ACM Transactions on Graphics (ToG)},
  volume={36},
  number={4},
  pages={1--13},
  year={2017},
  publisher={ACM New York, NY, USA}
}
@inproceedings{barron2022mip,
  title={Mip-nerf 360: Unbounded anti-aliased neural radiance fields},
  author={Barron, Jonathan T and Mildenhall, Ben and Verbin, Dor and Srinivasan, Pratul P and Hedman, Peter},
  booktitle={Proceedings of the IEEE/CVF conference on computer vision and pattern recognition},
  pages={5470--5479},
  year={2022}
}
@article{wang2004image,
  title={Image quality assessment: from error visibility to structural similarity},
  author={Wang, Zhou and Bovik, Alan C and Sheikh, Hamid R and Simoncelli, Eero P},
  journal={IEEE transactions on image processing},
  volume={13},
  number={4},
  pages={600--612},
  year={2004},
  publisher={IEEE}
}
@inproceedings{zhang2018unreasonable,
  title={The unreasonable effectiveness of deep features as a perceptual metric},
  author={Zhang, Richard and Isola, Phillip and Efros, Alexei A and Shechtman, Eli and Wang, Oliver},
  booktitle={Proceedings of the IEEE conference on computer vision and pattern recognition},
  pages={586--595},
  year={2018}
}
@article{kerbl20233d,
  title={3d gaussian splatting for real-time radiance field rendering.},
  author={Kerbl, Bernhard and Kopanas, Georgios and Leimk{\"u}hler, Thomas and Drettakis, George},
  journal={ACM Trans. Graph.},
  volume={42},
  number={4},
  pages={139--1},
  year={2023}
}
@article{wang2024deep,
  title={A deep learning-enhanced Digital Twin framework for improving safety and reliability in human--robot collaborative manufacturing},
  author={Wang, Shenglin and Zhang, Jingqiong and Wang, Peng and Law, James and Calinescu, Radu and Mihaylova, Lyudmila},
  journal={Robotics and computer-integrated manufacturing},
  volume={85},
  pages={102608},
  year={2024},
  publisher={Elsevier}
}
@article{fei20243d,
  title={3d gaussian splatting as new era: A survey},
  author={Fei, Ben and Xu, Jingyi and Zhang, Rui and Zhou, Qingyuan and Yang, Weidong and He, Ying},
  journal={IEEE Transactions on Visualization and Computer Graphics},
  year={2024},
  publisher={IEEE}
}
@inproceedings{xiong2024event3dgs,
  title={Event3dgs: Event-based 3d gaussian splatting for high-speed robot egomotion},
  author={Xiong, Tianyi and Wu, Jiayi and He, Botao and Fermuller, Cornelia and Aloimonos, Yiannis and Huang, Heng and Metzler, Christopher},
  booktitle={8th Annual Conference on Robot Learning},
  year={2024}
}
@inproceedings{roessle2022dense,
  title={Dense depth priors for neural radiance fields from sparse input views},
  author={Roessle, Barbara and Barron, Jonathan T and Mildenhall, Ben and Srinivasan, Pratul P and Nie{\ss}ner, Matthias},
  booktitle={Proceedings of the IEEE/CVF Conference on Computer Vision and Pattern Recognition},
  pages={12892--12901},
  year={2022}
}
@inproceedings{guo2024depth,
  title={Depth Priors in Removal Neural Radiance Fields},
  author={Guo, Zhihao and Wang, Peng},
  booktitle={Annual Conference Towards Autonomous Robotic Systems},
  pages={367--382},
  year={2024},
  organization={Springer}
}
@inproceedings{barron2021mip,
  title={Mip-nerf: A multiscale representation for anti-aliasing neural radiance fields},
  author={Barron, Jonathan T and Mildenhall, Ben and Tancik, Matthew and Hedman, Peter and Martin-Brualla, Ricardo and Srinivasan, Pratul P},
  booktitle={Proceedings of the IEEE/CVF international conference on computer vision},
  pages={5855--5864},
  year={2021}
}
@article{zhang2020nerf++,
  title={Nerf++: Analyzing and improving neural radiance fields},
  author={Zhang, Kai and Riegler, Gernot and Snavely, Noah and Koltun, Vladlen},
  journal={arXiv preprint arXiv:2010.07492},
  year={2020}
}
Explain
@inproceedings{rahaman2019spectral,
  title={On the spectral bias of neural networks},
  author={Rahaman, Nasim and Baratin, Aristide and Arpit, Devansh and Draxler, Felix and Lin, Min and Hamprecht, Fred and Bengio, Yoshua and Courville, Aaron},
  booktitle={International conference on machine learning},
  pages={5301--5310},
  year={2019},
  organization={PMLR}
}
@article{popescu2009multilayer,
  title={Multilayer perceptron and neural networks},
  author={Popescu, Marius-Constantin and Balas, Valentina E and Perescu-Popescu, Liliana and Mastorakis, Nikos},
  journal={WSEAS Transactions on Circuits and Systems},
  volume={8},
  number={7},
  pages={579--588},
  year={2009},
  publisher={World Scientific and Engineering Academy and Society (WSEAS) Stevens Point~â€¦}
}
@article{williams1995gaussian,
  title={Gaussian processes for regression},
  author={Williams, Christopher and Rasmussen, Carl},
  journal={Advances in neural information processing systems},
  volume={8},
  year={1995}
}
@article{altamirano2023robust,
  title={Robust and conjugate Gaussian process regression},
  author={Altamirano, Matias and Briol, Fran{\c{c}}ois-Xavier and Knoblauch, Jeremias},
  journal={arXiv preprint arXiv:2311.00463},
  year={2023}
}
@incollection{rasmussen2003gaussian,
  title={Gaussian processes in machine learning},
  author={Rasmussen, Carl Edward},
  booktitle={Summer school on machine learning},
  pages={63--71},
  year={2003},
  publisher={Springer}
}
@inproceedings{deng2022depth,
  title={Depth-supervised nerf: Fewer views and faster training for free},
  author={Deng, Kangle and Liu, Andrew and Zhu, Jun-Yan and Ramanan, Deva},
  booktitle={Proceedings of the IEEE/CVF Conference on Computer Vision and Pattern Recognition},
  pages={12882--12891},
  year={2022}
}
@inproceedings{wei2021nerfingmvs,
  title={Nerfingmvs: Guided optimization of neural radiance fields for indoor multi-view stereo},
  author={Wei, Yi and Liu, Shaohui and Rao, Yongming and Zhao, Wang and Lu, Jiwen and Zhou, Jie},
  booktitle={Proceedings of the IEEE/CVF International Conference on Computer Vision},
  pages={5610--5619},
  year={2021}
}
@inproceedings{neff2021donerf,
  title={DONeRF: Towards Real-Time Rendering of Compact Neural Radiance Fields using Depth Oracle Networks},
  author={Neff, Thomas and Stadlbauer, Pascal and Parger, Mathias and Kurz, Andreas and Mueller, Joerg H and Chaitanya, Chakravarty R Alla and Kaplanyan, Anton and Steinberger, Markus},
  booktitle={Computer Graphics Forum},
  volume={40},
  number={4},
  pages={45--59},
  year={2021},
  organization={Wiley Online Library}
}
@inproceedings{wang2024robot,
  title={Robot Shape and Location Retention in Video Generation Using Diffusion Models},
  author={Wang, Peng and Guo, Zhihao and Sait, Abdul Latheef and Pham, Minh Huy},
  booktitle={2024 IEEE/RSJ International Conference on Intelligent Robots and Systems (IROS)},
  pages={7375--7382},
  year={2024},
  organization={IEEE}
}
@inproceedings{wang2023lighting,
  title={Lighting up nerf via unsupervised decomposition and enhancement},
  author={Wang, Haoyuan and Xu, Xiaogang and Xu, Ke and Lau, Rynson WH},
  booktitle={Proceedings of the IEEE/CVF International Conference on Computer Vision},
  pages={12632--12641},
  year={2023}
}
@inproceedings{chen2023bidirectional,
  title={Bidirectional optical flow NeRF: high accuracy and high quality under fewer views},
  author={Chen, Shuo and Yan, Binbin and Sang, Xinzhu and Chen, Duo and Wang, Peng and Guo, Xiao and Zhong, Chongli and Wan, Huaming},
  booktitle={Proceedings of the AAAI Conference on Artificial Intelligence},
  volume={37},
  number={1},
  pages={359--368},
  year={2023}
}
@inproceedings{cheng2024gaussianpro,
  title={Gaussianpro: 3d gaussian splatting with progressive propagation},
  author={Cheng, Kai and Long, Xiaoxiao and Yang, Kaizhi and Yao, Yao and Yin, Wei and Ma, Yuexin and Wang, Wenping and Chen, Xuejin},
  booktitle={Forty-first International Conference on Machine Learning},
  year={2024}
}
@inproceedings{chan2024point,
  title={Point Cloud Densification for 3D Gaussian Splatting from Sparse Input Views},
  author={Chan, Kin-Chung and Xiao, Jun and Goshu, Hana Lebeta and Lam, Kin-Man},
  booktitle={Proceedings of the 32nd ACM International Conference on Multimedia},
  pages={896--904},
  year={2024}
}
@article{yang2024gaussian,
  title={Gaussian Splatting with Localized Points Management},
  author={Yang, Haosen and Zhang, Chenhao and Wang, Wenqing and Volino, Marco and Hilton, Adrian and Zhang, Li and Zhu, Xiatian},
  journal={CoRR},
  year={2024}
}
@inproceedings{yu2024mip,
  title={Mip-splatting: Alias-free 3d gaussian splatting},
  author={Yu, Zehao and Chen, Anpei and Huang, Binbin and Sattler, Torsten and Geiger, Andreas},
  booktitle={Proceedings of the IEEE/CVF Conference on Computer Vision and Pattern Recognition},
  pages={19447--19456},
  year={2024}
}
@article{zhang2024pixel,
  title={Pixel-gs: Density control with pixel-aware gradient for 3d gaussian splatting},
  author={Zhang, Zheng and Hu, Wenbo and Lao, Yixing and He, Tong and Zhao, Hengshuang},
  journal={arXiv preprint arXiv:2403.15530},
  year={2024}
}
@article{bulo2024revising,
  title={Revising densification in gaussian splatting},
  author={Bul{\`o}, Samuel Rota and Porzi, Lorenzo and Kontschieder, Peter},
  journal={arXiv preprint arXiv:2404.06109},
  year={2024}
}
@inproceedings{zwicker2001surface,
  title={Surface splatting},
  author={Zwicker, Matthias and Pfister, Hanspeter and Van Baar, Jeroen and Gross, Markus},
  booktitle={Proceedings of the 28th annual conference on Computer graphics and interactive techniques},
  pages={371--378},
  year={2001}
}
@inproceedings{zwicker2001ewa,
  title={EWA volume splatting},
  author={Zwicker, Matthias and Pfister, Hanspeter and Van Baar, Jeroen and Gross, Markus},
  booktitle={Proceedings Visualization, 2001. VIS'01.},
  pages={29--538},
  year={2001},
  organization={IEEE}
}
@inproceedings{zhu2021convolutional,
  title={A convolutional neural network combined with a Gaussian process for speed prediction in traffic networks},
  author={Zhu, Yifei and Wang, Peng and Mihaylova, Lyudmila},
  booktitle={2021 IEEE International Conference on Multisensor Fusion and Integration for Intelligent Systems (MFI)},
  pages={1--7},
  year={2021},
  organization={IEEE}
}
@inproceedings{lu2023robust,
  title={Robust and scalable Gaussian process regression and its applications},
  author={Lu, Yifan and Ma, Jiayi and Fang, Leyuan and Tian, Xin and Jiang, Junjun},
  booktitle={Proceedings of the IEEE/CVF Conference on Computer Vision and Pattern Recognition},
  pages={21950--21959},
  year={2023}
}
@inproceedings{zhou2023interactive,
  title={Interactive segmentation as gaussion process classification},
  author={Zhou, Minghao and Wang, Hong and Zhao, Qian and Li, Yuexiang and Huang, Yawen and Meng, Deyu and Zheng, Yefeng},
  booktitle={Proceedings of the IEEE/CVF Conference on Computer Vision and Pattern Recognition},
  pages={19488--19497},
  year={2023}
}
@inproceedings{yasarla2020syn2real,
  title={Syn2real transfer learning for image deraining using gaussian processes},
  author={Yasarla, Rajeev and Sindagi, Vishwanath A and Patel, Vishal M},
  booktitle={Proceedings of the IEEE/CVF conference on computer vision and pattern recognition},
  pages={2726--2736},
  year={2020}
}
@article{wang2021computationally,
  title={A computationally efficient symmetric diagonally dominant matrix projection-based Gaussian process approach},
  author={Wang, Peng and Mihaylova, Lyudmila and Munir, Said and Chakraborty, Rohit and Wang, Jikai and Mayfield, Martin and Alam, Khan and Khokhar, Muhammad Fahim and Coca, Daniel},
  journal={Signal Processing},
  volume={183},
  pages={108034},
  year={2021},
  publisher={Elsevier}
}
Explain