@article{bulo2024revising,
  title={Revising densification in gaussian splatting},
  author={Bul{\`o}, Samuel Rota and Porzi, Lorenzo and Kontschieder, Peter},
  journal={arXiv preprint arXiv:2404.06109},
  year={2024}
}

@inproceedings{chan2024point,
  title={Point Cloud Densification for 3D Gaussian Splatting from Sparse Input Views},
  author={Chan, Kin-Chung and Xiao, Jun and Goshu, Hana Lebeta and Lam, Kin-Man},
  booktitle={Proceedings of the 32nd ACM International Conference on Multimedia},
  pages={896--904},
  year={2024}
}

@inproceedings{chen2023bidirectional,
  title={Bidirectional optical flow NeRF: high accuracy and high quality under fewer views},
  author={Chen, Shuo and Yan, Binbin and Sang, Xinzhu and Chen, Duo and Wang, Peng and Guo, Xiao and Zhong, Chongli and Wan, Huaming},
  booktitle={Proceedings of the AAAI Conference on Artificial Intelligence},
  volume={37},
  number={1},
  pages={359--368},
  year={2023}
}

@inproceedings{cheng2024gaussianpro,
  title={Gaussianpro: 3d gaussian splatting with progressive propagation},
  author={Cheng, Kai and Long, Xiaoxiao and Yang, Kaizhi and Yao, Yao and Yin, Wei and Ma, Yuexin and Wang, Wenping and Chen, Xuejin},
  booktitle={Forty-first International Conference on Machine Learning},
  year={2024}
}

@inproceedings{deng2022depth,
  title={Depth-supervised nerf: Fewer views and faster training for free},
  author={Deng, Kangle and Liu, Andrew and Zhu, Jun-Yan and Ramanan, Deva},
  booktitle={Proceedings of the IEEE/CVF Conference on Computer Vision and Pattern Recognition},
  pages={12882--12891},
  year={2022}
}

@inproceedings{guo2024depth,
  title={Depth Priors in Removal Neural Radiance Fields},
  author={Guo, Zhihao and Wang, Peng},
  booktitle={Annual Conference Towards Autonomous Robotic Systems},
  pages={367--382},
  year={2024},
  organization={Springer}
}

@article{kerbl20233d,
  title={3d gaussian splatting for real-time radiance field rendering.},
  author={Kerbl, Bernhard and Kopanas, Georgios and Leimk{\"u}hler, Thomas and Drettakis, George},
  journal={ACM Trans. Graph.},
  volume={42},
  number={4},
  pages={139--1},
  year={2023}
}

@inproceedings{lu2023robust,
  title={Robust and scalable Gaussian process regression and its applications},
  author={Lu, Yifan and Ma, Jiayi and Fang, Leyuan and Tian, Xin and Jiang, Junjun},
  booktitle={Proceedings of the IEEE/CVF Conference on Computer Vision and Pattern Recognition},
  pages={21950--21959},
  year={2023}
}

@article{mildenhall2021nerf,
  title={Nerf: Representing scenes as neural radiance fields for view synthesis},
  author={Mildenhall, Ben and Srinivasan, Pratul P and Tancik, Matthew and Barron, Jonathan T and Ramamoorthi, Ravi and Ng, Ren},
  journal={Communications of the ACM},
  volume={65},
  number={1},
  pages={99--106},
  year={2021},
  publisher={ACM New York, NY, USA}
}

@inproceedings{neff2021donerf,
  title={DONeRF: Towards Real-Time Rendering of Compact Neural Radiance Fields using Depth Oracle Networks},
  author={Neff, Thomas and Stadlbauer, Pascal and Parger, Mathias and Kurz, Andreas and Mueller, Joerg H and Chaitanya, Chakravarty R Alla and Kaplanyan, Anton and Steinberger, Markus},
  booktitle={Computer Graphics Forum},
  volume={40},
  number={4},
  pages={45--59},
  year={2021},
  organization={Wiley Online Library}
}

@article{popescu2009multilayer,
  title={Multilayer perceptron and neural networks},
  author={Popescu, Marius-Constantin and Balas, Valentina E and Perescu-Popescu, Liliana and Mastorakis, Nikos},
  journal={WSEAS Transactions on Circuits and Systems},
  volume={8},
  number={7},
  pages={579--588},
  year={2009},
  publisher={World Scientific and Engineering Academy and Society (WSEAS) Stevens Point~â€¦}
}

@incollection{rasmussen2003gaussian,
  title={Gaussian processes in machine learning},
  author={Rasmussen, Carl Edward},
  booktitle={Summer school on machine learning},
  pages={63--71},
  year={2003},
  publisher={Springer}
}

@inproceedings{wang2023lighting,
  title={Lighting up nerf via unsupervised decomposition and enhancement},
  author={Wang, Haoyuan and Xu, Xiaogang and Xu, Ke and Lau, Rynson WH},
  booktitle={Proceedings of the IEEE/CVF International Conference on Computer Vision},
  pages={12632--12641},
  year={2023}
}

@inproceedings{wei2021nerfingmvs,
  title={Nerfingmvs: Guided optimization of neural radiance fields for indoor multi-view stereo},
  author={Wei, Yi and Liu, Shaohui and Rao, Yongming and Zhao, Wang and Lu, Jiwen and Zhou, Jie},
  booktitle={Proceedings of the IEEE/CVF International Conference on Computer Vision},
  pages={5610--5619},
  year={2021}
}

@article{yang2024depth,
  title={Depth Anything V2},
  author={Yang, Lihe and Kang, Bingyi and Huang, Zilong and Zhao, Zhen and Xu, Xiaogang and Feng, Jiashi and Zhao, Hengshuang},
  journal={arXiv preprint arXiv:2406.09414},
  year={2024}
}

@article{yang2024gaussian,
  title={Gaussian Splatting with Localized Points Management},
  author={Yang, Haosen and Zhang, Chenhao and Wang, Wenqing and Volino, Marco and Hilton, Adrian and Zhang, Li and Zhu, Xiatian},
  journal={CoRR},
  year={2024}
}

@inproceedings{yasarla2020syn2real,
  title={Syn2real transfer learning for image deraining using gaussian processes},
  author={Yasarla, Rajeev and Sindagi, Vishwanath A and Patel, Vishal M},
  booktitle={Proceedings of the IEEE/CVF conference on computer vision and pattern recognition},
  pages={2726--2736},
  year={2020}
}

@inproceedings{yu2024mip,
  title={Mip-splatting: Alias-free 3d gaussian splatting},
  author={Yu, Zehao and Chen, Anpei and Huang, Binbin and Sattler, Torsten and Geiger, Andreas},
  booktitle={Proceedings of the IEEE/CVF Conference on Computer Vision and Pattern Recognition},
  pages={19447--19456},
  year={2024}
}

@article{zhang2024pixel,
  title={Pixel-gs: Density control with pixel-aware gradient for 3d gaussian splatting},
  author={Zhang, Zheng and Hu, Wenbo and Lao, Yixing and He, Tong and Zhao, Hengshuang},
  journal={arXiv preprint arXiv:2403.15530},
  year={2024}
}

@inproceedings{zhou2023interactive,
  title={Interactive segmentation as gaussion process classification},
  author={Zhou, Minghao and Wang, Hong and Zhao, Qian and Li, Yuexiang and Huang, Yawen and Meng, Deyu and Zheng, Yefeng},
  booktitle={Proceedings of the IEEE/CVF Conference on Computer Vision and Pattern Recognition},
  pages={19488--19497},
  year={2023}
}

@inproceedings{zhu2021convolutional,
  title={A convolutional neural network combined with a Gaussian process for speed prediction in traffic networks},
  author={Zhu, Yifei and Wang, Peng and Mihaylova, Lyudmila},
  booktitle={2021 IEEE International Conference on Multisensor Fusion and Integration for Intelligent Systems (MFI)},
  pages={1--7},
  year={2021},
  organization={IEEE}
}

