@inproceedings{LabelingTrick2021,
 author = {Zhang, Muhan and Li, Pan and Xia, Yinglong and Wang, Kai and Jin, Long},
 booktitle = {NeurIPS},
 title = {Labeling Trick: A Theory of Using Graph Neural Networks for Multi-Node Representation Learning},
 year = {2021}
}

@inproceedings{abbound2020boxe,
 author = {Abboud, Ralph and Ceylan, {\.I}smail {\.I}lkan and Lukasiewicz, Thomas and Salvatori, Tommaso},
 booktitle = {NeurIPS},
 title = {BoxE: A Box Embedding Model for Knowledge Base Completion},
 year = {2020}
}

@inproceedings{adaprop,
  title={AdaProp: Learning Adaptive Propagation for Graph Neural Network based Knowledge Graph Reasoning},
  author={Zhang, Yongqi and Zhou, Zhanke and Yao, Quanming and Chu, Xiaowen and Han, Bo},
  booktitle={KDD},
  year={2023}
}

@inproceedings{brodes2013transe,
 author = {Bordes, Antoine and Usunier, Nicolas and Garcia-Duran, Alberto and Weston, Jason and Yakhnenko, Oksana},
 booktitle = {NIPS},
 title = {Translating Embeddings for Modeling Multi-relational Data},
 year = {2013}
}

@inproceedings{cui2024prompt,
  title = { A Prompt-based Knowledge Graph Foundation Model for Universal In-Context Reasoning },
  author = { Cui, Yuanning and 
            Sun, Zequn and 
            Hu, Wei },
  booktitle = { NeurIPS },
  year = { 2024 }
}

@inproceedings{fatemi2020knowledge,
author = {Fatemi, Bahare and Taslakian, Perouz and Vazquez, David and Poole, David},
title = {Knowledge Hypergraphs: Prediction beyond Binary Relations},
year = {2020},
booktitle = {IJCAI},
}

@inproceedings{galkin2023ultra,
  title={Towards Foundation Models for Knowledge Graph Reasoning},
  author={Mikhail Galkin and Xinyu Yuan and Hesham Mostafa and Jian Tang and Zhaocheng Zhu},
  year={2024},
  booktitle = {ICLR},
}

@inproceedings{gao2023double,
    author = {Gao, Jianfei and Zhou, Yangze and Zhou, Jincheng and Ribeiro, Bruno},
    title = {Double Equivariance for Inductive Link Prediction for Both New Nodes and New Relation Types},
    booktitle = {arXiv},
    year = {2023}
}

@inproceedings{geng2022relationalmessagepassingfully,
    author = {Yuxia Geng and Jiaoyan Chen and Jeff Z. Pan and Mingyang Chen and Song Jiang and Wen Zhang and Huajun Chen},
    title = {Relational Message Passing for Fully Inductive Knowledge Graph Completion},
    booktitle = {ICDE},
    year = {2023} 
}

@inproceedings{grail2020teru,
author = {Teru, Komal K. and Denis, Etienne G. and Hamilton, William L.},
title = {Inductive Relation Prediction by Subgraph Reasoning},
year = {2020},
booktitle = {ICML},
}

@inproceedings{huang2024link,
      title={Link Prediction with Relational Hypergraphs}, 
      author={Xingyue Huang and Miguel Romero Orth and Pablo Barceló and Michael M. Bronstein and İsmail İlkan Ceylan},
      year={2024},
      booktitle={arXiv}
}

@inproceedings{ingram,
	author={Jaejun Lee and Chanyoung Chung and Joyce Jiyoung Whang},
	title={InGram: Inductive Knowledge Graph Embedding via Relation Graphs},
	booktitle={ICML},
	year={2023}
}

@inproceedings{liu2020tensor,
author = {Liu, Yu and Yao, Quanming and Li, Yong},
title = {Generalizing Tensor Decomposition for N-Ary Relational Knowledge Bases},
year = {2020},
booktitle = {WWW},
}

@inproceedings{mao2024positiongraphfoundationmodels,
      title={Position: Graph Foundation Models are Already Here}, 
      author={Haitao Mao and Zhikai Chen and Wenzhuo Tang and Jianan Zhao and Yao Ma and Tong Zhao and Neil Shah and Mikhail Galkin and Jiliang Tang},
      year={2024},
      booktitle = {ICML},
}

@inproceedings{schlichtkrull2017modeling,
  author    = {Michael Sejr Schlichtkrull and
               Thomas N. Kipf and
               Peter Bloem and
               Rianne van den Berg and
               Ivan Titov and
               Max Welling},
  title     = {Modeling Relational Data with Graph Convolutional Networks},
  booktitle = {ESWC},
  year      = {2018}
}

@inproceedings{wen2016representation,
author = {Wen, Jianfeng and Li, Jianxin and Mao, Yongyi and Chen, Shini and Zhang, Richong},
title = {On the Representation and Embedding of Knowledge Bases beyond Binary Relations},
year = {2016},
booktitle = {IJCAI},
}

@inproceedings{yadati2020gmpnn,
 author = {Yadati, Naganand},
 booktitle = {NeurIPS},
 title = {Neural Message Passing for Multi-Relational Ordered and Recursive Hypergraphs},
 year = {2020}
}

@inproceedings{zhang2022redgnn,
    title={Knowledge graph reasoning with relational digraph},
    author={Zhang, Yongqi and Yao, Quanming},
    booktitle={WebConf},
    year={2022}
}

@inproceedings{zhou2023multitaskperspetivelinkprediction,
    author = {Jincheng Zhou and Beatrice Bevilacqua and Bruno Ribeiro},
    title = {A Multi-Task Perspective for Link Prediction with New Relation Types and Nodes},
    booktitle = {NeurIPS GLFrontiers},
    year = {2023}
}

@inproceedings{zhou2023rdmpnn,
author = {Zhou, Xue and Hui, Bei and Zeira, Ilana and Wu, Hao and Tian, Ling},
title = {Dynamic Relation Learning for Link Prediction in Knowledge Hypergraphs},
booktitle= {Appl Intell},
year = {2023},
}

@inproceedings{zhu2022neural,
  title={Neural bellman-ford networks: A general graph neural network framework for link prediction},
  author={Zhu, Zhaocheng and Zhang, Zuobai and Xhonneux, Louis-Pascal and Tang, Jian},
  booktitle={NeurIPS},
  year={2021}
}

