
@inproceedings{yadati2020gmpnn,
 author = {Yadati, Naganand},
 booktitle = {NeurIPS},
 title = {Neural Message Passing for Multi-Relational Ordered and Recursive Hypergraphs},
 year = {2020}
}
@inproceedings{zhou2023rdmpnn,
author = {Zhou, Xue and Hui, Bei and Zeira, Ilana and Wu, Hao and Tian, Ling},
title = {Dynamic Relation Learning for Link Prediction in Knowledge Hypergraphs},
booktitle= {Appl Intell},
year = {2023},
}

@inproceedings{wang2023hyconve,
author = {Wang, Chenxu and Wang, Xin and Li, Zhao and Chen, Zirui and Li, Jianxin},
title = {HyConvE: A Novel Embedding Model for Knowledge Hypergraph Link Prediction with Convolutional Neural Networks},
year = {2023},
booktitle = {WWW},
}

@article{chen2023poskhg,
author = {Chen, Zirui and Wang, Xin and Wang, Chenxu and Li, Zhao},
year = {2023},
title = {PosKHG: A Position-Aware Knowledge Hypergraph Model for Link Prediction},
journal = {Data Science and Engineering},
}

@inproceedings{abbound2020boxe,
 author = {Abboud, Ralph and Ceylan, {\.I}smail {\.I}lkan and Lukasiewicz, Thomas and Salvatori, Tommaso},
 booktitle = {NeurIPS},
 title = {BoxE: A Box Embedding Model for Knowledge Base Completion},
 year = {2020}
}

@inproceedings{wang2014transe, 
title={Knowledge Graph Embedding by Translating on Hyperplanes}, booktitle={AAAI}, author={Wang, Zhen and Zhang, Jianwen and Feng, Jianlin and Chen, Zheng}, year={2014} }

@inproceedings{huang2024link,
      title={Link Prediction with Relational Hypergraphs}, 
      author={Xingyue Huang and Miguel Romero Orth and Pablo Barceló and Michael M. Bronstein and İsmail İlkan Ceylan},
      year={2024},
      booktitle={arXiv}
}

@inproceedings{vaswani2023attention,
 author = {Vaswani, Ashish and Shazeer, Noam and Parmar, Niki and Uszkoreit, Jakob and Jones, Llion and Gomez, Aidan N and Kaiser, \L ukasz and Polosukhin, Illia},
 booktitle = {NIPS},
 title = {Attention is All you Need},
 year = {2017}
}

@inproceedings{
    huang2023theory,
    title={A Theory of Link Prediction via Relational Weisfeiler-Leman on Knowledge Graphs},
    author={Xingyue Huang and Miguel Romero Orth and {\.I}smail {\.I}lkan Ceylan and Pablo Barceló},
    booktitle={NeurIPS},
    year={2023},
}


@inproceedings{guan2019nalp,
  title={Link prediction on n-ary relational data},
  author={Guan, Saiping and Jin, Xiaolong and Wang, Yuanzhuo and Cheng, Xueqi},
  booktitle={WWW},
  year={2019},
}

@inproceedings{wen2016representation,
author = {Wen, Jianfeng and Li, Jianxin and Mao, Yongyi and Chen, Shini and Zhang, Richong},
title = {On the Representation and Embedding of Knowledge Bases beyond Binary Relations},
year = {2016},
booktitle = {IJCAI},
}


@inproceedings{fatemi2020knowledge,
author = {Fatemi, Bahare and Taslakian, Perouz and Vazquez, David and Poole, David},
title = {Knowledge Hypergraphs: Prediction beyond Binary Relations},
year = {2020},
booktitle = {IJCAI},
}

@article{fatemi2021knowledge,
  author  = {Bahare Fatemi and Perouz Taslakian and David Vazquez and David Poole},
  title   = {Knowledge Hypergraph Embedding Meets Relational Algebra},
  journal = {JMLR},
  year    = {2023},
}

@inproceedings{wang2023enhance,
author = {Wang, Chenxu and Li, Zhao and Wang, Xin and Chen, Zirui},
title = {EnhancE: Enhanced Entity and Relation Embedding for Knowledge Hypergraph Link Prediction},
year = {2023},
booktitle = {WWW Companion},
}

@inproceedings{liu2020tensor,
author = {Liu, Yu and Yao, Quanming and Li, Yong},
title = {Generalizing Tensor Decomposition for N-Ary Relational Knowledge Bases},
year = {2020},
booktitle = {WWW},
}

@inproceedings{Balazevic_2019,
   title={TuckER: Tensor Factorization for Knowledge Graph Completion},
   booktitle={EMNLP-IJCNLP},
   author={Balazevic, Ivana and Allen, Carl and Hospedales, Timothy},
   year={2019} }

@inproceedings{zhu2022neural,
  title={Neural bellman-ford networks: A general graph neural network framework for link prediction},
  author={Zhu, Zhaocheng and Zhang, Zuobai and Xhonneux, Louis-Pascal and Tang, Jian},
  booktitle={NeurIPS},
  year={2021}
}

@inproceedings{
    zhu2023anet,
    title={A*Net: A Scalable Path-based Reasoning Approach for Knowledge Graphs},
    author={Zhaocheng Zhu and Xinyu Yuan and Mikhail Galkin and Sophie Xhonneux and Ming Zhang and Maxime Gazeau and Jian Tang},
    booktitle={NeurIPS},
    year={2023},
}

@inproceedings{zhang2022redgnn,
    title={Knowledge graph reasoning with relational digraph},
    author={Zhang, Yongqi and Yao, Quanming},
    booktitle={WebConf},
    year={2022}
}

@inproceedings{adaprop,
  title={AdaProp: Learning Adaptive Propagation for Graph Neural Network based Knowledge Graph Reasoning},
  author={Zhang, Yongqi and Zhou, Zhanke and Yao, Quanming and Chu, Xiaowen and Han, Bo},
  booktitle={KDD},
  year={2023}
}

@inproceedings{schlichtkrull2017modeling,
  author    = {Michael Sejr Schlichtkrull and
               Thomas N. Kipf and
               Peter Bloem and
               Rianne van den Berg and
               Ivan Titov and
               Max Welling},
  title     = {Modeling Relational Data with Graph Convolutional Networks},
  booktitle = {ESWC},
  year      = {2018}
}

@inproceedings{
    vashishth2020compositionbased,
    title={Composition-based Multi-Relational Graph Convolutional Networks},
    author={Shikhar Vashishth and Soumya Sanyal and Vikram Nitin and Partha Talukdar},
    booktitle={ICLR},
    year={2020}
}

@inproceedings{brodes2013transe,
 author = {Bordes, Antoine and Usunier, Nicolas and Garcia-Duran, Alberto and Weston, Jason and Yakhnenko, Oksana},
 booktitle = {NIPS},
 title = {Translating Embeddings for Modeling Multi-relational Data},
 year = {2013}
}

@inproceedings{
sun2019rotate,
title={RotatE: Knowledge Graph Embedding by Relational Rotation in Complex Space},
author={Zhiqing Sun and Zhi-Hong Deng and Jian-Yun Nie and Jian Tang},
booktitle={ICLR},
year={2019}
}


@inproceedings{feng2018hypergraph,
  title={Hypergraph Neural Networks},
  author={Feng, Yifan and You, Haoxuan and Zhang, Zizhao and Ji, Rongrong and Gao, Yue},
  booktitle={AAAI},
  year={2018}
}

@inproceedings{yadati2019hypergcn,
 author = {Yadati, Naganand and Nimishakavi, Madhav and Yadav, Prateek and Nitin, Vikram and Louis, Anand and Talukdar, Partha},
 booktitle = {NeurIPS},
 title = {HyperGCN: A New Method For Training Graph Convolutional Networks on Hypergraphs},
 year = {2019}
}

@inproceedings{MorrisAAAI19,
	Author = {Christopher Morris and Martin Ritzert and Matthias Fey and William L. Hamilton and Jan Eric Lenssen and Gaurav Rattan and Martin Grohe},
	booktitle = {{AAAI}},
	title = {Weisfeiler and {L}eman Go Neural: Higher-Order Graph Neural Networks},
	Year = {2019}
}

@inproceedings{GroheLogicGNN,
author = {Grohe, Martin},
title = {The Logic of Graph Neural Networks},
year = {2021},
booktitle = {LICS},
}

@inproceedings{barcelo2022wlgorelational,
author = {Barceló, Pablo and Galkin, Mikhail and Morris, Christopher and Romero, Miguel},
title = {Weisfeiler and Leman Go Relational},
booktitle = {LoG},
year = {2022}
}

@article{HORNIK1989359,
title = {Multilayer feedforward networks are universal approximators},
journal = {Neural Networks},
year = {1989},
author = {Kurt Hornik and Maxwell Stinchcombe and Halbert White},
}

@inproceedings{grail2020teru,
author = {Teru, Komal K. and Denis, Etienne G. and Hamilton, William L.},
title = {Inductive Relation Prediction by Subgraph Reasoning},
year = {2020},
booktitle = {ICML},
}

@inproceedings{LabelingTrick2021,
 author = {Zhang, Muhan and Li, Pan and Xia, Yinglong and Wang, Kai and Jin, Long},
 booktitle = {NeurIPS},
 title = {Labeling Trick: A Theory of Using Graph Neural Networks for Multi-Node Representation Learning},
 year = {2021}
}
@inproceedings{NeuralLP,
	author = {Yang, Fan and Yang, Zhilin and Cohen, William W},
	booktitle = {NeurIPS},
	title = {Differentiable Learning of Logical Rules for Knowledge Base Reasoning},
	year = {2017},
}

@inproceedings{DRUM,
author = {Sadeghian, Ali and Armandpour, Mohammadreza and Ding, Patrick and Wang, Daisy Zhe},
title = {DRUM: End-to-End Differentiable Rule Mining on Knowledge Graphs},
year = {2019},
booktitle = {NIPS},
}


@inproceedings{Dettmers2018FB,
	Author = {Dettmers, Tim and Pasquale, Minervini and Pontus, Stenetorp and Riedel, Sebastian},
	Booktitle = {AAAI},
	Title = {Convolutional 2{D} Knowledge Graph Embeddings},
	Year = {2018},
}

@InProceedings{extended-modal,
author="Lutz, Carsten
and Sattler, Ulrike
and Wolter, Frank",
title="Modal Logic and the Two-Variable Fragment",
booktitle="CSL",
year="2001"
}

@inproceedings{otto19,
author = {Martin Otto}, 
title = {Graded modal logic and counting bisimulation},
booktitle={arXiv},
year ={2019}
}

@inproceedings{DBLP:journals/sLogica/Rijke00,
  author    = {Maarten de Rijke},
  title     = {A Note on {G}raded {M}odal {L}ogic},
  booktitle   = {Stud Logica},
  year      = {2000}
  } 


@inproceedings{BarceloKM0RS20,
	Author = {Pablo Barcel{\'{o}} and Egor V. Kostylev and Mika{\"{e}}l Monet and Jorge P{\'{e}}rez and Juan L. Reutter and Juan Pablo Silva},
	Booktitle = { {ICLR}},
	Title = {The Logical Expressiveness of Graph Neural Networks},
	Year = {2020}}


@inproceedings{partial_completeness_assumption,
author = {Gal\'{a}rraga, Luis Antonio and Teflioudi, Christina and Hose, Katja and Suchanek, Fabian},
title = {A{MIE}: Association Rule Mining under Incomplete Evidence in Ontological Knowledge Bases},
year = {2013},
booktitle = {WWW},
}
@article{Scarselli09,
	Author = {Scarselli, Franco and Gori, Marco and Tsoi, Ah Chung and Hagenbuchner, Markus and Monfardini, Gabriele},
	Journal = {IEEE Transactions on Neural Networks},
	Title = {The graph neural network model},
	Year = {2009}}
@inproceedings{GilmerSRVD17,
	Author = {Justin Gilmer and Samuel S. Schoenholz and Patrick F. Riley and Oriol Vinyals and George E. Dahl},
	Booktitle = {ICML},
	Title = {Neural Message Passing for Quantum Chemistry},
	Year = {2017}
}
@inproceedings{Gori2005,
	author = {Marco Gori and Gabriele Monfardini and Franco Scarselli},
	booktitle = {IJCNN},
	title = {A new model for learning in graph domains},
	year = {2005}}


@inproceedings{galkin2023ultra,
  title={Towards Foundation Models for Knowledge Graph Reasoning},
  author={Mikhail Galkin and Xinyu Yuan and Hesham Mostafa and Jian Tang and Zhaocheng Zhu},
  year={2024},
  booktitle = {ICLR},
}

@inproceedings{ingram,
	author={Jaejun Lee and Chanyoung Chung and Joyce Jiyoung Whang},
	title={InGram: Inductive Knowledge Graph Embedding via Relation Graphs},
	booktitle={ICML},
	year={2023}
}


@inproceedings{geng2022relationalmessagepassingfully,
    author = {Yuxia Geng and Jiaoyan Chen and Jeff Z. Pan and Mingyang Chen and Song Jiang and Wen Zhang and Huajun Chen},
    title = {Relational Message Passing for Fully Inductive Knowledge Graph Completion},
    booktitle = {ICDE},
    year = {2023} 
}


@inproceedings{zhou2023multitaskperspetivelinkprediction,
    author = {Jincheng Zhou and Beatrice Bevilacqua and Bruno Ribeiro},
    title = {A Multi-Task Perspective for Link Prediction with New Relation Types and Nodes},
    booktitle = {NeurIPS GLFrontiers},
    year = {2023}
}


@inproceedings{gao2023double,
    author = {Gao, Jianfei and Zhou, Yangze and Zhou, Jincheng and Ribeiro, Bruno},
    title = {Double Equivariance for Inductive Link Prediction for Both New Nodes and New Relation Types},
    booktitle = {arXiv},
    year = {2023}
}

@inproceedings{INDIGO,
 author = {Liu, Shuwen and Grau, Bernardo and Horrocks, Ian and Kostylev, Egor},
 booktitle = {NeurIPS},
 title = {INDIGO: GNN-Based Inductive Knowledge Graph Completion Using Pair-Wise Encoding},
 year = {2021}
}


@inproceedings{FB15k237,
    title = "Observed versus latent features for knowledge base and text inference",
    author = "Toutanova, Kristina  and
      Chen, Danqi",
    booktitle = "Workshop on Continuous Vector Space Models and their Compositionality",
    year = "2015",
}

@inproceedings{FB15k237-10-20-50,
    author = "Xin Lv and Xu Han, Lei Hou and Juanzi Li and Zhiyuan Liu and Wei Zhang and Yichi Zhang and Hao Kong and Suhui Wu ",
    title = "Dynamic Anticipation and Completion for
Multi-Hop Reasoning over Sparse Knowledge Graph",
    booktitle = "EMNLP",
    year = "2020"
}



@inproceedings{
galkin2022nodepiece,
title={NodePiece: Compositional and Parameter-Efficient Representations of Large Knowledge Graphs},
author={Mikhail Galkin and Etienne Denis and Jiapeng Wu and William L. Hamilton},
booktitle={ICLR},
year={2022}
}

@inproceedings{Hamaguchi2017KnowledgeTF,
  title={Knowledge Transfer for Out-of-Knowledge-Base Entities : A Graph Neural Network Approach},
  author={Takuo Hamaguchi and Hidekazu Oiwa and M. Shimbo and Yuji Matsumoto},
  booktitle={IJCAI},
  year={2017},
}

@inproceedings{Mahdisoltani2015YAGO3AK,
  title={YAGO3: A Knowledge Base from Multilingual Wikipedias},
  author={Farzaneh Mahdisoltani and Joanna Asia Biega and Fabian M. Suchanek},
  booktitle={CIDR},
  year={2015}
}

@inproceedings{nell995WenhanXiongDeepPath,
  author    = {Xiong, Wenhan and Hoang, Thien and Wang, William Yang},
  title     = {DeepPath: A Reinforcement Learning Method for Knowledge Graph Reasoning},
  booktitle = {EMNLP},
  year      = {2017}
}
@inproceedings{safavi-koutra-2020-codex,
    title = "{C}o{DE}x: A {C}omprehensive {K}nowledge {G}raph {C}ompletion {B}enchmark",
    author = "Safavi, Tara  and
      Koutra, Danai",
    booktitle = "EMNLP",
    year = "2020",
}

@article{hetionet,
    author = {Himmelstein, Daniel Scott and Lizee, Antoine and Hessler,
               Christine and Brueggeman, Leo and Chen, Sabrina L and Hadley,
               Dexter and Green, Ari and Khankhanian, Pouya and Baranzini,
               Sergio E},
    title = {Systematic integration of biomedical knowledge prioritizes drugs for repurposing},
    journal = {Elife},
    year = {2017}
}


@inproceedings{mao2024positiongraphfoundationmodels,
      title={Position: Graph Foundation Models are Already Here}, 
      author={Haitao Mao and Zhikai Chen and Wenzhuo Tang and Jianan Zhao and Yao Ma and Tong Zhao and Neil Shah and Mikhail Galkin and Jiliang Tang},
      year={2024},
      booktitle = {ICML},
}


@inproceedings{ba2016layernormalization,
      title={Layer Normalization}, 
      author={Jimmy Lei Ba and Jamie Ryan Kiros and Geoffrey E. Hinton},
      year={2016},
      booktitle = {arXiv},
}


@inproceedings{
zhang2024trix,
title={{TRIX}: A More Expressive Model for Zero-shot Domain Transfer in Knowledge Graphs},
author={Yucheng Zhang and Beatrice Bevilacqua and Mikhail Galkin and Bruno Ribeiro},
booktitle={LoG},
year={2024},
}

@inproceedings{cui2024prompt,
  title = { A Prompt-based Knowledge Graph Foundation Model for Universal In-Context Reasoning },
  author = { Cui, Yuanning and 
            Sun, Zequn and 
            Hu, Wei },
  booktitle = { NeurIPS },
  year = { 2024 }
}


@article{
milo2002motif,
author = {R. Milo  and S. Shen-Orr  and S. Itzkovitz  and N. Kashtan  and D. Chklovskii  and U. Alon },
title = {Network Motifs: Simple Building Blocks of Complex Networks},
journal = {Science},
year = {2002},
}

@book{Menczer_Fortunato_Davis_2020, place={Cambridge}, title={A First Course in Network Science}, publisher={Cambridge University Press}, author={Menczer, Filippo and Fortunato, Santo and Davis, Clayton A.}, year={2020}} 


@inproceedings{brody2022attentivegraphattentionnetworks,
      title={How Attentive are Graph Attention Networks?}, 
      author={Shaked Brody and Uri Alon and Eran Yahav},
      year={2022},
      booktitle={ICLR},
}

@inproceedings{Fey/Lenssen/2019,
  title={Fast Graph Representation Learning with {PyTorch Geometric}},
  author={Fey, Matthias and Lenssen, Jan E.},
  booktitle={ICLR Workshop on Representation Learning on Graphs and Manifolds},
  year={2019},
}

@inproceedings{
xu2018how,
title={How Powerful are Graph Neural Networks?},
author={Keyulu Xu and Weihua Hu and Jure Leskovec and Stefanie Jegelka},
booktitle={ICLR},
year={2019},
}