@article{reference1,
  title={Neocognitron: A hierarchical neural network capable of visual pattern recognition},
  author={Fukushima, Kunihiko},
  journal={Neural networks},
  volume={1},
  number={2},
  pages={119--130},
  year={1988},
  publisher={Elsevier}
}

@article{reference2,
  title={Gradient-based learning applied to document recognition},
  author={LeCun, Yann and Bottou, L{\'e}on and Bengio, Yoshua and Haffner, Patrick},
  journal={Proceedings of the IEEE},
  volume={86},
  number={11},
  pages={2278--2324},
  year={1998},
  publisher={Ieee}
}



@inproceedings{reference3,
  title={Deep residual learning for image recognition},
  author={He, Kaiming and Zhang, Xiangyu and Ren, Shaoqing and Sun, Jian},
  booktitle={Proceedings of the IEEE conference on computer vision and pattern recognition},
  pages={770--778},
  year={2016}
}

@inproceedings{reference4,
  title={An image is worth 16x16 words: Transformers for image recognition at scale},
  author={Dosovitskiy, Alexey and Beyer, Lucas and Kolesnikov, Alexander and Weissenborn, Dirk and Zhai, Xiaohua and Unterthiner, Thomas and Dehghani, Mostafa and Minderer, Matthias and Heigold, Georg and Gelly, Sylvain and others},
  booktitle={ICLR},
  year={2021}
}

@inproceedings{reference5,
  title={Swin transformer: Hierarchical vision transformer using shifted windows},
  author={Liu, Ze and Lin, Yutong and Cao, Yue and Hu, Han and Wei, Yixuan and Zhang, Zheng and Lin, Stephen and Guo, Baining},
  booktitle={Proceedings of the IEEE/CVF international conference on computer vision},
  pages={10012--10022},
  year={2021}
}



@article{fedorov20123d,
  title={3D Slicer as an image computing platform for the Quantitative Imaging Network},
  author={Fedorov, Andriy and Beichel, Reinhard and Kalpathy-Cramer, Jayashree and Finet, Julien and Fillion-Robin, Jean-Christophe and Pujol, Sonia and Bauer, Christian and Jennings, Dominique and Fennessy, Fiona and Sonka, Milan and others},
  journal={Magnetic resonance imaging},
  volume={30},
  number={9},
  pages={1323--1341},
  year={2012},
  publisher={Elsevier}
}

%%%%%%%%%%%%%%%%%%%%%%%%%%%%%%%%%%%%%%%%%%%%%%%%%%%%%%%%%%%%
% TECHNIQUES TO SEGMENT AORTA, LEFT LUMEN, and RIGHT LUMEN
@article{cao2019fully,
  title={Fully automatic segmentation of type B aortic dissection from CTA images enabled by deep learning},
  author={Cao, Long and Shi, Ruiqiong and Ge, Yangyang and Xing, Lei and Zuo, Panli and Jia, Yan and Liu, Jie and He, Yuan and Wang, Xinhao and Luan, Shaoliang and others},
  journal={European journal of radiology},
  volume={121},
  pages={108713},
  year={2019},
  publisher={Elsevier}
}
@article{chen2021multi,
  title={Multi-stage learning for segmentation of aortic dissections using a prior aortic anatomy simplification},
  author={Chen, Duanduan and Zhang, Xuyang and Mei, Yuqian and Liao, Fangzhou and Xu, Huanming and Li, Zhenfeng and Xiao, Qianjiang and Guo, Wei and Zhang, Hongkun and Yan, Tianyi and others},
  journal={Medical image analysis},
  volume={69},
  pages={101931},
  year={2021},
  publisher={Elsevier}
}
@article{feiger2021evaluation,
  title={Evaluation of U-Net based architectures for automatic aortic dissection segmentation},
  author={Feiger, Bradley and Lorenzana-Saldivar, Erick and Cooke, Colin and Horstmeyer, Roarke and Bishawi, Muath and Doberne, Julie and Hughes, G Chad and Ranney, David and Voigt, Soraya and Randles, Amanda},
  journal={ACM Transactions on Computing for Healthcare (HEALTH)},
  volume={3},
  number={1},
  pages={1--16},
  year={2021},
  publisher={ACM New York, NY}
}
@article{hahn2020ct,
  title={CT-based true-and false-lumen segmentation in type B aortic dissection using machine learning},
  author={Hahn, Lewis D and Mistelbauer, Gabriel and Higashigaito, Kai and Koci, Martin and Willemink, Martin J and Sailer, Anna M and Fischbein, Michael and Fleischmann, Dominik},
  journal={Radiology: Cardiothoracic Imaging},
  volume={2},
  number={3},
  pages={e190179},
  year={2020},
  publisher={Radiological Society of North America}
}
@article{yu2021three,
  title={A three-dimensional deep convolutional neural network for automatic segmentation and diameter measurement of type B aortic dissection},
  author={Yu, Yitong and Gao, Yang and Wei, Jianyong and Liao, Fangzhou and Xiao, Qianjiang and Zhang, Jie and Yin, Weihua and Lu, Bin},
  journal={Korean journal of radiology},
  volume={22},
  number={2},
  pages={168},
  year={2021},
  publisher={Korean Society of Radiology}
}
%%%%%%%%%%%%%%%%%%%%%%%%%%%%%%%%%%%%%%%%%%%%%%%%%%%%%%%%%%%%%%



%%%%%%%%%%%%%%%%%%%%%%%%%%%%%%%%%%%%%%%%%%%%%%%%%%%%%%%%%%%%%%%%
%%%%%%%%% TECHNIQUES FOR AORTA SEGMENTATION AS BINARY %%%%%%%%%%%
@article{lyu2021dissected,
  title={Dissected aorta segmentation using convolutional neural networks},
  author={Lyu, Tianling and Yang, Guanyu and Zhao, Xingran and Shu, Huazhong and Luo, Limin and Chen, Duanduan and Xiong, Jiang and Yang, Jian and Li, Shuo and Coatrieux, Jean-Louis and others},
  journal={Computer methods and programs in biomedicine},
  volume={211},
  pages={106417},
  year={2021},
  publisher={Elsevier}
}
@article{lin2023deformable,
  title={A Deformable Constraint Transport Network for Optimal Aortic Segmentation from CT Images},
  author={Lin, Weiyuan and Gao, Zhifan and Liu, Hui and Zhang, Heye},
  journal={IEEE Transactions on Medical Imaging},
  year={2023},
  publisher={IEEE}
}
@article{de2022quantification,
  title={Quantification of the thoracic aorta and detection of aneurysm at CT: development and validation of a fully automatic methodology},
  author={de Carvalho Macruz, Fabiola Bezerra and Lu, Charles and Strout, Julia and Takigami, Angelo and Brooks, Rupert and Doyle, Sean and Yun, Min and Buch, Varun and Hedgire, Sandeep and Ghoshhajra, Brian},
  journal={Radiology: Artificial Intelligence},
  volume={4},
  number={2},
  year={2022},
  publisher={Radiological Society of North America}
}
@article{sieren2022automated,
  title={Automated segmentation and quantification of the healthy and diseased aorta in CT angiographies using a dedicated deep learning approach},
  author={Sieren, Malte Maria and Widmann, Cornelia and Weiss, Nick and Moltz, Jan Hendrik and Link, Florian and Wegner, Franz and Stahlberg, Erik and Horn, Marco and Oecherting, Thekla Helene and Goltz, Jan Peter and others},
  journal={European radiology},
  volume={32},
  number={1},
  pages={690--701},
  year={2022},
  publisher={Springer}
}
@article{comelli2021deep,
  title={Deep learning approach for the segmentation of aneurysmal ascending aorta},
  author={Comelli, Albert and Dahiya, Navdeep and Stefano, Alessandro and Benfante, Viviana and Gentile, Giovanni and Agnese, Valentina and Raffa, Giuseppe M and Pilato, Michele and Yezzi, Anthony and Petrucci, Giovanni and others},
  journal={Biomedical engineering letters},
  volume={11},
  pages={15--24},
  year={2021},
  publisher={Springer}
}
@article{zhao2022segmentation,
  title={Segmentation of the true lumen of aorta dissection via morphology-constrained stepwise deep mesh regression},
  author={Zhao, Jingliang and Zhao, Jie and Pang, Shumao and Feng, Qianjin},
  journal={IEEE Transactions on Medical Imaging},
  volume={41},
  number={7},
  pages={1826--1836},
  year={2022},
  publisher={IEEE}
}
%%%%%%%%%%%%%%%%%%%%%%%%%%%%%%%%%%%%%%%%%%%%%%%%%%%%%%%%%%%%%%%



%%%%%%%%%%%%%%%%%%%%%%%%%%%%%%%%%%%%%%%%%%%%%%%%%%%%%%%%%%%%%%%%
%%%%%%%%% TECHNIQUES FOR AORTA and OTHER BRANCHES %%%%%%%%%%%
@article{jung2024zozi,
  title={ZOZI-Seg: A transformer and UNet cascade network with Zoom-Out and Zoom-In scheme for aortic dissection segmentation in enhanced CT images},
  author={Jung, Ji-Hoon and Oh, Hong Min and Jeong, Gyu-Jun and Kim, Tae-Won and Koo, Hyun Jung and Lee, June-Goo and Yang, Dong Hyun},
  journal={Computers in Biology and Medicine},
  volume={175},
  pages={108494},
  year={2024},
  publisher={Elsevier}
}
@article{mu2023automatic,
  title={Automatic segmentation of abdominal aortic aneurysms from CT angiography using a context-aware cascaded U-Net},
  author={Mu, Nan and Lyu, Zonghan and Rezaeitaleshmahalleh, Mostafa and Zhang, Xiaoming and Rasmussen, Todd and McBane, Robert and Jiang, Jingfeng},
  journal={Computers in biology and medicine},
  volume={158},
  pages={106569},
  year={2023},
  publisher={Elsevier}
}
@article{koo2024deep,
  title={Deep learning based automatic segmentation of the thoracic aorta from chest computed tomography in healthy Korean adults},
  author={Koo, Hyun Jung and Lee, June-Goo and Lee, Jung-Bok and Kang, Joon-Won and Yang, Dong Hyun},
  journal={European Journal of Vascular and Endovascular Surgery},
  year={2024},
  publisher={Elsevier}
}
@inproceedings{zhong2021segmentation,
  title={Segmentation of the thoracic aorta using an attention-gated u-net},
  author={Zhong, Jiayang and Bian, Zhangxing and Hatt, Charles R and Burris, Nicholas S},
  booktitle={Medical Imaging 2021: Computer-Aided Diagnosis},
  volume={11597},
  pages={147--153},
  year={2021},
  organization={SPIE}
}
%%%%%%%%%%%%%%%%%%%%%%%%%%%%%%%%%%%%%%%%%%%%%%%%%%%%%%%%%%%%%%%%

@inproceedings{manokaran2023fully,
  title={Fully automated aortic segmentation of 3D phase-contrast magnetic resonance angiography images using deep learning techniques},
  author={Manokaran, Jenita and Flores, Julio Garcia and Ukwatta, Eranga},
  booktitle={Medical Imaging 2023: Biomedical Applications in Molecular, Structural, and Functional Imaging},
  volume={12468},
  pages={31--37},
  year={2023},
  organization={SPIE}
}
@article{guo2024deep,
  title={Deep Learning-Based Analysis of Aortic Morphology From Three-Dimensional MRI},
  author={Guo, Jia and Bouaou, Kevin and Houriez--Gombaud-Saintonge, Sophia and Gueda, Moussa and Gencer, Umit and Nguyen, Vincent and Charpentier, Etienne and Soulat, Gilles and Redheuil, Alban and Mousseaux, Elie and others},
  journal={Journal of Magnetic Resonance Imaging},
  year={2024},
  publisher={Wiley Online Library}
}
@article{berhane2020fully,
  title={Fully automated 3D aortic segmentation of 4D flow MRI for hemodynamic analysis using deep learning},
  author={Berhane, Haben and Scott, Michael and Elbaz, Mohammed and Jarvis, Kelly and McCarthy, Patrick and Carr, James and Malaisrie, Chris and Avery, Ryan and Barker, Alex J and Robinson, Joshua D and others},
  journal={Magnetic resonance in medicine},
  volume={84},
  number={4},
  pages={2204--2218},
  year={2020},
  publisher={Wiley Online Library}
}
@article{maas2024automatic,
  title={Automatic Segmentation of Abdominal Aortic Aneurysms from Time-Resolved 3D Ultrasound Images Using Deep Learning},
  author={Maas, Esther J and Awasthi, Navchetan and Van Pelt, Esther G and Van Sambeek, Marc MRHM and Lopata, Richard GP},
  journal={IEEE Transactions on Ultrasonics, Ferroelectrics, and Frequency Control},
  year={2024},
  publisher={IEEE}
}
@article{marin20234d,
  title={4D segmentation of the thoracic aorta from 4D flow MRI using deep learning},
  author={Marin-Castrillon, Diana M and Lalande, Alain and Leclerc, Sarah and Ambarki, Khalid and Morgant, Marie-Catherine and Cochet, Alexandre and Lin, Siyu and Bouchot, Olivier and Boucher, Arnaud and Presles, Benoit},
  journal={Magnetic Resonance Imaging},
  volume={99},
  pages={20--25},
  year={2023},
  publisher={Elsevier}
}


@article{chen2022deep,
  title={Deep learning-based medical image segmentation of the aorta using XR-MSF-U-Net},
  author={Chen, Weimin and Huang, Hongyuan and Huang, Jing and Wang, Ke and Qin, Hua and Wong, Kelvin KL},
  journal={Computer methods and programs in biomedicine},
  volume={225},
  pages={107073},
  year={2022},
  publisher={Elsevier}
}

@article{cheng2020deep,
  title={A deep learning algorithm using contrast-enhanced computed tomography (CT) images for segmentation and rapid automatic detection of aortic dissection},
  author={Cheng, Junlong and Tian, Shengwei and Yu, Long and Ma, Xiang and Xing, Yan},
  journal={Biomedical Signal Processing and Control},
  volume={62},
  pages={102145},
  year={2020},
  publisher={Elsevier}
}

@inproceedings{noothout2018automatic,
  title={Automatic segmentation of thoracic aorta segments in low-dose chest CT},
  author={Noothout, Julia MH and De Vos, Bob D and Wolterink, Jelmer M and I{\v{s}}gum, Ivana},
  booktitle={Medical Imaging 2018: Image Processing},
  volume={10574},
  pages={446--451},
  year={2018},
  organization={SPIE}
}

@article{feng2023automatic,
  title={Automatic segmentation of thrombosed aortic dissection in post-operative CT-angiography images},
  author={Feng, Hanying and Fu, Zheng and Wang, Yulin and Zhang, Puming and Lai, Hao and Zhao, Jun},
  journal={Medical Physics},
  volume={50},
  number={6},
  pages={3538--3548},
  year={2023},
  publisher={Wiley Online Library}
}


%%%%%%%%%%%%%%%%%%%%%%%%%%%%%%%%%%%%%%%%%%%%%%%%%%%%%%%%%%%%%%%%%%%%%%%%%%%%%%%%%%%%%%%%%%%%%%%%%%%%%%%%%%%%%%%%%%%%%%%%%%%%%%%%%%%%%%%%%%%%%%%%%%%%%%%%%%%%%%%%%%%%%%%%%%%%%%%%%%%%%%%%
%%%%%%%%%%%%%%%%%%%%%%%  %%%%%%%%%%%%%%%%%%%%%%%%%%%%%%%%%%%%%%%%%%%%%%%%%% DATASET RELATED PAPERS %%%%%%%%%%%%%%%%%%%%%%%%%%%%%%%%%%%%%%%%%%%%%%%%%%%%%%%%%%%%%%%%%%%%%%%%%%%%%%%%%%%%%%
@article{yao2021imagetbad,
  title={Imagetbad: A 3d computed tomography angiography image dataset for automatic segmentation of type-b aortic dissection},
  author={Yao, Zeyang and Xie, Wen and Zhang, Jiawei and Dong, Yuhao and Qiu, Hailong and Yuan, Haiyun and Jia, Qianjun and Wang, Tianchen and Shi, Yiyi and Zhuang, Jian and others},
  journal={Frontiers in Physiology},
  volume={12},
  pages={732711},
  year={2021},
  publisher={Frontiers Media SA}
}
@article{radl2022avt,
  title={AVT: Multicenter aortic vessel tree CTA dataset collection with ground truth segmentation masks},
  author={Radl, Lukas and Jin, Yuan and Pepe, Antonio and Li, Jianning and Gsaxner, Christina and Zhao, Fen-hua and Egger, Jan},
  journal={Data in brief},
  volume={40},
  pages={107801},
  year={2022},
  publisher={Elsevier}
}

@article{heller2019kits19,
  title={The kits19 challenge data: 300 kidney tumor cases with clinical context, ct semantic segmentations, and surgical outcomes},
  author={Heller, Nicholas and Sathianathen, Niranjan and Kalapara, Arveen and Walczak, Edward and Moore, Keenan and Kaluzniak, Heather and Rosenberg, Joel and Blake, Paul and Rengel, Zachary and Oestreich, Makinna and others},
  journal={arXiv preprint arXiv:1904.00445},
  year={2019}
}
@article{heller2021state,
  title={The state of the art in kidney and kidney tumor segmentation in contrast-enhanced CT imaging: Results of the KiTS19 challenge},
  author={Heller, Nicholas and Isensee, Fabian and Maier-Hein, Klaus H and Hou, Xiaoshuai and Xie, Chunmei and Li, Fengyi and Nan, Yang and Mu, Guangrui and Lin, Zhiyong and Han, Miofei and others},
  journal={Medical image analysis},
  volume={67},
  pages={101821},
  year={2021},
  publisher={Elsevier}
}
@article{zhao2015data,
  title={Data from rider\_lung CT},
  author={Zhao, Binsheng and Schwartz, Lawrence H and Kris, Mark G},
  journal={The Cancer Imaging Archive},
  year={2015}
}
@article{mayer2024type,
  title={type B aortic Dissection Cta Collection with true and False Lumen Expert annotations for the Development of aI-based algorithms},
  author={Mayer, Christian and Pepe, Antonio and Hossain, Sophie and Karner, Barbara and Arnreiter, Melanie and Kleesiek, Jens and Schmid, Johannes and Janisch, Michael and Hannes, Deutschmann and Fuchsj{\"a}ger, Michael and others},
  journal={Scientific Data},
  volume={11},
  number={1},
  pages={596},
  year={2024},
  publisher={Nature Publishing Group UK London}
}
@article{podobnik2024han,
  title={HaN-Seg: The head and neck organ-at-risk CT and MR segmentation challenge},
  author={Podobnik, Ga{\v{s}}per and Ibragimov, Bulat and Tappeiner, Elias and Lee, Chanwoong and Kim, Jin Sung and Mesbah, Zacharia and Modzelewski, Romain and Ma, Yihao and Yang, Fan and Rudecki, Miko{\l}aj and others},
  journal={Radiotherapy and Oncology},
  volume={198},
  pages={110410},
  year={2024},
  publisher={Elsevier}
}
@book{flare2022fast,
  title={FAST AND LOW-RESOURCE SEMI-SUPERVISED ABDOMINAL ORGAN SEGMENTATION.},
  author={FLARE, MICCAI},
  year={2022},
  publisher={SPRINGER}
}
@article{luo2023segrap2023,
  title={Segrap2023: A benchmark of organs-at-risk and gross tumor volume segmentation for radiotherapy planning of nasopharyngeal carcinoma},
  author={Luo, Xiangde and Fu, Jia and Zhong, Yunxin and Liu, Shuolin and Han, Bing and Astaraki, Mehdi and Bendazzoli, Simone and Toma-Dasu, Iuliana and Ye, Yiwen and Chen, Ziyang and others},
  journal={arXiv preprint arXiv:2312.09576},
  year={2023}
}
@article{heller2023kits21,
  title={The kits21 challenge: Automatic segmentation of kidneys, renal tumors, and renal cysts in corticomedullary-phase ct},
  author={Heller, Nicholas and Isensee, Fabian and Trofimova, Dasha and Tejpaul, Resha and Zhao, Zhongchen and Chen, Huai and Wang, Lisheng and Golts, Alex and Khapun, Daniel and Shats, Daniel and others},
  journal={arXiv preprint arXiv:2307.01984},
  year={2023}
}
%%%%%%%%%%%%%%%%%%%%%%%%%%%%%%%%%%%%%%%%%%%%%%%%%%%%%%%%%%%%%%%%%%%%%%%%%%%%%%%%%%%%%%%%%%%%%%%%%%%%%%%%%%%%%%%%%%%%%%%%%%%%%%%%%%%%%%%%%%%%%%%%%%%%%%%%%%%%%%%%%%%%%%%%%%%%%%%%%%%%%%%%

% Reference for NSD
@article{seidlitz2022robust,
  title={Robust deep learning-based semantic organ segmentation in hyperspectral images},
  author={Seidlitz, Silvia and Sellner, Jan and Odenthal, Jan and {\"O}zdemir, Berkin and Studier-Fischer, Alexander and Kn{\"o}dler, Samuel and Ayala, Leonardo and Adler, Tim J and Kenngott, Hannes G and Tizabi, Minu and others},
  journal={Medical Image Analysis},
  volume={80},
  pages={102488},
  year={2022},
  publisher={Elsevier}
}

% Ranking Strategy
@article{ma2022fast,
  title={Fast and low-GPU-memory abdomen CT organ segmentation: the flare challenge},
  author={Ma, Jun and Zhang, Yao and Gu, Song and An, Xingle and Wang, Zhihe and Ge, Cheng and Wang, Congcong and Zhang, Fan and Wang, Yu and Xu, Yinan and others},
  journal={Medical Image Analysis},
  volume={82},
  pages={102616},
  year={2022},
  publisher={Elsevier}
}
@article{bakas2018identifying,
  title={Identifying the best machine learning algorithms for brain tumor segmentation, progression assessment, and overall survival prediction in the BRATS challenge},
  author={Bakas, Spyridon and Reyes, Mauricio and Jakab, Andras and Bauer, Stefan and Rempfler, Markus and Crimi, Alessandro and Shinohara, Russell Takeshi and Berger, Christoph and Ha, Sung Min and Rozycki, Martin and others},
  journal={arXiv preprint arXiv:1811.02629},
  year={2018}
}

%% Top Five Teams Shared References
@article{isensee2021nnu,
  title={nnU-Net: a self-configuring method for deep learning-based biomedical image segmentation},
  author={Isensee, Fabian and Jaeger, Paul F and Kohl, Simon AA and Petersen, Jens and Maier-Hein, Klaus H},
  journal={Nature methods},
  volume={18},
  number={2},
  pages={203--211},
  year={2021},
  publisher={Nature Publishing Group}
}
@article{cardoso2022monai,
  title={Monai: An open-source framework for deep learning in healthcare},
  author={Cardoso, M Jorge and Li, Wenqi and Brown, Richard and Ma, Nic and Kerfoot, Eric and Wang, Yiheng and Murrey, Benjamin and Myronenko, Andriy and Zhao, Can and Yang, Dong and others},
  journal={arXiv preprint arXiv:2211.02701},
  year={2022}
}
@article{kirchhoff2024skeleton,
  title={Skeleton recall loss for connectivity conserving and resource efficient segmentation of thin tubular structures},
  author={Kirchhoff, Yannick and Rokuss, Maximilian R and Roy, Saikat and Kovacs, Balint and Ulrich, Constantin and Wald, Tassilo and Zenk, Maximilian and Vollmuth, Philipp and Kleesiek, Jens and Isensee, Fabian and others},
  journal={arXiv preprint arXiv:2404.03010},
  year={2024}
}

@article{wiesenfarth2021methods,
  title={Methods and open-source toolkit for analyzing and visualizing challenge results},
  author={Wiesenfarth, Manuel and Reinke, Annika and Landman, Bennett A and Eisenmann, Matthias and Saiz, Laura Aguilera and Cardoso, M Jorge and Maier-Hein, Lena and Kopp-Schneider, Annette},
  journal={Scientific reports},
  volume={11},
  number={1},
  pages={2369},
  year={2021},
  publisher={Nature Publishing Group UK London}
}

@book{pepe2024segmentation,
  title={Segmentation of the Aorta: Towards the Automatic Segmentation, Modeling, and Meshing of the Aortic Vessel Tree from Multicenter Acquisition: First Challenge, SEG. A. 2023, Held in Conjunction with MICCAI 2023, Vancouver, BC, Canada, October 8, 2023, Proceedings},
  author={Pepe, Antonio and Melito, Gian Marco and Egger, Jan},
  year={2024},
  publisher={Springer}
}

@article{yin2023research,
  title={Research progress on the pathogenesis of aortic dissection},
  author={Yin, Zhi-Qiang and Han, Hua and Yan, Xianchun and Zheng, Qi-Jun},
  journal={Current problems in cardiology},
  volume={48},
  number={8},
  pages={101249},
  year={2023},
  publisher={Elsevier}
}

@article{carrel2023acute,
  title={Acute aortic dissection},
  author={Carrel, Thierry and Sundt, Thoralf M and von Kodolitsch, Yskert and Czerny, Martin},
  journal={The Lancet},
  volume={401},
  number={10378},
  pages={773--788},
  year={2023},
  publisher={Elsevier}
}

@article{rolf2024mechanisms,
  title={Mechanisms of aortic dissection: from pathological changes to experimental and in silico models},
  author={Rolf-Pissarczyk, Malte and Schussnig, Richard and Fries, Thomas-Peter and Fleischmann, Dominik and Elefteriades, John A and Humphrey, Jay D and Holzapfel, Gerhard A},
  journal={Progress in Materials Science},
  pages={101363},
  year={2024},
  publisher={Elsevier}
}

@article{juraszek2022update,
  title={Update in aortic dissection},
  author={Juraszek, Andrzej and Czerny, Martin and Rylski, Bartosz},
  journal={Trends in cardiovascular medicine},
  volume={32},
  number={7},
  pages={456--461},
  year={2022},
  publisher={Elsevier}
}

@article{lombardi2020society,
  title={Society for Vascular Surgery (SVS) and Society of Thoracic Surgeons (STS) reporting standards for type B aortic dissections},
  author={Lombardi, Joseph V and Hughes, G Chad and Appoo, Jehangir J and Bavaria, Joseph E and Beck, Adam W and Cambria, Richard P and Charlton-Ouw, Kristofer and Eslami, Mohammad H and Kim, Karen M and Leshnower, Bradley G and others},
  journal={The Annals of thoracic surgery},
  volume={109},
  number={3},
  pages={959--981},
  year={2020},
  publisher={Elsevier}
}

@inproceedings{xu2023sliceprop,
  title={SliceProp: A Slice-Wise Bidirectional Propagation Model for Interactive 3D Medical Image Segmentation},
  author={Xu, Xin and Lu, Wenjing and Lei, Jiahao and Qiu, Peng and Shen, Hong-Bin and Yang, Yang},
  booktitle={2023 IEEE International Conference on Medical Artificial Intelligence (MedAI)},
  pages={414--424},
  year={2023},
  organization={IEEE}
}

@inproceedings{li2023evaluating,
  title={Evaluating nnU-Net for Type B Aortic Dissection segmentation on CTA images},
  author={Li, Yicun and Gui, Chengzhi and Li, Xin and Chen, Tongyun and Song, Xiquan and Chen, Qingliang and An, Xingwei},
  booktitle={Proceedings of the 2023 10th International Conference on Biomedical and Bioinformatics Engineering},
  pages={38--44},
  year={2023}
}

@InProceedings{10.1007/978-3-031-53241-2_7,
author="Vagenas, Theodoros Panagiotis
and Georgas, Konstantinos
and Matsopoulos, George K.",
editor="Pepe, Antonio
and Melito, Gian Marco
and Egger, Jan",
title="Deep Learning-Based Segmentation and Mesh Reconstruction of the Aortic Vessel Tree from CTA Images",
booktitle="Segmentation of the Aorta. Towards the Automatic Segmentation, Modeling, and Meshing of the Aortic Vessel Tree from Multicenter Acquisition",
year="2024",
publisher="Springer Nature Switzerland",
address="Cham",
pages="80--94",
isbn="978-3-031-53241-2"
}

@article{sun2024paratranscnn,
  title={ParaTransCNN: Parallelized TransCNN Encoder for Medical Image Segmentation},
  author={Sun, Hongkun and Xu, Jing and Duan, Yuping},
  journal={arXiv preprint arXiv:2401.15307},
  year={2024}
}

@article{writing20222022,
  title={2022 ACC/AHA guideline for the diagnosis and management of aortic disease: a report of the American Heart Association/American College of Cardiology Joint Committee on Clinical Practice Guidelines},
  author={Writing Committee Members and Isselbacher, Eric M and Preventza, Ourania and Hamilton Black III, James and Augoustides, John G and Beck, Adam W and Bolen, Michael A and Braverman, Alan C and Bray, Bruce E and Brown-Zimmerman, Maya M and others},
  journal={Journal of the American College of Cardiology},
  volume={80},
  number={24},
  pages={e223--e393},
  year={2022},
  publisher={American College of Cardiology Foundation Washington DC}
}

@inproceedings{shi2024centerline,
  title={Centerline boundary dice loss for vascular segmentation},
  author={Shi, Pengcheng and Hu, Jiesi and Yang, Yanwu and Gao, Zilve and Liu, Wei and Ma, Ting},
  booktitle={International Conference on Medical Image Computing and Computer-Assisted Intervention},
  pages={46--56},
  year={2024},
  organization={Springer}
}

@article{imran2024cis,
  title={CIS-UNet: Multi-class segmentation of the aorta in computed tomography angiography via context-aware shifted window self-attention},
  author={Imran, Muhammad and Krebs, Jonathan R and Gopu, Veera Rajasekhar Reddy and Fazzone, Brian and Sivaraman, Vishal Balaji and Kumar, Amarjeet and Viscardi, Chelsea and Heithaus, Robert Evans and Shickel, Benjamin and Zhou, Yuyin and others},
  journal={Computerized Medical Imaging and Graphics},
  volume={118},
  pages={102470},
  year={2024},
  publisher={Elsevier}
}

@article{krebs2024volumetric,
  title={Volumetric Analysis of Acute Uncomplicated Type B Aortic Dissection Using an Automated Deep Learning Aortic Zone Segmentation Model},
  author={Krebs, Jonathan R and Imran, Muhammad and Fazzone, Brian and Viscardi, Chelsea and Berwick, Benjamin and Stinson, Griffin and Heithaus, Evans and Upchurch Jr, Gilbert R and Shao, Wei and Cooper, Michol A},
  journal={Journal of Vascular Surgery},
  year={2024},
  volume={80},
  issue={4},
  pages={1025-1034},
  publisher={Elsevier}
}

