@inproceedings{chen2023overkill,
  title={Is It Overkill? Analyzing Feature-Space Concept Drift in Malware Detectors},
  author={Chen, Zhi and Zhang, Zhenning and Kan, Zeliang and Yang, Limin and Cortellazzi, Jacopo and Pendlebury, Feargus and Pierazzi, Fabio and Cavallaro, Lorenzo and Wang, Gang},
  booktitle={2023 IEEE Deep Learning Security and Privacy Workshop (DLSP). IEEE},
  year={2023}
}

@ARTICLE{farid2013adaptive,
  title={An adaptive ensemble classifier for mining concept drifting data streams},
  author={Farid, Dewan Md and Zhang, Li and Hossain, Alamgir and Rahman, Chowdhury Mofizur and Strachan, Rebecca and Sexton, Graham and Dahal, Keshav},
  journal={Expert Systems with Applications},
  volume={40},
  number={15},
  pages={5895--5906},
  year={2013},
  publisher={Elsevier}
}

@ARTICLE{hashmani2020concept,
  title={Concept drift evolution in machine learning approaches: a systematic literature review},
  author={Hashmani, Manzoor Ahmed and Jameel, Syed Muslim and Rehman, Mobashar and Inoue, Atsushi},
  journal={International Journal on Smart Sensing and Intelligent Systems},
  volume={13},
  number={1},
  pages={1--16},
  year={2020}
}

@ARTICLE{jameel2020critical,
  title={A critical review on adverse effects of concept drift over machine learning classification models},
  author={Jameel, Syed Muslim and Hashmani, Manzoor Ahmed and Alhussain, Hitham and Rehman, Mobashar and Budiman, Arif},
  journal={International Journal of Advanced Computer Science and Applications},
  volume={11},
  number={1},
  year={2020},
  publisher={Science and Information (SAI) Organization Limited}
}

@ARTICLE{lu2018learning,
  title={Learning under concept drift: A review},
  author={Lu, Jie and Liu, Anjin and Dong, Fan and Gu, Feng and Gama, Joao and Zhang, Guangquan},
  journal={IEEE transactions on knowledge and data engineering},
  volume={31},
  number={12},
  pages={2346--2363},
  year={2018},
  publisher={IEEE}
}

