%%%%%%%%%%%% References %%%%%%%%%%%%%%%%%%%%%%%
\bibliographystyle{unsrt}
@inproceedings{kuncheva2004classifier,
  title={Classifier ensembles for changing environments},
  author={Kuncheva, Ludmila I},
  booktitle={International workshop on multiple classifier systems},
  pages={1--15},
  year={2004},
  organization={Springer}
}
@article{kozeny2015genetic,
  title={Genetic algorithms for credit scoring: Alternative fitness function performance comparison},
  author={Kozeny, Vaclav},
  journal={Expert Systems with applications},
  volume={42},
  number={6},
  pages={2998--3004},
  year={2015},
  publisher={Elsevier}
}
@article{afianian2019malware,
  title={Malware dynamic analysis evasion techniques: A survey},
  author={Afianian, Amir and Niksefat, Salman and Sadeghiyan, Babak and Baptiste, David},
  journal={ACM Computing Surveys (CSUR)},
  volume={52},
  number={6},
  pages={1--28},
  year={2019},
  publisher={ACM New York, NY, USA}
}
@inproceedings{zhang2014selectively,
  title={A selectively re-train approach based on clustering to classify concept-drifting data streams with skewed distribution},
  author={Zhang, Dandan and Shen, Hong and Hui, Tian and Li, Yidong and Wu, Jun and Sang, Yingpeng},
  booktitle={Advances in Knowledge Discovery and Data Mining: 18th Pacific-Asia Conference, PAKDD 2014, Tainan, Taiwan, May 13-16, 2014. Proceedings, Part II 18},
  pages={413--424},
  year={2014},
  organization={Springer}
}

@article{vivekanandan2011mining,
  title={Mining data streams with concept drifts using genetic algorithm},
  author={Vivekanandan, Periasamy and Nedunchezhian, Raju},
  journal={Artificial Intelligence Review},
  volume={36},
  pages={163--178},
  year={2011},
  publisher={Springer}
}
@inproceedings{vasilescu2014practical,
  title={Practical malware analysis based on sandboxing},
  author={Vasilescu, Mihai and Gheorghe, Laura and Tapus, Nicolae},
  booktitle={2014 RoEduNet Conference 13th Edition: Networking in Education and Research Joint Event RENAM 8th Conference},
  pages={1--6},
  year={2014},
  organization={IEEE}
}

@inproceedings{nair2019covariate,
  title={Covariate shift: A review and analysis on classifiers},
  author={Nair, Nimisha G and Satpathy, Pallavi and Christopher, Jabez and others},
  booktitle={2019 Global Conference for Advancement in Technology (GCAT)},
  pages={1--6},
  year={2019},
  organization={IEEE}
}
@article{tsymbal2004problem,
  title={The problem of concept drift: definitions and related work},
  author={Tsymbal, Alexey},
  journal={Computer Science Department, Trinity College Dublin},
  volume={106},
  number={2},
  pages={58},
  year={2004},
  publisher={Citeseer}
}
@article{suarez2023survey,
  title={A survey on machine learning for recurring concept drifting data streams},
  author={Su{\'a}rez-Cetrulo, Andr{\'e}s L and Quintana, David and Cervantes, Alejandro},
  journal={Expert Systems with Applications},
  volume={213},
  pages={118934},
  year={2023},
  publisher={Elsevier}
}
@misc{cuckoo_wiki,
  title = {Hooked APIs and Categories},
  author = {{Cuckoo Sandbox}},
  howpublished = {\url{https://github.com/cuckoosandbox/cuckoo/wiki/Hooked-APIs-and-Categories}},
  note = {Accessed: 10th Feb, 2024}
}

@article{salton1988term,
  title={Term-weighting approaches in automatic text retrieval},
  author={Salton, Gerard and Buckley, Christopher},
  journal={Information processing \& management},
  volume={24},
  number={5},
  pages={513--523},
  year={1988},
  publisher={Elsevier}
}
@article{jaccard1901distribution,
  title={Distribution de la flore alpine dans le bassin des Dranses et dans quelques r{\'e}gions voisines},
  author={Jaccard, Paul},
  journal={Bull Soc Vaudoise Sci Nat},
  volume={37},
  pages={241--272},
  year={1901}
}
@article{suen1979n,
  title={N-gram statistics for natural language understanding and text processing},
  author={Suen, Ching Y},
  journal={IEEE transactions on pattern analysis and machine intelligence},
  number={2},
  pages={164--172},
  year={1979},
  publisher={IEEE}
}
@article{ucci2019survey,
  title={Survey of machine learning techniques for malware analysis},
  author={Ucci, Daniele and Aniello, Leonardo and Baldoni, Roberto},
  journal={Computers \& Security},
  volume={81},
  pages={123--147},
  year={2019},
  publisher={Elsevier}
}
@article{singh2018challenge,
  title={Challenge of malware analysis: malware obfuscation techniques},
  author={Singh, Jagsir and Singh, Jaswinder},
  journal={International Journal of Information Security Science},
  volume={7},
  number={3},
  pages={100--110},
  year={2018},
  publisher={{\c{S}}eref SA{\u{G}}IRO{\u{G}}LU}
}
@article{gandotra2014malware,
  title={Malware analysis and classification: A survey},
  author={Gandotra, Ekta and Bansal, Divya and Sofat, Sanjeev},
  journal={Journal of Information Security},
  volume={2014},
  year={2014},
  publisher={Scientific Research Publishing}
}
@article{fernando2024fesad,
  title={FeSAD ransomware detection framework with machine learning using adaption to concept drift},
  author={Fernando, Damien Warren and Komninos, Nikos},
  journal={Computers \& Security},
  volume={137},
  pages={103629},
  year={2024},
  publisher={Elsevier}
}
@article{garcia2023effectiveness,
  title={An effectiveness analysis of transfer learning for the concept drift problem in malware detection},
  author={Garc{\'\i}a, David Escudero and DeCastro-Garc{\'\i}a, Noem{\'\i} and Casta{\~n}eda, Angel Luis Mu{\~n}oz},
  journal={Expert Systems with Applications},
  volume={212},
  pages={118724},
  year={2023},
  publisher={Elsevier}
}
@inproceedings{han2012parameter,
  title={Parameter selection in SVM with RBF kernel function},
  author={Han, Shunjie and Qubo, Cao and Meng, Han},
  booktitle={World Automation Congress 2012},
  pages={1--4},
  year={2012},
  organization={IEEE}
}
@article{bayes1968naive,
  title={Naive bayes classifier},
  author={Bayes, Thomas},
  journal={Article Sources and Contributors},
  pages={1--9},
  year={1968}
}
@article{zhang2023malware,
  title={A malware detection approach based on deep learning and memory forensics},
  author={Zhang, Shuhui and Hu, Changdong and Wang, Lianhai and Mihaljevic, Miodrag J and Xu, Shujiang and Lan, Tian},
  journal={Symmetry},
  volume={15},
  number={3},
  pages={758},
  year={2023},
  publisher={MDPI}
}
@inproceedings{singh2022static,
  title={Static Malware Analysis Using Machine and Deep Learning},
  author={Singh, Himanshu Kumar and Singh, Jyoti Prakash and Tewari, Anand Shanker},
  booktitle={Proceedings of International Conference on Computing and Communication Networks: ICCCN 2021},
  pages={437--446},
  year={2022},
  organization={Springer}
}
@inproceedings{daeef2023lightweight,
  title={Lightweight and Robust Malware Detection Using Dictionaries of API Calls},
  author={Daeef, Ammar Yahya and Al-Naji, Ali and Chahl, Javaan},
  booktitle={Telecom},
  volume={4},
  number={4},
  pages={746--757},
  year={2023},
  organization={MDPI}
}
@article{mimura2022applying,
  title={Applying NLP techniques to malware detection in a practical environment},
  author={Mimura, Mamoru and Ito, Ryo},
  journal={International Journal of Information Security},
  volume={21},
  number={2},
  pages={279--291},
  year={2022},
  publisher={Springer}
}

@incollection{omar2022new,
  title={New Approach to Malware Detection Using Optimized Convolutional Neural Network},
  author={Omar, Marwan},
  booktitle={Machine Learning for Cybersecurity: Innovative Deep Learning Solutions},
  pages={13--35},
  year={2022},
  publisher={Springer}
}
@article{prajapati2021empirical,
  title={An empirical analysis of image-based learning techniques for malware classification},
  author={Prajapati, Pratikkumar and Stamp, Mark},
  journal={Malware analysis using artificial intelligence and deep learning},
  pages={411--435},
  year={2021},
  publisher={Springer}
}
@article{mehta2024natural,
  title={A natural language processing approach to Malware classification},
  author={Mehta, Ritik and Jure{\v{c}}kov{\'a}, Olha and Stamp, Mark},
  journal={Journal of Computer Virology and Hacking Techniques},
  volume={20},
  number={1},
  pages={173--184},
  year={2024},
  publisher={Springer}
}
@ARTICLE{lu2018learning,
  title={Learning under concept drift: A review},
  author={Lu, Jie and Liu, Anjin and Dong, Fan and Gu, Feng and Gama, Joao and Zhang, Guangquan},
  journal={IEEE transactions on knowledge and data engineering},
  volume={31},
  number={12},
  pages={2346--2363},
  year={2018},
  publisher={IEEE}
}
@ARTICLE{li2022dmalnet,
  title={DMalNet: Dynamic malware analysis based on API feature engineering and graph learning},
  author={Li, Ce and Cheng, Zijun and Zhu, He and Wang, Leiqi and Lv, Qiujian and Wang, Yan and Li, Ning and Sun, Degang},
  journal={Computers \& Security},
  volume={122},
  pages={102872},
  year={2022},
  publisher={Elsevier}
}
@ARTICLE{jameel2020critical,
  title={A critical review on adverse effects of concept drift over machine learning classification models},
  author={Jameel, Syed Muslim and Hashmani, Manzoor Ahmed and Alhussain, Hitham and Rehman, Mobashar and Budiman, Arif},
  journal={International Journal of Advanced Computer Science and Applications},
  volume={11},
  number={1},
  year={2020},
  publisher={Science and Information (SAI) Organization Limited}
}
Ask AI to edit or generate...


@ARTICLE{farid2013adaptive,
  title={An adaptive ensemble classifier for mining concept drifting data streams},
  author={Farid, Dewan Md and Zhang, Li and Hossain, Alamgir and Rahman, Chowdhury Mofizur and Strachan, Rebecca and Sexton, Graham and Dahal, Keshav},
  journal={Expert Systems with Applications},
  volume={40},
  number={15},
  pages={5895--5906},
  year={2013},
  publisher={Elsevier}
}
@ARTICLE{hashmani2020concept,
  title={Concept drift evolution in machine learning approaches: a systematic literature review},
  author={Hashmani, Manzoor Ahmed and Jameel, Syed Muslim and Rehman, Mobashar and Inoue, Atsushi},
  journal={International Journal on Smart Sensing and Intelligent Systems},
  volume={13},
  number={1},
  pages={1--16},
  year={2020}
}

@inproceedings{cui2023api2vec,
  title={API2Vec: Learning Representations of API Sequences for Malware Detection},
  author={Cui, Lei and Cui, Jiancong and Ji, Yuede and Hao, Zhiyu and Li, Lun and Ding, Zhenquan},
  booktitle={Proceedings of the 32nd ACM SIGSOFT International Symposium on Software Testing and Analysis},
  pages={261--273},
  year={2023}
}
@ARTICLE{zhang2023dynamic,
  title={Dynamic Malware Analysis Based on API Sequence Semantic Fusion},
  author={Zhang, Sanfeng and Wu, Jiahao and Zhang, Mengzhe and Yang, Wang},
  journal={Applied Sciences},
  volume={13},
  number={11},
  pages={6526},
  year={2023},
  publisher={MDPI}
}


@ARTICLE{gopinath2023comprehensive,
  title={A comprehensive survey on deep learning based malware detection techniques},
  author={Gopinath, M and Sethuraman, Sibi Chakkaravarthy},
  journal={Computer Science Review},
  volume={47},
  pages={100529},
  year={2023},
  publisher={Elsevier}
}

@ARTICLE{keshavarzi2023ontology,
  title={An ontology-driven framework for knowledge representation of digital extortion attacks},
  author={Keshavarzi, Masoudeh and Ghaffary, Hamid Reza},
  journal={Computers in Human Behavior},
  volume={139},
  pages={107520},
  year={2023},
  publisher={Elsevier}
}

@ARTICLE{shaukat2023novel,
  title={A novel deep learning-based approach for malware detection},
  author={Shaukat, Kamran and Luo, Suhuai and Varadharajan, Vijay},
  journal={Engineering Applications of Artificial Intelligence},
  volume={122},
  pages={106030},
  year={2023},
  publisher={Elsevier}
}
@inproceedings{chen2023overkill,
  title={Is It Overkill? Analyzing Feature-Space Concept Drift in Malware Detectors},
  author={Chen, Zhi and Zhang, Zhenning and Kan, Zeliang and Yang, Limin and Cortellazzi, Jacopo and Pendlebury, Feargus and Pierazzi, Fabio and Cavallaro, Lorenzo and Wang, Gang},
  booktitle={2023 IEEE Deep Learning Security and Privacy Workshop (DLSP). IEEE},
  year={2023}
}
@ARTICLE{ceschin2023fast,
  title={Fast \& Furious: On the modelling of malware detection as an evolving data stream},
  author={Ceschin, Fabr{\'\i}cio and Botacin, Marcus and Gomes, Heitor Murilo and Pinag{\'e}, Felipe and Oliveira, Luiz S and Gr{\'e}gio, Andr{\'e}},
  journal={Expert Systems with Applications},
  volume={212},
  pages={118590},
  year={2023},
  publisher={Elsevier}
}
@ARTICLE{mikolov2013efficient,
  title={Efficient estimation of word representations in vector space},
  author={Mikolov, Tomas and Chen, Kai and Corrado, Greg and Dean, Jeffrey},
  journal={arXiv preprint arXiv:1301.3781},
  year={2013}
}
@article{dabas2023effective,
  title={An effective malware detection method using hybrid feature selection and machine learning algorithms},
  author={Dabas, Namita and Ahlawat, Prachi and Sharma, Prabha},
  journal={Arabian Journal for Science and Engineering},
  volume={48},
  number={8},
  pages={9749--9767},
  year={2023},
  publisher={Springer}
}
@article{dabas2023malanalyser,
  title={MalAnalyser: An effective and efficient Windows malware detection method based on API call sequences},
  author={Dabas, Namita and Sharma, Prabha},
  journal={Expert Systems with Applications},
  volume={230},
  pages={120756},
  year={2023},
  publisher={Elsevier}
}
@inproceedings{sharma2022windows,
  title={Windows Malware Detection using Machine Learning and TF-IDF Enriched API Calls Information},
  author={Sharma and Prabha },
  booktitle={2022 Second International Conference on Computer Science, Engineering and Applications (ICCSEA)},
  pages={1--6},
  year={2022},
  organization={IEEE}
}
@misc{cuckoo_wiki,
  title = {Hooked APIs and Categories},
  author = {{Cuckoo Sandbox}},
  howpublished = {\url{https://github.com/cuckoosandbox/cuckoo/wiki/Hooked-APIs-and-Categories}},
  note = {Accessed: 10th Feb, 2024}
}
@misc{cuckoo_repo,
  title = {Cuckoo Sandbox},
  author = {},
  howpublished = {\url{https://github.com/cuckoosandbox/cuckoo}},
  note = {Accessed: 10th Feb, 2024}
}
@misc{virusshare,
  title = {VirusShare},
  author = {},
  howpublished = {\url{https://virusshare.com/}},
  note = {Accessed: 10th Feb, 2024}
}
@misc{virustotal,
  title = {VirusTotal},
  author = {},
  howpublished = {\url{https://www.virustotal.com/gui/home/upload}},
  note = {Accessed: 10th Feb, 2024}
}
@article{holland1992genetic,
  title={Genetic algorithms},
  author={Holland, John H},
  journal={Scientific american},
  volume={267},
  number={1},
  pages={66--73},
  year={1992},
  publisher={JSTOR}
}
@article{cortes1995support,
  title={Support-vector networks},
  author={Cortes, Corinna and Vapnik, Vladimir},
  journal={Machine learning},
  volume={20},
  number={3},
  pages={273--297},
  year={1995},
  publisher={Springer}
}
@article{altman1992introduction,
  title={An introduction to kernel and nearest-neighbor nonparametric regression},
  author={Altman, Naomi S},
  journal={The American Statistician},
  volume={46},
  number={3},
  pages={175--185},
  year={1992},
  publisher={Taylor \& Francis}
}

@article{DBLP:journals/corr/ChenG16,
  author       = {Tianqi Chen and
                  Carlos Guestrin},
  title        = {XGBoost: {A} Scalable Tree Boosting System},
  journal      = {CoRR},
  volume       = {abs/1603.02754},
  year         = {2016},
  url          = {http://arxiv.org/abs/1603.02754},
  eprinttype    = {arXiv},
  eprint       = {1603.02754},
  timestamp    = {Sat, 17 Dec 2022 01:15:28 +0100},
  biburl       = {https://dblp.org/rec/journals/corr/ChenG16.bib},
  bibsource    = {dblp computer science bibliography, https://dblp.org}
}
@article{brownlee2020gradient,
  title={Gradient boosting with scikit-learn, xgboost, lightgbm, and catboost},
  author={Brownlee, Jason},
  journal={Machine Learning Mastery},
  year={2020}
}
@article{breiman2001random,
  title={Random forest, vol. 45},
  author={Breiman, Leo},
  journal={Mach Learn},
  volume={1},
  year={2001}
}
@inproceedings{ashawa2024exploration,
  title={An Exploration of shared code execution for malware analysis},
  author={Ashawa, Moses and Owoh, Nsikak Pius and Riley, Jackie and Osamor, Jude and Hosseinzadeh, Salaheddin},
  booktitle={2024 International Conference on Artificial Intelligence, Computer, Data Sciences and Applications (ACDSA)},
  pages={1--9},
  year={2024},
  organization={IEEE}
}
@inproceedings{khalimov2019container,
  title={Container-based sandboxes for malware analysis: A compromise worth considering},
  author={Khalimov, Ayrat and Benahmed, Sofiane and Hussain, Rasheed and Kazmi, SM Ahsan and Oracevic, Alma and Hussain, Fatima and Ahmad, Farhan and Kerrache, Chaker Abdelaziz},
  booktitle={Proceedings of the 12th IEEE/ACM International Conference on Utility and Cloud Computing},
  pages={219--227},
  year={2019}
}
@inproceedings{jamalpur2018dynamic,
  title={Dynamic malware analysis using cuckoo sandbox},
  author={Jamalpur, Sainadh and Navya, Yamini Sai and Raja, Perla and Tagore, Gampala and Rao, G Rama Koteswara},
  booktitle={2018 Second international conference on inventive communication and computational technologies (ICICCT)},
  pages={1056--1060},
  year={2018},
  organization={IEEE}
}
\@INPROCEEDINGS{6955304,
  author={Vasilescu, Mihai and Gheorghe, Laura and Tapus, Nicolae},
  booktitle={2014 RoEduNet Conference 13th Edition: Networking in Education and Research Joint Event RENAM 8th Conference}, 
  title={Practical malware analysis based on sandboxing}, 
  year={2014},
  volume={},
  number={},
  pages={1-6},
  keywords={Malware;Firewalls (computing);Servers;Manuals;Operating systems;IP networks;malware;network security;sandbox;malware analysis},
  doi={10.1109/RoEduNet-RENAM.2014.6955304}}

@Inbook{Kang2011,
author="Kang, Brent Byung Hoon
and Srivastava, Anurag",
editor="van Tilborg, Henk C. A.
and Jajodia, Sushil",
title="Dynamic Malware Analysis",
bookTitle="Encyclopedia of Cryptography and Security",
year="2011",
publisher="Springer US",
address="Boston, MA",
pages="367--368",
isbn="978-1-4419-5906-5",
doi="10.1007/978-1-4419-5906-5_846",
url="https://doi.org/10.1007/978-1-4419-5906-5_846"
}


@article{kaur2016complete,
  title={A complete dynamic malware analysis},
  author={Kaur, Navroop and Bindal, Amit Kumar and PhD, A},
  journal={International Journal of Computer Applications},
  volume={135},
  number={4},
  pages={20--25},
  year={2016},
  publisher={Foundation of Computer Science}
}
@article{jerlin2018new,
  title={A new malware detection system using machine learning techniques for API call sequences},
  author={Jerlin, M Asha and Marimuthu, K},
  journal={Journal of Applied Security Research},
  volume={13},
  number={1},
  pages={45--62},
  year={2018},
  publisher={Taylor \& Francis}
}
@inproceedings{lee2019android,
  title={Android malware similarity clustering using method based opcode sequence and jaccard index},
  author={Lee, Shinho and Jung, Wookhyun and Kim, Sangwon and Kim, Eui Tak},
  booktitle={2019 International Conference on Information and Communication Technology Convergence (ICTC)},
  pages={178--183},
  year={2019},
  organization={IEEE}
}
@INPROCEEDINGS{8005908,
  author={Fuyong, Zhang and Tiezhu, Zhao},
  booktitle={2017 IEEE International Conference on Computational Science and Engineering (CSE) and IEEE International Conference on Embedded and Ubiquitous Computing (EUC)}, 
  title={Malware Detection and Classification Based on N-Grams Attribute Similarity}, 
  year={2017},
  volume={1},
  number={},
  pages={793-796},
  keywords={Malware;Feature extraction;Training;Support vector machines;Security;Training data;Probability;malware detection;attribute similarity;machine learning;unknown malware;static analysis},
  doi={10.1109/CSE-EUC.2017.157}}

@misc{morgan2023,
  author = {Morgan, S.},
  title = {Cybercrime To Cost The World \$10.5 Trillion Annually By 2025},
  year = {2023},
  howpublished = {Available online},
  url = {https://cybersecurityventures.com/wp-content/uploads/2021/01/Cyberwarfare-2021-Report.pdf},
  note = {(accessed on 31 March 2024)}
}
@article{broder1997syntactic,
  title={Syntactic clustering of the web},
  author={Broder, Andrei Z and Glassman, Steven C and Manasse, Mark S and Zweig, Geoffrey},
  journal={Computer networks and ISDN systems},
  volume={29},
  number={8-13},
  pages={1157--1166},
  year={1997},
  publisher={Elsevier}
}
@article{murphy1996finley,
  title={The Finley affair: A signal event in the history of forecast verification},
  author={Murphy, Allan H},
  journal={Weather and forecasting},
  volume={11},
  number={1},
  pages={3--20},
  year={1996}
}
@article{niraj2022performance,
  title={Performance analysis of signature based and behavior based malware detection},
  author={Niraj, Shashi Prakash and Tiwari, Ajit Kumar},
  journal={Research Journal of Engineering Technology and Medical Sciences (ISSN: 2582-6212)},
  volume={5},
  number={04},
  year={2022}
}
@article{sihwail2018survey,
  title={A survey on malware analysis techniques: Static, dynamic, hybrid and memory analysis},
  author={Sihwail, Rami and Omar, Khairuddin and Ariffin, KA Zainol},
  journal={Int. J. Adv. Sci. Eng. Inf. Technol},
  volume={8},
  number={4-2},
  pages={1662--1671},
  year={2018}
}
@inproceedings{dolev2017relationship,
  title={Relationship of Jaccard and edit distance in malware clustering and online identification},
  author={Dolev, Shlomi and Ghanayim, Mohammad and Binun, Alexander and Frenkel, Sergey and Sun, Yeali S},
  booktitle={2017 IEEE 16th International Symposium on Network Computing and Applications (NCA)},
  pages={1--5},
  year={2017},
  organization={IEEE}
}
@inproceedings{blokhin2013malware,
  title={Malware similarity identification using call graph based system call subsequence features},
  author={Blokhin, Kristina and Saxe, Josh and Mentis, David},
  booktitle={2013 IEEE 33rd International Conference on Distributed Computing Systems Workshops},
  pages={6--10},
  year={2013},
  organization={IEEE}
}
@inproceedings{moskovitch2008unknown,
  title={Unknown malcode detection via text categorization and the imbalance problem},
  author={Moskovitch, Robert and Stopel, Dima and Feher, Clint and Nissim, Nir and Elovici, Yuval},
  booktitle={2008 IEEE international conference on intelligence and security informatics},
  pages={156--161},
  year={2008},
  organization={IEEE}
}
@article{jaccard1901etude,
  title={{\'E}tude comparative de la distribution florale dans une portion des Alpes et des Jura},
  author={Jaccard, Paul},
  journal={Bull Soc Vaudoise Sci Nat},
  volume={37},
  pages={547--579},
  year={1901}
}

@article{aman2014framework,
  title={A framework for analysis and comparison of dynamic malware analysis tools},
  author={Aman, Waqas},
  journal={arXiv preprint arXiv:1410.2131},
  year={2014}
}
@article{raff2020survey,
  title={A survey of machine learning methods and challenges for windows malware classification},
  author={Raff, Edward and Nicholas, Charles},
  journal={arXiv preprint arXiv:2006.09271},
  year={2020}
}

@inproceedings{lavarnway1988introduction,
  title={An introduction to CART: Classification and regression trees},
  author={LaVarnway, Gerard T},
  booktitle={Computer Science and Statistics: Proceedings of the 20th Symposium on the Interface. Alexandria, VA: American Statistical Association},
  pages={298--301},
  year={1988}
}
@article{bergeron2001static,
  title={Static detection of malicious code in executable programs},
  author={Bergeron, Jean and Debbabi, Mourad and Desharnais, Jules and Erhioui, Mourad M and Lavoie, Yvan and Tawbi, Nadia and others},
  journal={Int. J. of Req. Eng},
  volume={2001},
  number={184-189},
  pages={79},
  year={2001}
}
@inproceedings{bazrafshan2013survey,
  title={A survey on heuristic malware detection techniques},
  author={Bazrafshan, Zahra and Hashemi, Hashem and Fard, Seyed Mehdi Hazrati and Hamzeh, Ali},
  booktitle={The 5th Conference on Information and Knowledge Technology},
  pages={113--120},
  year={2013},
  organization={IEEE}
}
@article{alrzini2020review,
  title={A review of polymorphic malware detection techniques},
  author={Alrzini, Joma Rajab Salim and Pennington, Diane},
  journal={International Journal of Advanced Research in Engineering and Technology},
  volume={11},
  number={12},
  pages={1238--1247},
  year={2020}
}
@article{van2008visualizing,
  title={Visualizing data using t-SNE.},
  author={Van der Maaten, Laurens and Hinton, Geoffrey},
  journal={Journal of machine learning research},
  volume={9},
  number={11},
  year={2008}
}
@incollection{labrin2020principal,
  title={Principal component analysis},
  author={Labr{\'\i}n, Caterina and Urdinez, Francisco},
  booktitle={R for political data science},
  pages={375--393},
  year={2020},
  publisher={Chapman and Hall/CRC}
}
@article{han2019maldae,
  title={MalDAE: Detecting and explaining malware based on correlation and fusion of static and dynamic characteristics},
  author={Han, Weijie and Xue, Jingfeng and Wang, Yong and Huang, Lu and Kong, Zixiao and Mao, Limin},
  journal={computers \& security},
  volume={83},
  pages={208--233},
  year={2019},
  publisher={Elsevier}
}
@article{ye2009sbmds,
  title={SBMDS: an interpretable string based malware detection system using SVM ensemble with bagging},
  author={Ye, Yanfang and Chen, Lifei and Wang, Dingding and Li, Tao and Jiang, Qingshan and Zhao, Min},
  journal={Journal in computer virology},
  volume={5},
  pages={283--293},
  year={2009},
  publisher={Springer}
}
@article{ravi2012malware,
  title={Malware detection using windows api sequence and machine learning},
  author={Ravi, Chandrasekar and Manoharan, R},
  journal={International Journal of Computer Applications},
  volume={43},
  number={17},
  pages={12--16},
  year={2012},
  publisher={Citeseer}
}
@article{nakazato2011novel,
  title={A novel malware clustering method using frequency of function call traces in parallel threads},
  author={Nakazato, Junji and Song, Jungsuk and Eto, Masashi and Inoue, Daisuke and Nakao, Koji},
  journal={IEICE transactions on information and systems},
  volume={94},
  number={11},
  pages={2150--2158},
  year={2011},
  publisher={The Institute of Electronics, Information and Communication Engineers}
}
@article{kishore2023efficient,
  title={An efficient two-stage pipeline model with filtering algorithm for mislabeled malware detection},
  author={Kishore, Pushkar and Barisal, Swadhin Kumar and Mohapatra, Durga Prasad and Mall, Rajib},
  journal={Computers \& Security},
  volume={135},
  pages={103499},
  year={2023},
  publisher={Elsevier}
}
@article{or2019dynamic,
  title={Dynamic malware analysis in the modern era—A state of the art survey},
  author={Or-Meir, Ori and Nissim, Nir and Elovici, Yuval and Rokach, Lior},
  journal={ACM Computing Surveys (CSUR)},
  volume={52},
  number={5},
  pages={1--48},
  year={2019},
  publisher={ACM New York, NY, USA}
}