@misc{gu2024humanoidgym,
      title={Humanoid-Gym: Reinforcement Learning for Humanoid Robot with Zero-Shot Sim2Real Transfer}, 
      author={Xinyang Gu and Yen-Jen Wang and Jianyu Chen},
      year={2024},
      eprint={2404.05695},
      archivePrefix={arXiv},
      primaryClass={cs.RO}
}

@article{ho2016generative,
  title={Generative adversarial imitation learning},
  author={Ho, Jonathan and Ermon, Stefano},
  journal={Advances in neural information processing systems},
  volume={29},
  year={2016}
}

@article{hwangbo2019learning,
  title={Learning agile and dynamic motor skills for legged robots},
  author={Hwangbo, Jemin and Lee, Joonho and Dosovitskiy, Alexey and Bellicoso, Dario and Tsounis, Vassilios and Koltun, Vladlen and Hutter, Marco},
  journal={Science Robotics},
  volume={4},
  number={26},
  pages={eaau5872},
  year={2019},
  publisher={American Association for the Advancement of Science}
}

@misc{li2024reinforcement,
      title={Reinforcement Learning for Versatile, Dynamic, and Robust Bipedal Locomotion Control}, 
      author={Zhongyu Li and Xue Bin Peng and Pieter Abbeel and Sergey Levine and Glen Berseth and Koushil Sreenath},
      year={2024},
      eprint={2401.16889},
      archivePrefix={arXiv},
      primaryClass={cs.RO}
}

%{双足Digit rl走路}

@article{miki2022learning,
  title={Learning robust perceptive locomotion for quadrupedal robots in the wild},
  author={Miki, Takahiro and Lee, Joonho and Hwangbo, Jemin and Wellhausen, Lorenz and Koltun, Vladlen and Hutter, Marco},
  journal={Science Robotics},
  volume={7},
  number={62},
  pages={eabk2822},
  year={2022},
  publisher={American Association for the Advancement of Science}
}

@misc{nahrendra2023dreamwaq,
      title={DreamWaQ: Learning Robust Quadrupedal Locomotion With Implicit Terrain Imagination via Deep Reinforcement Learning}, 
      author={I Made Aswin Nahrendra and Byeongho Yu and Hyun Myung},
      year={2023},
      eprint={2301.10602},
      archivePrefix={arXiv},
      primaryClass={cs.RO}
}

@misc{rudin2022learning,
      title={Learning to Walk in Minutes Using Massively Parallel Deep Reinforcement Learning}, 
      author={Nikita Rudin and David Hoeller and Philipp Reist and Marco Hutter},
      year={2022},
      eprint={2109.11978},
      archivePrefix={arXiv},
      primaryClass={cs.RO}
}

@misc{tang2024humanmimic,
      title={HumanMimic: Learning Natural Locomotion and Transitions for Humanoid Robot via Wasserstein Adversarial Imitation}, 
      author={Annan Tang and Takuma Hiraoka and Naoki Hiraoka and Fan Shi and Kento Kawaharazuka and Kunio Kojima and Kei Okada and Masayuki Inaba},
      year={2024},
      eprint={2309.14225},
      archivePrefix={arXiv},
      primaryClass={cs.RO}
}

@article{wu2023learning,
  title={Learning robust and agile legged locomotion using adversarial motion priors},
  author={Wu, Jinze and Xin, Guiyang and Qi, Chenkun and Xue, Yufei},
  journal={IEEE Robotics and Automation Letters},
  year={2023},
  publisher={IEEE}
}

@article{zhang2024whole,
  title={Whole-body Humanoid Robot Locomotion with Human Reference},
  author={Zhang, Qiang and Cui, Peter and Yan, David and Sun, Jingkai and Duan, Yiqun and Zhang, Arthur and Xu, Renjing},
  journal={arXiv preprint arXiv:2402.18294},
  year={2024}
}

