@article{westphal2019simultaneous,
  title={{Simultaneous Inference for Multiple Proportions: A Multivariate Beta-Binomial Model}},
  author={Westphal, Max},
  journal={arXiv preprint arXiv:1911.00098},
  year={2019}
}

@article{chen1999beta,
  title={{Beta Kernel Estimators for Density Functions}},
  author={Chen, Song Xi},
  journal={Computational Statistics \& Data Analysis},
  volume={31},
  number={2},
  pages={131--145},
  year={1999},
  publisher={Elsevier}
}

@article{sklar1959fonctions,
  title={Fonctions de r{\'e}partition {\`a} n dimensions et leurs marges},
  author={Sklar, M},
  journal={Annales de l'ISUP},
  volume={8},
  number={3},
  pages={229--231},
  year={1959}
}