@article{diebold2014course,
  title={Course allocation via stable matching},
  author={Diebold, Franz and Aziz, Haris and Bichler, Martin and Matthes, Florian and Schneider, Alexander},
  journal={Business \& Information Systems Engineering},
  volume={6},
  pages={97--110},
  year={2014},
  publisher={Springer}
}

@inproceedings{kominers2010course,
  title={Course allocation by proxy auction},
  author={Kominers, Scott Duke and Ruberry, Mike and Ullman, Jonathan},
  booktitle=proc # {6th} # wine,
  pages={551--558},
  year={2010}
}

@article{beyhaghi2024pandora, 
    author = {Beyhaghi, Hedyeh and Cai, Linda}, 
    title = {Recent Developments in Pandora's Box Problem: Variants and Applications}, year = {2024}, 
    volume = {21}, 
    number = {1}, 
    journal = {{SIGecom} Exchanges}, 
    month = oct, 
    pages = {20–34}
}

@inproceedings{singla2018priceinformation, 
author = {Singla, Sahil}, 
title = {The price of information in combinatorial optimization}, 
year = {2018},   
booktitle = proc # {29th} # soda, 
pages = {2523--2532}}


  




@article{bei2021price,
  title={The price of fairness for indivisible goods},
  author={Bei, Xiaohui and Lu, Xinhang and Manurangsi, Pasin and Suksompong, Warut},
  journal={Theory of Computing Systems},
  volume={65},
  pages={1069--1093},
  year={2021},
  publisher={Springer}
}

@inproceedings{biswas2024fair,
  title={Fair Allocation of Conflicting Courses under Additive Utilities},
  author={Biswas, Arpita and Ke, Yiduo and Khuller, Samir and Liu, Quanquan C},
  booktitle=proc # {22nd} # aamas,
  pages={2162--2164},
  year={2024}
}

@article{biswas2023algorithmic,
  title={An Algorithmic Approach to Address Course Enrollment Challenges},
  author={Biswas, Arpita and Ke, Yiduo and Khuller, Samir and Liu, Quanquan C},
  journal={arXiv preprint arXiv:2304.07982},
  year={2023}
}

@inproceedings{shoshan2023efficient,
  title={Efficient nearly-fair division with capacity constraints},
  author={Shoshan, Hila and Segal-Halevi, Erel and Hazon, Noam},
  booktitle=proc # {22nd} # aamas,
  year={2023},
  pages = {206--214}
}

@article{qu2019distributed,
  title={Distributed greedy algorithm for multi-agent task assignment problem with submodular utility functions},
  author={Qu, Guannan and Brown, Dave and Li, Na},
  journal={Automatica},
  volume={105},
  pages={206--215},
  year={2019},
  publisher={Elsevier}
}

@article{streeter2008online,
  title={An online algorithm for maximizing submodular functions},
  author={Streeter, Matthew and Golovin, Daniel},
  journal={Advances in Neural Information Processing Systems},
  volume={21},
  year={2008}
}

#Division with conflict
@article{chiarelli2023fair,
  title={Fair allocation of indivisible items with conflict graphs},
  author={Chiarelli, Nina and Krnc, Matja{\v{z}} and Milani{\v{c}}, Martin and Pferschy, Ulrich and Piva{\v{c}}, Nevena and Schauer, Joachim},
  journal={Algorithmica},
  volume={85},
  number={5},
  pages={1459--1489},
  year={2023},
  publisher={Springer}
}


@article{bezakova2005allocating,
  title={Allocating indivisible goods},
  author={Bez{\'a}kov{\'a}, Ivona and Dani, Varsha},
  journal={ACM SIGecom Exchanges},
  volume={5},
  number={3},
  pages={11--18},
  year={2005},
  publisher={ACM New York, NY, USA}
}

@article{wilk2019ai-ethics-teaching,
	author    = {Asher Wilk},
	title     = {Teaching {AI}, Ethics, Law and Policy},
	journal   = {CoRR},
	volume    = {abs/1904.12470},
	year      = {2019},
	archivePrefix = {arXiv},
	eprint    = {1904.12470}
}

@article{caliskan2017bias,
	author = {Aylin Caliskan and Joanna J. Bryson and Arvind Narayanan},
	title = {Semantics derived automatically from language corpora contain human-like biases},
	journal = {Science },
	year = {2017},
	month = apr,
	volume = {356},
	issue = {6334}, 
	pages = {183--186}
}

@article{aziz2022matchinguncertainty,
title = {Stable matching with uncertain pairwise preferences},
journal = {Theoretical Computer Science},
volume = {909},
pages = {1--11},
year = {2022},
author = {Haris Aziz and Péter Biró and Tamás Fleiner and Serge Gaspers and Ronald {de Haan} and Nicholas Mattei and Baharak Rastegari}
}

@techreport{ostp2022aibillofrights,
    author ={{Office of Science and Technology Policy}},
    institution = {The White House},
    year = {2022},
    month = {October},
    title = {BLUEPRINT FOR AN {AI} BILL OF RIGHTS: MAKING AUTOMATED SYSTEMS WORK FOR THE AMERICAN PEOPLE}
}

@techreport{nist2023aisafety,
    title ={Artificial Intelligence Risk Management Framework ({AI RMF} 1.0)},
    year ={2023},
    author = {{National Institute of Standards and Technology (NIST)}},
    institution ={{US} Department of Commerce}
}

@article{ntia2023policy,
    author = {{Department of Commerce: National Telecommunications and Information Administration}},
    year = {2023},
    month = {April},
    title = {{AI} Accountability Policy Request for Comment},
    journal ={Federal Register},
    volume = {88}, 
    number ={71},
    pages ={22433--22441}
}

@inproceedings{aleksandrov2015foodbank,
booktitle = proc # {24th} # ijcai,
year = {2015},
title = {Online Fair Division: Analysing a Food Bank Problem},
author = {Martin Aleksandrov and Haris Aziz and Serge Gaspers and Toby Walsh},
pages = {2540--2546}
}

@inproceedings{zeng2020dynamicfairdivision, 
    author = {Zeng, David and Psomas, Alexandros}, 
    title = {Fairness-Efficiency Tradeoffs in Dynamic Fair Division}, 
    year = {2020}, 
    booktitle = proc # {21st} # ec, 
    pages = {911--912}, 
}

@incollection{krause2014submodular, 
    place={Cambridge}, 
    title={Submodular Function Maximization}, 
    booktitle={Tractability: Practical Approaches to Hard Problems}, 
    publisher={Cambridge University Press}, 
    author={Krause, Andreas and Golovin, Daniel}, 
    editor={Bordeaux, Lucas and Hamadi, Youssef and Kohli, Pushmeet}, 
    year={2014}, 
    pages={71--104}
    }
    
    
@inproceedings{ghodsi2011dominant,
title = {Dominant Resource Fairness: Fair Allocation of Multiple Resource Types},
author = {Ali Ghodsi and Matei Zaharia and Benjamin Hindman and Andy Konwinski and Scott Shenker and Ion Stoica},
year = {2011},
booktitle = proc # {8th} # nsdi
}

@book{brams1996fairdivision,
author = {Steven J. Brams and Alan D. Taylor},
title = {Fair Division: From Cake Cutting to Dispute Resolution},
year = {1996},
publisher = {Cambridge University Press}
}

@inproceedings{aziz2018stability,
  title={Stability and pareto optimality in refugee allocation matchings},
  author={Aziz, Haris and Chen, Jiayin and Gaspers, Serge and Sun, Zhaohong},
  booktitle=proc # {17th} # aamas,
  pages={964--972},
  year={2018}
}
@article{ahani2021refugee,
author ={Narges Ahani and Tommy Andersson and Alessandro Martinello and Alexander Teytelboym and Andrew C. Trapp},
year ={2021},
title ={Placement Optimization in Refugee Resettlement},
journal ={Operations Research},
volume = {69},
number ={5},
pages = {1468--1486}

}

    
@inproceedings{ghodsi2018submod, 
    author = {Ghodsi, Mohammad and Hajiaghayi, Mohammadtaghi and Seddighin, Masoud and Seddighin, Saeed and Yami, Hadi}, 
    title = {Fair Allocation of Indivisible Goods: Improvements and Generalizations}, year = {2018}, 
    booktitle = proc # {19th} # ec, 
    pages = {539--556}
    }


@inproceedings{dror2021matroid,
    author = {Amitay Dror and Michal Feldman and Erel Segal-Halevi},
    year = {2021},
    title = {On Fair Division under Heterogeneous Matroid Constraints},
    booktitle = proc # {35th} # aaai,
    pages = {5312--5320}
}

@misc{acs13,
		title = {American Community Survey ({ACS})},
		year ={2013},
		howpublished = {\url{http://www.census.gov/programs-surveys/acs/}},
		author = {U.S. Census Bureau}
}

@article{burton2017ai-ethics, 
	title={Ethical Considerations in Artificial Intelligence Courses}, 
	volume={38}, 
	number={2}, 
	journal={{AI} Magazine}, 
	author={Burton, Emanuelle and Goldsmith, Judy and Koenig, Sven and Kuipers, Benjamin and Mattei, Nicholas and Walsh, Toby}, 
	year={2017}, 
	month=7, 
	pages={22--34} 
}

@article{burton2018teach-ai-ethics,
	author = {Emanuelle Burton and Judy Goldsmith and Nicholas Mattei},
	title = {How to Teach {AI} Ethics Through Science Fiction},
	year = {2018},
	journal = {Communications of the {ACM}},
	volume = {61},
	number = {8},
	pages = {54--64}
}



@inproceedings{schumann2020hiring,
author ={Candice Schumann and Jeffrey S. Foster and Nicholas Mattei and John P. Dickerson},
title = {We Need Fairness and Explainability in Algorithmic Hiring},
year = {2020},
booktitle = proc # {19th} # aamas,
pages = {1716--1720}
}

@inproceedings{schumann2019diverse,
	author = {Schumann, Candice and Counts, Samsara N. and Foster, Jeffrey S. and Dickerson, John P.},
	title = {The Diverse Cohort Selection Problem},
	year = {2019},
	booktitle = proc # {18th} # aamas,
	pages = {601–-609}
}

@inproceedings{ahmed2017diverse,
	title={Diverse Weighted Bipartite $b$-Matching},
	author={Ahmed, Faez and Dickerson, John P. and Fuge, Mark},
	booktitle=proc # {26th} # ijcai,
	pages={35--41},
	year={2017}
}

@inproceedings{bredereck2018multiwinner,
	title={Multiwinner Elections with Diversity Constraints},
	author={Bredereck, Robert and Faliszewski, Piotr and Igarashi, Ayumi and Lackner, Martin and Skowron, Piotr},
	booktitle=proc # {32nd} # aaai,
	year={2018},
    pages = {933--940}
}



@inproceedings{tsang2019influence,
author = {Alan Tsang and Bryan Wilder and Eric Rice and Milind Tambe and Yair Zick},
title = {Group Fairness in Influence Maximization},
year = {2019},
booktitle = proc # {28th} # ijcai,
pages = {5997--6005}
}

@inproceedings{benabbou2019group,
author = {Nawal Benabbou and Mithun Chakraborty and Edith Elkind and Yair Zick},
title = {Fairness Towards Groups of Agents in the Allocation of Indivisible Items},
year = {2019},
pages = {95--101},
booktitle = proc # {28th} # ijcai
}

@article{benabbou2021MRF, 
    author = {Benabbou, Nawal and Chakraborty, Mithun and Igarashi, Ayumi and Zick, Yair}, 
    title = {Finding Fair and Efficient Allocations for Matroid Rank Valuations}, 
    year = {2021}, issue_date = {December 2021}, publisher = {Association for Computing Machinery}, 
    volume = {9}, 
    number = {4}, 
    journal = {{ACM} Transactions on Economics and Computation}, 
    month = {oct}, articleno = {21}, numpages = {41} 
    }


@inproceedings{chakraborty2020weightedenvy,
author = {Mithun Chakraborty and Ayumi Igarashi and Warut Suksompong and Yair Zick},
title = {Weighted Envy Freeness in Indivisible Item Allocation},
year = {2020},
booktitle = proc # {19th} # aamas,
pages = {231--239}
}

@article{chakraborty2021WEF-TEAC,
author = {Chakraborty, Mithun and Igarashi, Ayumi and Suksompong, Warut and Zick, Yair}, 
title = {Weighted Envy-Freeness in Indivisible Item Allocation}, 
year = {2021}, 
issue_date = {September 2021}, 
publisher = {Association for Computing Machinery}, 
volume = {9}, 
number = {3}, 
month = {Aug}, 
articleno = {18}, 
numpages = {39},
journal = {{ACM} Transactions on Economics and Computation}
}

@inproceedings{gal2020ttg,
	title ={Threshold Task Games: Theory, Platform and Experiments},
	pages = {393--401},
	author = {Ya'akov Gal and Ta Duy Nguyen and Quang Nhat Tran and Yair Zick},
	year = {2020},
	booktitle = proc # {19th} # aamas
}



@inproceedings{igarashi2019finding,
author ={Ayumi Igarashi and Jakub Sliwinski and Yair Zick},
title ={Statistically Stable Communities with Limited Interaction},
year = {2019},
pages = {2053--2060},
booktitle = proc # {33rd} # aaai
}

@inproceedings{patel2021high,
	title={High Dimensional Model Explanations: an Axiomatic Approach},
	author={Neel Patel and Martin Strobel and Yair Zick},
	year={2021},
	booktitle = proc # {4th} # facct,
	pages = {401--411}
}

@inproceedings{morgenstern2016learning,
	title = 	 {Learning Simple Auctions},
	author = 	 {Jamie Morgenstern and Tim Roughgarden},
	booktitle = proc # {29th} # colt, 
	pages = 	 {1298--1318},
	year = 	 {2016}
}

@inproceedings{morgenstern2015learning,
	title = {On the Pseudo-Dimension of Nearly Optimal Auctions},
	author = {Jamie Morgenstern and Tim Roughgarden},
	booktitle = proc # {28th} # nips,
	pages = {136--144},
	year = {2015}
}

@inproceedings{balcan2018general,
	title={A General Theory of Sample Complexity for Multi-Item Profit Maximization},
	author={Maria F. Balcan and Tuomas Sandholm and Ellen Vitercik},
	booktitle=proc # {19th} # ec,
	pages={173--174},
	year={2018},
}
@inproceedings{balcan2016sample,
	title={Sample Complexity of Automated Mechanism Design},
	author={Maria F. Balcan and Tuomas Sandholm and Ellen Vitercik},
	booktitle=proc # {29th} # nips,
	pages={2083--2091},
	year={2016}
}

@inproceedings{balcan2019incentive, 
	author = {Balcan, Maria F. and Sandholm, Tuomas and Vitercik, Ellen}, 
	title = {Estimating Approximate Incentive Compatibility}, 
	year = {2019}, 
	booktitle = proc # {20th} # ec, 
	pages = {867} 
}



@inproceedings{joseph2016bandits,
author = {Matthew Joseph and Michael Kearns and Jamie H. Morgenstern and Aaron Roth},
title = {Fairness in Learning: Classic and Contextual Bandits},
year = {2016},
pages = {325--333},
booktitle = proc # {30th} # nips
}

@inproceedings{bansal2006santaklaus, 
    author  = {Bansal, Nikhil and Sviridenko, Maxim}, 
    title = {The Santa Claus Problem}, 
    year = {2006}, 
    booktitle = proc # {38th} # stoc, 
    pages = {31--40}
}

@article{farhadi2019wmms,
author = {Farhadi, Alireza and Ghodsi, Mohammad and Hajiaghayi, MohammadTaghi and Lahaie, S\'{e}bastien and Pennock, David and Seddighin, Masoud and Seddighin, Saeed and Yami, Hadi},
title = {Fair Allocation of Indivisible Goods to Asymmetric Agents},
year = {2019},
volume = {64},
number = {1},
journal = {Journal of Artificial Intelligence Research},
pages = {1–20},
}
@inproceedings{babaioff2021wmms,
author = {Babaioff, Moshe and Ezra, Tomer and Feige, Uriel},
title = {Fair-Share Allocations for Agents with Arbitrary Entitlements},
booktitle = proc # {22nd} # ec,
year = {2021},
pages = {127}
}

@inproceedings{babaioff2022fairshare,
author = {Babaioff, Moshe and Feige, Uriel},
title = {Fair Shares: Feasibility, Domination and Incentives},
year = {2022},
booktitle = proc # {23rd} # ec,
pages = {435},
}


@article{patel2020explanation,
	author    = {Neel Patel and Reza Shokri and Yair Zick},
	title     = {Model Explanations with Differential Privacy},
	journal   = {CoRR},
	volume    = {abs/2006.09129},
	year      = {2020},
	archivePrefix = {arXiv}
}


@article{Babaioff2009Auction,
author = {Babaioff, Moshe and Lavi, Ron and Pavlov, Elan},
title = {Single-Value Combinatorial Auctions and Algorithmic Implementation in Undominated Strategies},
year = {2009},
volume = {56},
number = {1},
journal = {Journal of the {ACM}},
articleno = {4},
numpages = {32}
}

@article{Aziz2019Dichotomousexchange,
author = {Aziz, Haris},
title = {Strategyproof Multi-Item Exchange under Single-Minded Dichotomous Preferences},
year = {2019},
volume = {34},
number = {1},
journal = {Autonomous Agents and Multi-Agent Systems},
numpages = {11}
}

@article{Roth2005Dichotomousexchange,
title = {Pairwise kidney exchange},
journal = {Journal of Economic Theory},
volume = {125},
number = {2},
pages = {151-188},
year = {2005},
author = {Alvin E. Roth and Tayfun S{\"o}nmez and M. {Utku {\"U}nver}}
}

@ARTICLE{Mishra2013dichotomousauction,
title = {Implementation in multidimensional dichotomous domains},
author = {Mishra, Debasis and Roy, Souvik},
year = {2013},
journal = {Theoretical Economics},
volume = {8},
number = {2}
}

@inproceedings{elkind2020friends,
	title ={Keeping Your Friends Close: Land Allocation with Friends},
	author ={Edith Elkind and Neel Patel and Alan Tsang and Yair Zick},
	year = {2020},
	booktitle = proc # {29th} # ijcai
}

@techreport{viswanathan2021causalexp,
	title = {Responsible Model Explanation Design via Causal Responsibility},
	year ={2021},
	author = {Vignesh Viswanathan and Yair Zick},
	institution = {University of Massachusetts, Amherst}
}

@inproceedings{viswanathan2023yankeeswap,
    title = {Yankee Swap: a Fast and Simple Fair Allocation Mechanism for Matroid Rank Valuations},
    author = {Vignesh Viswanathan and Yair Zick},
    year = {2023},
    booktitle = proc # {22nd} # aamas,
    pages = {179--187}
}



@inproceedings{janzing2020causality,
	author    = {Dominik Janzing and Lenon Minorics and Patrick Bl{\"{o}}baum},
	title     = {Feature relevance quantification in explainable {AI:} {A} causal problem},
	booktitle = proc # {23rd} # aistats,
	pages     = {2907--2916},
	year      = {2020}
}

@book{moulin2003fairdivision,
    author = {Herv{\'e} Moulin},
    title = {Fair Division and Collective Welfare},
    year = {2003},
    publisher = {{MIT} Press}
}

@inproceedings{singal2021shapflow,
	title = {Flow-based Attribution in Graphical Models: A Recursive Shapley Approach},
	author = {Raghav Singal and George Michailidis and Hoiyi Ng},
	year = {2021},
	booktitle = proc # {38th} # icml
}

@inproceedings{fairstein2023pbrealworld,
title = {Participatory Budgeting Design for the Real World},
author ={Roy Fairstein and Gerdus Benad{\`e} and Kobi Gal},
year = {2023},
booktitle = proc # {37th} # aaai
}

@article{benade2020preferenceelicitation,
    title = {Preference Elicitation for Participatory Budgeting},
    author = {Gerdus Benad{\`e} and Swaprava Nath and Ariel D. Procaccia and Nisarg Shah},
    year = {2020},
    journal = {Management Science},
    volume = {67},
    number = {5},
    pages = {2813--2827}
}

@inproceedings{shokri2019privacy,
	author    = {Reza Shokri and Martin Strobel and Yair Zick},
	title     = {On the Privacy Risks of Model Explanations},
	year      = {2021},
	booktitle = proc # {4th} # aies
}

@inproceedings{jha2020learning,
author = {Tushant Jha and Yair Zick},
title = {A Learning Framework for Distribution Based Game-Theoretic Solution Concepts},
year = {2020},
booktitle = proc # {21st} # ec,
pages = {355--377}
}

@inproceedings{krizhevsky2012imagenet,
	title={Imagenet classification with deep convolutional neural networks},
	author={Krizhevsky, Alex and Sutskever, Ilya and Hinton, Geoffrey E},
	booktitle=proc # {26th} # nips,
	pages={1097--1105},
	year={2012}
}

@inproceedings{cousins2023unknown,
      title={Into the Unknown: Assigning Reviewers to Papers with Uncertain Affinities}, 
      author={Cyrus Cousins and Justin Payan and Yair Zick},
      year={2023},
      booktitle = proc # {16th} # sagt
}

@misc{microsoftExplainabilit2019y,
	title={Automated and Interpretable Machine Learning},
	author={Lazzeri, F},
	year={2019},
	url = {https://medium.com/microsoftazure/automated-and-interpretable-machine-learning-d07975741298/}
}

@misc{googleWhitepaper2019,
    title={{AI} Explainability Whitepaper},
    author={Google LLC},
    year={2019},
    url = {https://storage.googleapis.com/cloud-ai-whitepapers/AI\%20Explainability\%20Whitepaper.pdf}
}

@misc{ibmExplainability360,
    title={Introducing AI Explainability 360},
    author={A Mojsilovic},
    year={2019},
    url = {https://www.ibm.com/blogs/research/2019/08/ai-explainability-360/}
}

@inproceedings{brand2003charting,
  title={Charting a manifold},
  author={Brand, M},
  booktitle=proc # {17th} # nips,
  pages={985--992},
  year={2003}
}

@inproceedings{kaur2020interpreting,
	title={Interpreting Interpretability: Understanding Data Scientists' Use of Interpretability Tools for Machine Learning},
	author={Harmanpeet Kaur and Harsha Nori and Samuel Jenkins and Rich Caruana and Hanna Wallach and Jennifer Wortman Vaughan},
	booktitle=proc # {38th} # chi,
	year={2020}
}

@inproceedings{abdul2020interpret, 
	author = {Abdul, Ashraf and von der Weth, Christian and Kankanhalli, Mohan and Lim, Brian Y.}, 
	title = {{COGAM}: Measuring and Moderating Cognitive Load in Machine Learning Model Explanations}, 
	year = {2020}, 
	booktitle = proc # {38th} # chi
}



@article{banisar2011,
	title={The Right to Information and Privacy: Balancing Rights and Managing Conflicts},
	author={Banisar, D},
	year={2011},
	journal= {World Bank Institute Governance Working Paper},
	url = { https://ssrn.com/abstract=1786473 }
}

@inproceedings{bagdasaryan2019privacyaccuracy,
	title = {Differential Privacy Has Disparate Impact on Model Accuracy},
	author = {Bagdasaryan, Eugene and Poursaeed, Omid and Shmatikov, Vitaly},
	booktitle = proc # {32nd} # neurips,
	pages = {15479--15488},
	year = {2019}
}

.

@inproceedings{slack2020fooling,
  title={Fooling {LIME} and {SHAP}: Adversarial Attacks on Post hoc Explanation Methods},
  author={Dylan Slack and Sophie Hilgard and Emily Jia and Sameer Singh and Himabindu Lakkaraju},
  booktitle=proc # {3rd} # aies,
  pages={180--186},
  year={2020}
}

@inproceedings{sundararajan2019shapley,
    title={The many Shapley values for model explanation},
    author={Mukund Sundararajan and Amir Najmi},
   	year={2020},
    booktitle = proc # {37th} # icml,
    pages = 	 {9269--9278},
    volume = {119}
}


@InProceedings{kumar2020problems,
	title = 	 {Problems with Shapley-value-based explanations as feature importance measures},
	author =       {Kumar, I. Elizabeth and Venkatasubramanian, Suresh and Scheidegger, Carlos and Friedler, Sorelle},
	booktitle = 	 proc # {37th} # icml,
	pages = 	 {5491--5500},
	year = 	 {2020}
}




@inproceedings{song2019privacy,
  title={Privacy risks of securing machine learning models against adversarial examples},
  author={Song, L and Shokri, R and Mittal, P},
  booktitle=proc # {26th} # ccs,
  pages={241--257},
  year={2019}
}


@techreport{nces2023ugradenrollment,
    author = {{National Center for Education Statistics}},
    title ={Undergraduate Enrollment. Condition of Education},
    institution = {{U.S.} Department of Education,  Institute of Education Sciences},
    year = 2023,
    note = {retrieved January 2025}    
}

@techreport{mas2018feat,
	title = {Principles to Promote Fairness, Ethics, Accountability and Transparency ({FEAT}) in the Use of Artificial Intelligence and Data Analytics in Singapore’s Financial Sector},
	year = {2018},
	author = {Hsieh Fu Hua and V. K. Rajah and Teo Swee Lian and Raymond Au and Paul Cobban and Shameek Kundu and Richard Lowe and Donald MacDonald},
	institution = {Monetary Authority of Singapore}
}

@misc{zick2021590T,
	title ={{CompSCI590T}: Algorithmic Fairness and Strategic Behavior},
	author = {Yair Zick},
	year = {2021},
	institution = {University of Massachusetts, Amherst},
	url = {https://www.cics.umass.edu/content/fall-21-course-descriptions}
}

@article{college-enrollment,
author = {Cristobal de Brey and Thomas D. Snyder and Anlan Zhang
and Sally A. Dillow},
institution={National Center for Education Statistics}, 
year = {2021}, 
month = {May},
title = {Enrollment of the 120 largest degree-granting college and university campuses, by selected characteristics and institution: Fall 2019}, 
journal = {Digest of education statistics. U.S. Department of Education, Institute of Education Sciences}
}

@inproceedings{payan2021fairnessorders,
  author    = {Justin Payan and Yair Zick},
  title     = {I Will Have Order! Optimizing Orders for Fair Reviewer Assignment},
  year      = {2022},
  booktitle = proc # {31st} # ijcai,
  pages = {440--446}
}



@article{plaut2020efx,
author = {Plaut, Benjamin and Roughgarden, Tim},
title = {Almost Envy-Freeness with General Valuations},
journal = {SIAM Journal on Discrete Mathematics},
volume = {34},
number = {2},
pages = {1039--1068},
year = {2020}
}





@inproceedings{golz2019migration,
  title={Migration as submodular optimization},
  author={G{\"o}lz, Paul and Procaccia, Ariel D},
  booktitle=proc # {33rd} # aaai,
  volume={33},
  number={01},
  pages={549--556},
  year={2019}
}

@book{sen2009justice,
author = {Amartya Sen},
title = {The Idea of Justice},
year = {2009},
publisher = {Harvard University Press}
}

@article{caragiannis2019unreasonable,
  title={The unreasonable fairness of maximum {Nash} welfare},
  author={Caragiannis, Ioannis and Kurokawa, David and Moulin, Herv{\'e} and Procaccia, Ariel D and Shah, Nisarg and Wang, Junxing},
  journal={ACM Transactions on Economics and Computation (TEAC)},
  volume={7},
  number={3},
  pages={1--32},
  year={2019},
  publisher={ACM New York, NY, USA}
}


@misc{Dua2017 ,
	author = "Dheeru Dua and Casey Graff",
	year = "2017",
	title = "{UCI} Machine Learning Repository",
	url = "http://archive.ics.uci.edu/ml",
	institution = "University of California, Irvine, School of Information and Computer Sciences" } 

@techreport{krizhevsky2009learning,
	title={Learning multiple layers of features from tiny images},
	author={Krizhevsky, A and Hinton, G},
	year={2009},
}

@article{lan2017discriminatory,
  title={Discriminatory Transfer},
  author={Lan, C and Huan, J},
  journal={arXiv preprint arXiv:1707.00780},
  year={2017}
}




@book{o2017weapons,
  title={Weapons of math destruction: How big data increases inequality and threatens democracy},
  author={O'Neil, C},
  year={2017},
  publisher={Broadway Books}
}

@book{dunis2016artificial,
  title={Artificial Intelligence in Financial Markets: Cutting Edge Applications for Risk Management, Portfolio Optimization and Economics},
  author={Dunis, C L and Middleton, P W and Karathanasopolous, A and Theofilatos, K},
  year={2016},
  publisher={Springer}
}


@article{gunning2017explainable,
  title={Explainable artificial intelligence (xai)},
  author={Gunning, David},
  journal={Defense Advanced Research Projects Agency (DARPA)},
  year={2017}
}

@incollection{mccarty2018finding,
title={Finding the right balance in artificial intelligence and law},
author = {McCarty, L T},
booktitle={Research Handbook on the Law of Artificial Intelligence},
year={2018},
publisher={Edward Elgar Publishing}
}


@article{jiang2017artificial,
  title={Artificial intelligence in healthcare: past, present and future},
  author={Jiang, F and Jiang, Y and Zhi, H and Dong, Y and Li, H and Ma, S and Wang, Y and Dong, Q and Shen, H and Wang, Y},
  journal={Stroke and vascular neurology},
  volume={2},
  number={4},
  pages={230--243},
  year={2017},
  publisher={BMJ Specialist Journals}
}

@article{long2017towards,
  title={Towards measuring membership privacy},
  author={Long, Y and Bindschaedler, V and Gunter, C A},
  eprint={1712.09136},
  journal = {arXiv preprint arXiv:1712.09136},
  archivePrefix={arXiv},
  year={2017}
}

@article{Carlini2018,
archivePrefix = {arXiv},
arxivId = {1802.08232},
author = {Carlini, N and Liu, C and Kos, J and Erlingsson, {\'{U}} and Song, D},
eprint = {1802.08232},
journal = {arXiv preprint arXiv:1802.08232},
title = {{The Secret Sharer: Measuring Unintended Neural Network Memorization \& Extracting Secrets}},
year = {2018}
}
@inproceedings{lundberg2017unexpected,
author = {Scott M. Lundberg and Su-In Lee},
booktitle = proc # {30th} # neurips,
pages = {4768--4777},
title = {{A Unified Approach to Interpreting Model Predictions}},
year = {2017}
}
@misc{Roggensack16Compas,
author = {Roggensack, C J and Abrahamson, J},
title = {{Wisconsin v. {L}oomis}},
url = {https://goo.gl/S35mD6},
year = {2016}
}
@article{Friedler2016possibility,
author = {Sorelle A. Friedler and Carlos Scheidegger and Suresh Venkatasubramanian},
title = {The (Im)possibility of Fairness: Different Value Systems Require Different Mechanisms For Fair Decision Making},
journal = {Communications of the ACM}, 
month = apr,
year = {2021}, 
volume = {64},
number = {4}, 
pages ={136--143}
}
journal = {arXiv preprint arXiv:1609.07236},
title = {{On the (im) possibility of fairness}},
year = {2016}
}
@inproceedings{dwork2012fairness,
author = {Cynthia Dwork and Moritz Hardt and Toniann Pitassi and Omer Reingold and Richard Zemel},
title = {{Fairness Through Awareness}},
booktitle = proc # {3rd} # itcs,
pages = {214--226},
year = {2012}
}
@article{Braga2016Facebook,
author = {Braga, M},
journal = {CBC News},
month = {nov},
title = {{Only Facebook knows how it spreads fake election news}},
url = {http://goo.gl/xZX1VT},
year = {2016}
}
@inproceedings{Datta2016,
author = {Anupam Datta and Shayak Sen and Yair Zick},
booktitle =  proc # {37th} # oakland,
pages = {598--617},
title = {{Transparency via Quantitative Input Influence}},
year = {2016}
}
@inproceedings{ross2017rightforrightreasons,
author = {Ross, A S and Hughes, M C and Doshi-Velez, F},
booktitle = {26th},
pages = {2662--2670},
title = {{Right for the Right Reasons: Training Differentiable Models by Constraining their Explanations}},
year = {2017}
}
@article{Baehrens2009a,
archivePrefix = {arXiv},
arxivId = {0912.1128},
author = {Baehrens, D and Schroeter, T and Harmeling, S and Kawanabe, M and Hansen, K and Mueller, K},
eprint = {0912.1128},
isbn = {1532-4435},
issn = {1532-4435},
keywords = {ames mutagenicity,black box model,explaining,kernel methods,nonlinear},
title = {{How to Explain Individual Classification Decisions}},
url = {http://arxiv.org/abs/0912.1128},
volume = {11},
year = {2009}
}
@article{Plassmann2014,
author = {Plassmann, Florenz and Tideman, T. Nicolaus},
doi = {10.1007/s00355-013-0720-8},
issn = {01761714},
journal = {Social Choice and Welfare},
number = {1},
pages = {31--75},
title = {{How frequently do different voting rules encounter voting paradoxes in three-candidate elections?}},
volume = {42},
year = {2014}
}
@article{weller2017transparency,
author = {Weller, A},
journal = {CoRR},
title = {{Challenges for Transparency}},
volume = {abs/1708.0},
year = {2017}
}

@incollection{ancona2017dnns,
booktitle={Explainable {AI}: Interpreting, Explaining and Visualizing Deep Learning},
author = {Ancona, M and Ceolini, E and {\"{O}}ztireli, C and Gross, M },
title = {Gradient-Based Attribution Method},
pages={169--191},
year = {2019},
editor ={Wojciech Samek and Gr{\'e}goire Montavon and Andrea Vedaldi and Lars Kai Hansen and Klaus-Robert M{\"u}ller},
publisher = {Springer}
}

@inproceedings{sliwinski2019mim,
author = {Jakub Sliwinski and Martin Strobel and Yair Zick},
title = {{A Characterization of Monotone Influence Measures for Data Classification}},
year = {2019},
pages = {718--725},
booktitle = proc # {33rd} # aaai
}
@article{Hammer1992,
author = {Hammer, P. L. and Holzman, R.},
journal = {Operations Research Methods and Models of Operations Research},
number = {1},
pages = {3--21},
title = {{Approximations of pseudo-Boolean functions; applications to game theory}},
volume = {36},
year = {1992}
}
@article{vstrumbelj2014explaining,
author = {Erik {\v{S}}trumbelj and Igor Kononenko},
journal = {Knowledge and information systems},
number = {3},
pages = {647--665},
title = {{Explaining prediction models and individual predictions with feature contributions}},
volume = {41},
year = {2014}
}
@inproceedings{Nasr2018,
author = {Milad Nasr and Reza Shokri and Amir Houmansadr},
booktitle =  proc # {25th} # ccs,
title = {{Machine Learning with Membership Privacy using Adversarial Regularization}},
pages = {634--646},
year = {2018}
}


@incollection{petitcolas2011kerckhoffs,
	author={Petitcolas, F.A.P.},
	year= {2011},
	title={Kerckhoffs’ Principle},
	editor={van Tilborg, H.C.A. and Jajodia S.},
	booktitle={Encyclopedia of Cryptography and Security},
}


@inproceedings{balcan2015learning,
author = {Maria F. Balcan and Ariel D. Procaccia and Yair Zick},
booktitle = proc # {24th} # ijcai,
pages = {475--481},
title = {{Learning Cooperative Games}},
year = {2015}
}
@inproceedings{datta2017programs,
author = {Datta, A and Fredrikson, M and Ko, G and Mardziel, P and Sen, S},
booktitle =  proc # {24th} # ccs,
title = {{Use Privacy in Data-Driven Systems: Theory and Experiments with Machine Learnt Programs}},
year = {2017},
pages= {1193--1210}
}
@inproceedings{bachrach2013rwvgs,
author = {Bachrach, Y and Shah, N},
booktitle = {6th},
pages = {38--49},
title = {{Reliability Weighted Voting Games}},
year = {2013}
}
@book{cook1982residuals,
author = {Cook, R D and Weisberg, S},
publisher = {New York: Chapman and Hall},
title = {{Residuals and influence in regression}},
year = {1982}
}
@inproceedings{bachrach2009reliability,
author = {Bachrach, Y and Meir, R and Feldman, M and Tennenholtz, M},
booktitle = {27th},
pages = {27--34},
title = {{Solving Cooperative Reliability Games}},
year = {2011}
}
@inproceedings{Chaudhuri2009,
author = {Chaudhuri, Kamalika and Monteleoni, Claire},
booktitle = {Advances in Neural Information Processing Systems},
doi = {10.12720/jait.6.3.88-95},
isbn = {9781605609492},
issn = {17982340},
keywords = {PvsT},
mendeley-tags = {PvsT},
pages = {289----296},
title = {{Privacy-Preserving Logistic Regression}},
url = {http://www.jait.us/index.php?m=content&c=index&a=show&catid=168&id=887},
year = {2009}
}
@techreport{whitehouse,
author = {Podesta, J and Pritzker, P and Moniz, E J and Holdern, J and Zients, J},
institution = {Executive Office of the President, the White House},
month = {may},
title = {{Big Data: Seizing Opportunities, Preserving Values}},
year = {2014}
}
@inproceedings{sliwinski2017learning,
author = {Jakub Sliwinski and Yair Zick},
booktitle = proc # {26th} # ijcai,
pages = {2730--2736},
title = {{Learning Hedonic Games}},
year = {2017}
}



@inproceedings{benabbou2018diversity,
author = {Nawal Benabbou and Mithun Chakraborty and Vinh Ho Xuan and Jakub Sliwinski and Yair Zick},
title = {Diversity Constraints in Public Housing Allocation},
year = {2018},
booktitle = proc # {17th} # aamas,
pages = {973--981}
}


@inproceedings{nguyen2018ttgs,
	author ={Ta-Duy Nguyen and Yair Zick},
	title = {Resource Based Cooperative Games: Optimization, Fairness and Stability},
	year = {2018},
	booktitle = proc # {11th} # sagt,
	pages = {239--244}
}

@inproceedings{mash2017winning,
title = {How to Form Winning Coalitions in Mixed Human-Computer Settings},
author = {Moshe Mash and Yair Zick and Yoram Bachrach and Ya'akov Gal},
year = {2017},
booktitle = proc # {26th} # ijcai
}

@article{gal2017fairest,
title = {Which is the Fairest (Rent Division) of Them All?},
author = {Ya'akov Gal and Moshe Mash and Ariel D. Procaccia and Yair Zick},
journal = {Journal of the {ACM}}, 
volume = {64},
number = {6}, 
articleno={39}, 
year = {2017}
}

@article{Guidotti2018,
author = {Guidotti, Riccardo and Monreale, Anna and Ruggieri, Salvatore and Turini, Franco and Pedreschi, Dino and Giannotti, Fosca},
number = {5},
title = {{A Survey Of Methods For Explaining Black Box Models}},
volume = {51},
articleno={93},
journal={{ACM Computing Surveys}},
year = {2018}
}
@article{Strack2014,
author = {Strack, B. and Deshazo, J. P. and Gennings, C. and Olmo, J. L. and Ventura, S. and Cios, K. J. and Clore, J. N.},
journal = {BioMed Research International},
title = {{Impact of HbA1c measurement on hospital readmission rates: Analysis of 70,000 clinical database patient records}},
volume = {2014},
year = {2014}
}
@article{Adadi2018,
author = {Adadi, Amina and Berrada, Mohammed},
doi = {10.1109/ACCESS.2018.2870052},
issn = {21693536},
journal = {IEEE Access},
keywords = {Explainable artificial intelligence,black-box models,interpretable machine learning},
pages = {52138--52160},
publisher = {IEEE},
title = {{Peeking Inside the Black-Box: A Survey on Explainable Artificial Intelligence (XAI)}},
volume = {6},
year = {2018}
}
@article{Suzor2015DuffyvGoogle,
author = {Suzor, N},
journal = {The Conversation},
month = {oct},
title = {{Google defamation case highlights complex jurisdiction problem}},
url = {https://goo.gl/XS1Z6y},
year = {2015}
}
@book{shalev2014understanding,
author = {Shalev-Shwartz, S and Ben-David, S},
publisher = {Cambridge university press},
title = {{Understanding machine learning: From theory to algorithms}},
year = {2014}
}
@inproceedings{koh2017understanding,
author = {Pang Wei Koh and Percy Liang},
booktitle =  proc # {34th} # icml,
title = {{Understanding Black-box Predictions via Influence Functions}},
year = {2017},
pages={1885--1894}
}
@article{Christiano2017,
archivePrefix = {arXiv},
arxivId = {1706.03741},
author = {Christiano, Paul and Leike, Jan and Brown, Tom B. and Martic, Miljan and Legg, Shane and Amodei, Dario},
eprint = {1706.03741},
issn = {10495258},
title = {{Deep reinforcement learning from human preferences}},
url = {http://arxiv.org/abs/1706.03741},
year = {2017}
}
@article{banzhaf,
author = {Banzhaf, J F},
journal = {Rutgers Law Review},
pages = {317--343},
title = {{Weighted Voting Doesn't Work: a Mathematical Analysis}},
volume = {19},
year = {1965}
}
@article{keinan2006axiomatic,
author = {Keinan, A and Sandbank, B and Hilgetag, C C and Meilijson, I and Ruppin, E},
journal = {Artificial Life},
number = {3},
pages = {333--352},
publisher = {MIT Press},
title = {{Axiomatic scalable neurocontroller analysis via the Shapley value}},
volume = {12},
year = {2006}
}
@inproceedings{Milli2018,
author = {Smitha Milli and Ludwig Schmidt and Anca D. Dragan and Moritz Hardt},
booktitle = proc # {1st} # fatconf,
title = {{Model Reconstruction from Model Explanations}},
pages = {1--9},
year = {2019}
}
@article{Citron2016Compas,
author = {Citron, D},
journal = {Forbes},
month = {jul},
title = {{({U}n)Fairness of Risk Scores in Criminal Sentencing}},
url = {https://goo.gl/dbxX36},
year = {2016}
}

@article{mash2020wvgs, 
	author = {Mash, Moshe and Fairstein, Roy and Bachrach, Yoram and Gal, Ya'akov and Zick, Yair}, 
	title = {Human-Computer Coalition Formation in Weighted Voting Games}, 
	year = {2020}, 
	issue_date = {November 2020}, 
	volume = {11}, 
	number = {6},  
	journal = {ACM Transactions on Intelligent Systems Technology}, 
	month = oct, 
	articleno = {73}, 
}

@article{Creemers2017,
author = {Creemers, Rogier},
doi = {10.2139/ssrn.3175792},
issn = {1556-5068},
number = {2015},
pages = {59--71},
title = {{China' s Social Credit System : An Evolving Practice of Control}},
volume = {222},
year = {2017}
}
@article{Kleinberg2017,
author = {Kleinberg, Jon and Lakkaraju, Himabindu and Leskovec, Jure and Ludwig, Jens and Mullainathan, Sendhil and Abrams, David and Alsdorf, Matt and Cohen, Molly and Crohn, Alexander and Cusick, Gretchen Ruth and Dierks, Tim and Donohue, John and Dupont, Mark and Egan, Meg and Glazer, Elizabeth and Gottschall, Joan and Hess, Nathan and Kane, Karen and Kellam, Leslie and Lascala-Gruenewald, Angela and Loeffler, Charles and Milgram, Anne and Raphael, Lauren and Rohlfs, Chris and Rosenbaum, Dan and Salo, Terry and Shleifer, Andrei and Sojourner, Aaron and Sowerby, James and Sunstein, Cass and Sviridoff, Michele and Turner, Emily and John, Judge},
doi = {10.1093/qje/qjx032/4095198/Human-Decisions-and-Machine-Predictions},
isbn = {9783642155611},
number = {September},
pages = {1--53},
title = {{NBER WORKING PAPER SERIES HUMAN DECISIONS AND MACHINE PREDICTIONS Human Decisions and Machine Predictions}},
url = {http://www.nber.org/papers/w23180},
year = {2017}
}

@misc{Hollande2016Republique_numerique,
author = {Hollande, F},
month = {oct},
title = {{Pour une R{\'{e}}publique num{\'{e}}rique (1)}},
url = {https://goo.gl/jnE1tQ},
year = {2016}
}
@inproceedings{Ribeiro2016should,
author = {Marco T. Ribeiro and Sameer Singh and Carlos Guestrin},
booktitle = proc # {22nd} # KDD,
title = {{Why Should I Trust You?: Explaining the Predictions of Any Classifier}},
pages = {1135--1144},
year = {2016}
}
@article{Fajardo2018,
archivePrefix = {arXiv},
arxivId = {arXiv:1709.09601v2},
author = {Fajardo, Carlos A. and Reyes, {\'{O}}scar M. and Castillo, Javier},
doi = {10.1145/nnnnnnn.nnnnnnn},
eprint = {arXiv:1709.09601v2},
isbn = {1558606041},
issn = {18160948},
journal = {Engineering Letters},
keywords = {Compression strategy,FPGA,I/O bottleneck,Memory wall},
number = {2},
pages = {203--209},
pmid = {397311},
title = {{Reducing the I/O bottleneck by a compression strategy}},
url = {http://arxiv.org/abs/1802.07810},
volume = {26},
year = {2018}
}
@article{hofman2017prediction,
author = {Hofman, J M and Sharma, A and Watts, D J},
journal = {Science},
number = {6324},
pages = {486--488},
title = {{Prediction and explanation in social systems}},
volume = {355},
year = {2017}
}
@article{Balcan2017,
author = {Balcan, Maria-Florina and Dick, Travis and Noothigattu, Ritesh and Procaccia, Ariel D},
title = {{Envy-Free Classification}},
year = {2017}
}

@inproceedings{Papernot2016,
archivePrefix = {arXiv},
arxivId = {1610.05755},
author = {Papernot, N and Abadi, M and Erlingsson, {\'{U}} and Goodfellow, I and Talwar, K},
booktitle =  proc # {5th} # iclr,
eprint = {1610.05755},
title = {{Semi-supervised Knowledge Transfer for Deep Learning from Private Training Data}},
url = {http://arxiv.org/abs/1610.05755},
year = {2017}
}
@article{Winerip2016Parole,
author = {Winerip, M and Schwirtz, M and Gebeloff, R},
journal = {New York Times},
month = {dec},
title = {{For Blacks Facing Parole in New York State, Signs of a Broken System}},
url = {https://goo.gl/fRWSLk},
year = {2016}
}
@article{Liu2014,
author = {Liu, Yong and Jiang, Shali and Liao, Shizhong},
isbn = {9781634393973},
journal = {Proceedings of the 31st International Conference on Machine Learning},
keywords = {PvsT},
mendeley-tags = {PvsT},
number = {1},
pages = {324--332},
title = {{Efficient Approximation of Cross-Validation for Kernel Methods using Bouligand Influence Function}},
url = {http://proceedings.mlr.press/v32/liua14.html},
volume = {32},
year = {2014}
}
@inproceedings{Datta2015influence,
author = {Amit Datta and Anupam Datta and Ariel D. Procaccia and Yair Zick},
booktitle =  proc # {24th} # ijcai,
title = {{Influence in Classification via Cooperative Game Theory}},
year = {2015},
pages={511--517}
}
@inproceedings{Szegedy2015,
archivePrefix = {arXiv},
arxivId = {1512.00567},
author = {Szegedy, Christian and Vanhoucke, Vincent and Ioffe, Sergey and Shlens, Jonathon and Wojna, Zbigniew},
booktitle = {Proceedings of the IEEE conference on computer vision and pattern recognition},
doi = {10.1109/CVPR.2016.308},
eprint = {1512.00567},
isbn = {978-1-4673-8851-1},
issn = {08866236},
keywords = {CS6132},
mendeley-tags = {CS6132},
pmid = {8190083},
title = {{Rethinking the Inception Architecture for Computer Vision}},
url = {http://arxiv.org/abs/1512.00567},
year = {2015}
}
@inproceedings{balkanski2017cost,
author = {Balkanski, E and Syed, U and Vassilvitskii, S},
booktitle = {30th},
pages = {6222--6231},
title = {{Statistical Cost Sharing}},
year = {2017}
}
@article{Alber2018,
archivePrefix = {arXiv},
arxivId = {1808.04260},
author = {Alber, M and Lapuschkin, S and Seegerer, P and H{\"{a}}gele, M and Sch{\"{u}}tt, K T and Montavon, G and Samek, W and M{\"{u}}ller, K and D{\"{a}}hne, S and Kindermans, P},
eprint = {1808.04260},
journal = {arXiv preprint arXiv:1808.04260},
pmid = {12757846},
title = {{iNNvestigate neural networks!}},
year = {2018}
}
@inproceedings{zeiler2014visualizing,
author = {Zeiler, M D and Fergus, R},
booktitle =  proc # {13th} # eccv,
title = {{Visualizing and understanding convolutional networks}},
year = {2014}
}
@article{Speicher2018,
archivePrefix = {arXiv},
arxivId = {1807.00787},
author = {Speicher, Till and Heidari, Hoda and Grgic-Hlaca, Nina and Gummadi, Krishna P and Singla, Adish and Weller, Adrian and Zafar, Muhammad Bilal},
doi = {10.1145/nnnnnnn.nnnnnnn},
eprint = {1807.00787},
isbn = {9781450355520},
keywords = {MiM},
mendeley-tags = {MiM},
number = {August},
title = {{A Unified Approach to Quantifying Algorithmic Unfairness: Measuring Individual & Group Unfairness via Inequality Indices}},
url = {https://people.mpi-sws.org/$\sim$tspeicher/papers/inequality_indices.pdf},
year = {2018}
}

@article{Strobel2006,
author = {Hajdukova, Jana},
doi = {10.1142/S0219198906001144},
issn = {0219-1989},
journal = {International Game Theory Review},
keywords = {coalition},
number = {04},
pages = {613--641},
title = {{Coalition Formation Games: a Survey}},
volume = {08},
year = {2006}
}
@book{Wasserman2004,
archivePrefix = {arXiv},
arxivId = {arXiv:1011.1669v3},
author = {Wasserman, Larry},
booktitle = {Distribution},
doi = {10.1007/978-0-387-21736-9},
eprint = {arXiv:1011.1669v3},
isbn = {978-1-4419-2322-6},
issn = {1441923225},
pages = {455},
pmid = {21196786},
title = {{All of Statistics}},
url = {http://www.amazon.ca/exec/obidos/redirect?tag=citeulike09-20%7B%25%7D7B%7B%25%7D25%7B%25%7D7D7B%7B%25%7D7B%7B&%7D%7B%25%7D7D%7B%25%7D7B%7B%25%7D25%7B%25%7D7D7Dpath=ASIN/0387402721%5Cnhttp://link.springer.com/10.1007/978-0-387-21736-9},
volume = {C},
year = {2004}
}
@inproceedings{zick2011sv,
author = {Zick, Y and Skopalik, A and Elkind, E},
booktitle = {22nd},
pages = {490--495},
title = {{The Shapley Value as a Function of the Quota in Weighted Voting Games}},
year = {2011}
}
@inproceedings{nguyen2015deep,
author = {Nguyen, A and Yosinski, J and Clune, J},
pages = {427--436},
title = {{Deep neural networks are easily fooled: High confidence predictions for unrecognizable images}},
year = {2015}
}
@misc{Charruault2013CourDecassation,
author = {Charruault, M},
howpublished = {Cour de cassation},
month = {jun},
title = {{N$^\circ$ de pourvoi: 12-17591}},
url = {https://goo.gl/du5QeA},
year = {2013}
}
@book{Endriss2017,
author = {Endriss, Ulle},
isbn = {9781326912093},
title = {{Trends in Computational Social Choice}},
year = {2017}
}
@article{angwin2016MachineBias,
author = {Julia Angwin and Jeff Larson and Surya Mattu and Lauren Kirchner},
journal = {Pro{P}ublica},
month = {may},
title = {{Machine Bias: There's software used across the country to predict future criminals. And it's biased against blacks.}},
url = {https://goo.gl/sRA6bg},
year = {2016}
}

@article{sweeney2013discrimination, 
	author = {Sweeney, Latanya}, 
	title = {Discrimination in Online Ad Delivery: Google Ads, Black Names and White Names, Racial Discrimination, and Click Advertising}, 
	year = {2013}, 
	publisher = {Association for Computing Machinery}, 
	address = {New York, NY, USA}, 
	volume = {11}, 
	number = {3}, 
	journal = {Queue}, 
	month = mar, pages = {10--29}
}

@inproceedings{lim2009why, 
	author = {Lim, Brian Y. and Dey, Anind K. and Avrahami, Daniel}, 
	title = {Why and Why Not Explanations Improve the Intelligibility of Context-Aware Intelligent Systems}, 
	year = {2009}, 
	booktitle = proc # {27th} # chi, 
	pages = {2119--2128} 
}


@techreport{doshivelez2017accountability,
	author = {Finale Doshi-Velez and Mason Kortz},
	year = {2017},
	title = {Accountability of {AI} Under the Law: The Role of Explanation}, 
	institution = {Berkman Klein Center Working Group on Explanation and the Law, Berkman Klein Center for Internet \& Society working paper}
}


@INPROCEEDINGS{bussone2015healthcare,

	author={Bussone, Adrian and Stumpf, Simone and O'Sullivan, Dympna},

	booktitle=proc # {2015 International Conference on Healthcare Informatics}, 

	title={The Role of Explanations on Trust and Reliance in Clinical Decision Support Systems}, 

	year={2015},

	pages={160--169},

}

@InProceedings{datta2018discrimination, 
	title = {Discrimination in Online Advertising: A Multidisciplinary Inquiry}, 
	author = {Amit Datta and Anupam Datta and Jael Makagon and Deirdre K. Mulligan and Michael Carl Tschantz}, 
	booktitle = proc # {1st} # fatconf, 
	pages = {20--34}, 
	year = {2018}
}

@article{simonite2017gorilla,
	author = {Tom Simonite},
	title = {When It Comes to Gorillas, Google Photos Remains Blind},
	year ={2017},
	journal = {Wired Magazine},
	month = {nov},
	url ={https://www.wired.com/story/when-it-comes-to-gorillas-google-photos-remains-blind/}

}

@inproceedings{rawal2020recourse,
	author = {Rawal, Kaivalya and Lakkaraju, Himabindu},
	booktitle = proc # {33rd} # neurips,
	pages = {12187--12198},
	title = {Beyond Individualized Recourse: Interpretable and Interactive Summaries of Actionable Recourses},
	year = {2020}
}


@article{Nemhauser1978a,
author = {Nemhauser, G. L. and Wolsey, L. A. and Fisher, M. L.},
doi = {10.1007/BF01588971},
isbn = {9783642007903},
issn = {00255610},
journal = {Mathematical Programming},
keywords = {Greedy Algorithm,Heuristics,Interchange Algorithm,Linear Programming,Matroid Optimization,Submodular Set Functions},
number = {1},
pages = {265--294},
title = {{An analysis of approximations for maximizing submodular set functions-I}},
volume = {14},
year = {1978}
}
@article{Smith2016WhiteHouseReport,
author = {Smith, M and Patil, D and C., Mu{\~{n}}oz},
journal = {White House Blog},
title = {{Big Risks, Big Opportunities: the Intersection of Big Data and Civil Rights}},
url = {https://goo.gl/5ScZ1a},
year = {2016}
}
@book{compcoopbook,
editor = {Georgios Chalkiadakis and Edith Elkind and Michael Wooldridge},
publisher = {Morgan and Claypool},
title = {{Computational Aspects of Cooperative Game Theory}},
year = {2011}
}
@inproceedings{Chen2018,
author = {Chen, Jianbo and Song, Le and Wainwright, Martin J and Jordan, Michael I},
booktitle =  proc # {35th} # icml,
keywords = {Explanations,MiM,PvsT},
mendeley-tags = {Explanations,MiM,PvsT},
pages = {883--892},
title = {{Learning to Explain : An Information-Theoretic Perspective on Model Interpretation}},
year = {2018}
}

@inproceedings{chen2020truetomodel,
	author = {Hugh Chen and Joseph D. Janizek and Scott Lundberg and Su-In Lee},
	title = {True to the Model or True to the Data?},
	year = {2020},
	booktitle = proc # {5th} # whi
}
@incollection{shapleyvalue,
author = {Lloyd S. Shapley},
booktitle = {Contributions to the Theory of Games, vol. 2},
pages = {307--317},
publisher = {Princeton University Press},
series = {Annals of Mathematics Studies, no. 28},
title = {{A Value for {$n$}-Person Games}},
year = {1953}
}
@article{Yuan2017,
archivePrefix = {arXiv},
arxivId = {1712.07107},
author = {Yuan, Xiaoyong and He, Pan and Zhu, Qile and Li, Xiaolin},
doi = {arXiv preprint arXiv:1712.07107},
eprint = {1712.07107},
journal = {arXiv preprint arXiv:1712.07107},
title = {{Adversarial Examples: Attacks and Defenses for Deep Learning}},
url = {http://arxiv.org/abs/1712.07107},
year = {2017}
}
@inproceedings{Dwork2006,
archivePrefix = {arXiv},
arxivId = {arXiv:1203.3453v5},
author = {Dwork, C and McSherry, F and Nissim, K and Smith, A},
booktitle = {Theory of cryptography conference},
doi = {10.1002/jps.22559},
eprint = {arXiv:1203.3453v5},
isbn = {3-540-32731-2, 978-3-540-32731-8},
issn = {1520-6017},
keywords = {PvsT},
mendeley-tags = {PvsT},
pages = {265--284},
pmid = {21455981},
publisher = {Springer},
title = {{Calibrating noise to sensitivity in private data analysis}},
url = {http://www.springerlink.com/index/58149028270V7061.pdf},
year = {2006}
}
@article{Shapley1953,
author = {Shapley, Lloyd S},
journal = {Contributions to the Theory of Games},
keywords = {MiM,PvsT},
mendeley-tags = {MiM,PvsT},
number = {28},
pages = {307----317},
title = {{A value for $n$-person games}},
volume = {2},
year = {1953}
}
@misc{cpd2017ssl,
author = {Department, Chicago Police},
title = {{Strategic Subject List}},
url = {https://goo.gl/1Q1vK7},
year = {2017}
}
@article{Athalye2018,
archivePrefix = {arXiv},
arxivId = {1802.00420},
author = {Athalye, Anish and Carlini, Nicholas and Wagner, David},
eprint = {1802.00420},
issn = {1938-7228},
title = {{Obfuscated Gradients Give a False Sense of Security: Circumventing Defenses to Adversarial Examples}},
url = {http://arxiv.org/abs/1802.00420},
year = {2018}
}


@inproceedings{kurokawa2015impartial,
title = {Impartial Peer Review},
author = {David Kurokawa and Omer Lev and Jamie Morgenstern and Ariel D. Procaccia},
year = {2015},
booktitle = proc # {24th} # ijcai,
pages = {582--588}
}

@inproceedings{aziz2021chores, 
    author = {Aziz, Haris and Rey, Simon}, 
    title = {Almost Group Envy-Free Allocation of Indivisible Goods and Chores}, 
    year = {2021}, 
    booktitle = proc #  {29th} # ijcai, 
    pages = {39--45}
    }
@inproceedings{freeman2021twosided,
  title     = {Two-Sided Matching Meets Fair Division},
  author    = {Freeman, Rupert and Micha, Evi and Shah, Nisarg},
  booktitle = proc # {30th} # ijcai,
  pages     = {203--209},
  year      = {2021}
}

@article{khuller1999budetedmaximumcover,
title = {The budgeted maximum coverage problem},
journal = {Information Processing Letters},
volume = {70},
number = {1},
pages = {39--45},
year = {1999},
author = {Samir Khuller and Anna Moss and Joseph (Seffi) Naor}
}

@inproceedings{viswanathan2023general,
      title={A General Framework for Fair Allocation with Matroid Rank Valuations}, 
      author={Vignesh Viswanathan and Yair Zick},
      year={2023},
      pages = {1129--1152},
      booktitle = proc # {24th} # ec
}

@misc{viswanathan2023weightedchores,
      title={Weighted Notions of Fairness with Binary Supermodular Chores}, 
      author={Vignesh Viswanathan and Yair Zick},
      year={2023},
      eprint={2303.06212},
      archivePrefix={arXiv},
      primaryClass={cs.GT}
}

@inproceedings{cousins2023dividing,
      title={Dividing Good and Great Items Among Agents with Submodular Valuations}, 
      author={Cyrus Cousins and Vignesh Viswanathan and Yair Zick},
      year={2023},
        booktitle=proc # {19th} # wine,
year="2023",
pages ={225-241}
}

@InProceedings{cousins2023goodschores,
author="Cousins, Cyrus
and Viswanathan, Vignesh
and Zick, Yair",
title="The Good, the Bad and the Submodular: Fairly Allocating Mixed Manna Under Order-Neutral Submodular Preferences",
booktitle=proc # {19th} # wine,
year="2023",
pages="207--224"
}


@inproceedings{mattei2013preflib,
  author    = {Nicholas Mattei and Toby Walsh},
  title     = {{PrefLib}: A Library of Preference Data \textsc{http://preflib.org}},
  year      = {2013},
  booktitle = proc # {3rd} # adt
}

@inproceedings{aziz2016peerreview,
author ={Haris Aziz and Omer Lev and Nicholas Mattei and Jeffrey Rosenschein and Toby Walsh},
year = {2016},
title = {Strategyproof Peer Selection: Mechanisms, Analyses, and Experiments},
booktitle = proc # {30th} # aaai,
pages = {390--396}
}

@INPROCEEDINGS{Chakrabarty2019MatroidIntersection,
  author={Chakrabarty, Deeparnab and Tat Lee, Yin and Sidford, Aaron and Singla, Sahil and Chiu-wai Wong, Sam},
  booktitle=proc # {60th} # focs, 
  title={Faster Matroid Intersection}, 
  year={2019},
  pages={1146-1168}
  }
  
@article{kash2014dynamic,
title ={No Agent Left Behind: Dynamic Fair Division of Multiple Resources},
author = {Ian Kash and Ariel D. Procaccia and Nisarg Shah},
pages ={579-603},
journal = {Journal of Artificial Intelligence Research},
year = {2014},
volume = {51}
  }

@inproceedings{aziz2017chores, 
    title={Algorithms for Max-Min Share Fair Allocation of Indivisible Chores}, 
    booktitle = proc # {31st} # aaai,
    author={Aziz, Haris and Rauchecker, Gerhard and Schryen, Guido and Walsh, Toby}, 
    year={2017}  
    }

@inproceedings{garg2022chores,
author = {Jugal Garg and Aniket Murhekar and John Qin},
year = {2022}, 
title = {Fair and Efficient Allocations of Chores under Bivalued Preferences},
booktitle = proc # {36th} # aaai, 
pages = {5043--5050} 
}

@inproceedings{huang2021chores, 
    author = {Huang, Xin and Lu, Pinyan}, 
    title = {An Algorithmic Framework for Approximating Maximin Share Allocation of Chores}, 
    year = {2021}, 
    booktitle = proc # {22nd} # ec, 
    pages = {630--631}
    }

@article{branzei2022chores,
  author    = {Simina Br{\^{a}}nzei and
               Fedor Sandomirskiy},
  title     = {Algorithms for Competitive Division of Chores},
  journal   = {CoRR},
  volume    = {abs/1907.01766},
  year      = {2019},
  eprinttype = {arXiv},
  eprint    = {1907.01766}
}

@inproceedings{aziz2019chores,
booktitle = proc # {28th} # ijcai,
year = {2019},
title = {Fair Allocation of Indivisible Goods and Chores},
author ={Haris Aziz and Ioannis Caragiannis and Ayumi Igarashi and Toby Walsh},
pages = {53--59}
}

@article{budish2017coursematch,
journal = {Operations Research},
volume = {65}, 
number = {2}, 
year = {2017}, 
pages ={314--336},
title ={Course Match: A Large-Scale Implementation of Approximate Competitive Equilibrium from Equal Incomes for Combinatorial Allocation},
author = {Eric Budish and G{\'e}rard P. Cachon and Judd B. Kessler and Abraham Othman}
}

@inproceedings{budish2023courseallocation,
author = {Budish, Eric and Gao, Ruiquan and Othman, Abraham and Rubinstein, Aviad and Zhang, Qianfan},
title = {Practical algorithms and experimentally validated incentives for equilibrium-based fair division (A-CEEI)},
year = {2023},
booktitle = proc # {24th} #ec,
pages = {337--368}
}

@inproceedings{soumalias2024courseallocation,
author = {Soumalias, Ermis and Zamanlooy, Behnoosh and Weissteiner, Jakob and Seuken, Sven},
title = {Machine Learning-Powered Course Allocation},
year = {2024},
booktitle = proc # {25th} # ec,
pages = {1099}
}


@inproceedings{othman2010courseallocation,
author = {Othman, Abraham and Sandholm, Tuomas and Budish, Eric},
title = {Finding approximate competitive equilibria: efficient and fair course allocation},
year = {2010},
booktitle = proc # {9th} # aamas,
pages = {873–880}
}

@article{hatfield2009serialdictatorship,
author = {Hatfield, John W.},
title = {Strategy-proof, efficient, and nonbossy quota allocations}, 
journal = {Social Choice and Welfare},
volume = {33}, 
pages = {505--515},
year = {2009}
}

@article{budish2012roundrobincourseallocation,
title = {The Multi-unit Assignment Problem: Theory and Evidence from Course Allocation at {Harvard}},
author = {Eric Budish and Estelle Cantillon},
journal = {American Economic Review},
volume = {102}, 
number = {5}, 
year = {2012},
pages = {2237--2271}
}


@article{parkes2015beyond,
  title={Beyond dominant resource fairness: Extensions, limitations, and indivisibilities},
  author={Parkes, David C and Procaccia, Ariel D and Shah, Nisarg},
  journal={ACM Transactions on Economics and Computation},
  volume={3},
  number={1},
  pages={1--22},
  year={2015}
}


@article{gul1999equilibrium,
author = {Faruk Gul and Ennio Stacchetti},
title = {Walrasian equilibrium with gross substitutes},
journal = {Journal of Economic Theory}, 
volume = {87},
number ={1},
pages ={95--124}, 
year = {1999}
}
@article{lehmann2006auctions,
author = {Benny Lehmann and Daniel Lehmann and Noam Nisan}, 
title ={Combinatorial auctions with decreasing marginal utilities},
journal = {Games and Economic Behavior}, 
volume = {55},
number = {2},
pages = {270--296}, 
year = {2006}
}
@inproceedings{scarlett2021foroneandall,
author = {Jonathan Scarlett and Nicholas Teh and Yair Zick},
year = {2021},
title = {For One and All: Individual and Group Fairness in the Allocation of Indivisible Goods},
booktitle =proc # {8th} # comsoc
}

@inproceedings{elkind2021keepdistance,
booktitle = proc # {30th} # ijcai,
title = {Keep Your Distance: Land Division With Separation},
author = {Edith Elkind and Erel Segal-Halevi and Warut Suksompong},
year = {2021},
pages = {168--174}
}

@article{segalhalevi2020divisionland,
journal = {Mathematics of Operations Research},
volume = 45,
number =3,
title = {Envy-Free Division of Land},
author = {Erel Segal-Halevi and Shmuel Nitzan and Avinatan Hassidim and Yonatan Aumann},
year = {2020}
}

@misc{spire2022shoppingcart,
title={The {UMass} Shopping Cart for Course Enrollment},
howpublished={\url{https://www.umass.edu/it/support/spire/shopping-cart-vs-class-schedule}},
note = {Accessed June 1st 2022},
year = {2022}
}

@misc{umassadmissionstats,
title ={{UMass} Admission Statistics},
howpublished={\url{https://www.umass.edu/admissions/undergraduate-admissions/explore/admissions-statistics}},
note = {Accessed June 1st 2022},
year = {2022}
}

@misc{rastogi2022neurips-peer-review,
      title={How do Authors' Perceptions of their Papers Compare with Co-authors' Perceptions and Peer-review Decisions?}, 
      author={Charvi Rastogi and Ivan Stelmakh and Alina Beygelzimer and Yann N. Dauphin and Percy Liang and Jennifer Wortman Vaughan and Zhenyu Xue and Hal Daum\'{e} III and Emma Pierson and Nihar B. Shah},
      year={2022},
      eprint={2211.12966},
      archivePrefix={arXiv},
      primaryClass={cs.LG}
}


@article{Ghorbani2017,
archivePrefix = {arXiv},
arxivId = {arXiv:1710.10547v1},
author = {Ghorbani, Amirata and Zou, James Y and Abid, Abubakar},
eprint = {arXiv:1710.10547v1},
journal = {arXiv preprint arXiv:1710.10547},
title = {{Interpretation of neural networks is fragile}},
year = {2017}
}

@article{Cogswell,
archivePrefix = {arXiv},
arxivId = {arXiv:1610.02391v3},
author = {Selvaraju, Ramprasaath R and Cogswell, Michael and Das, Abhishek and Vedantam, Ramakrishna and Parikh, Devi and Batra, Dhruv},
booktitle = {ICCV},
doi = {10.1109/ICCV.2017.74},
eprint = {arXiv:1610.02391v3},
isbn = {9781538610329},
issn = {15505499},
keywords = {PvsT},
mendeley-tags = {PvsT},
pages = {618----626},
title = {{Visual Explanations from Deep Networks via Gradient-based Localization}},
year = {2017}
}
@article{baehrens2010explain,
archivePrefix = {arXiv},
arxivId = {0912.1128},
author = {Baehrens, D and Schroeter, T and Harmeling, S and Kawanabe, M and Hansen, K and Mueller, K},
eprint = {0912.1128},
isbn = {1532-4435},
issn = {1532-4435},
journal = {Journal of Machine Learning Research},
keywords = {MiM,PvsT},
mendeley-tags = {MiM,PvsT},
title = {{How to Explain Individual Classification Decisions}},
url = {http://arxiv.org/abs/0912.1128},
volume = {11},
year = {2009}
}
@article{lehrer1988axiomatization,
author = {Lehrer, E},
journal = {International Journal of Game Theory},
number = {2},
pages = {89--99},
publisher = {Springer},
title = {{An axiomatization of the Banzhaf value}},
volume = {17},
year = {1988}
}
@article{Baehrens2009b,
archivePrefix = {arXiv},
arxivId = {0912.1128},
author = {Baehrens, D and Schroeter, T and Harmeling, S and Kawanabe, M and Hansen, K and Mueller, K},
eprint = {0912.1128},
isbn = {1532-4435},
issn = {1532-4435},
title = {{How to Explain Individual Classification Decisions}},
year = {2009}
}
@article{Shrikumar2017,
author = {Shrikumar, A and Greenside, P and Kundaje, A},
journal = {arXiv preprint arXiv:1605.01713},
title = {{Not just a black box: Learning Important Features Through Propagating Activation Differences}},
year = {2017}
}
@inproceedings{blocki2013password,
author = {Blocki, J and Komanduri, S and Procaccia, A D and Sheffet, O},
booktitle = {14th},
pages = {105--122},
title = {{Optimizing Password Composition Policies}},
year = {2013}
}
@article{Strobel2006a,
author = {Strobel, M.},
doi = {10.1142/S0219198906001144},
issn = {0219-1989},
journal = {International Game Theory Review},
keywords = {coalition},
number = {04},
pages = {613--641},
title = {{Coalition Formation Games: a Survey}},
volume = {08},
year = {2006}
}
@article{Springenberg2014,
author = {Springenberg, J T and Dosovitskiy, A and Brox, T and Riedmiller, M},
journal = {arXiv preprint arXiv:1412.6806},
title = {{Striving for Simplicity: The All Convolutional Net}},
year = {2014}
}
@article{angwin2016Accountable,
author = {Angwin, J},
journal = {New York Times},
month = {aug},
title = {{Make Algorithms Accountable}},
url = {http://goo.gl/J3JjUo},
year = {2016}
}
@article{Kamiran2012,
author = {Kamiran, Faisal and Karim, Asim and Zhang, Xiangliang},
doi = {10.1109/ICDM.2012.45},
isbn = {9780769549057},
issn = {15504786},
journal = {Proceedings - IEEE International Conference on Data Mining, ICDM},
keywords = {social discrimination, classification, decision th},
pages = {924--929},
title = {{Decision theory for discrimination-aware classification}},
year = {2012}
}
@inproceedings{sen2014bootstrapping,
author = {Shayak Sen and Saikat Guha and Anupam Datta and Sriram K. Rajamani and Janice Tsai and Jeanette M. Wing},
booktitle = {35th},
title = {{Bootstrapping Privacy Compliance in Big Data Systems}},
year = {2014}
}
@inproceedings{lambert2008self,
author = {Lambert, N S and Langford, J and Wortman, J and Chen, Y and Reeves, D and Shoham, Y},
booktitle = {9th},
pages = {170--179},
title = {{Self-financed wagering mechanisms for forecasting}},
year = {2008}
}
@inproceedings{Papernot2018a,
author = {Papernot, N and Song, S and Mironov, I and Raghunathan, A and Talwar, K and Erlingsson, {\'{U}}},
booktitle =  proc # {6th} # iclr,
eprint = {1802.08908},
title = {{Scalable Private Learning with PATE}},
pages = {1--34},
year = {2018}
}
@article{mittelstadt2016ethics,
author = {Mittelstadt, B D and Allo, P and Taddeo, M and Wachter, S and Floridi, L},
journal = {Big Data & Society},
number = {2},
pages = {1--21},
title = {{The ethics of algorithms: Mapping the debate}},
volume = {3},
year = {2016}
}

@article{Ardjmand2016state,
author = {Ardjmand, E and Millie, D F and Ghalehkhondabi, I and {Young I.}, William A and Weckman, G R},
journal = {Advances in Artificial Neural Systems},
title = {{A State-Based Sensitivity Analysis for Distinguishing the Global Importance of Predictor Variables in Artificial Neural Networks}},
year = {2016}
}
@article{Kusner2017,
archivePrefix = {arXiv},
arxivId = {1703.06856},
author = {Kusner, Matt J. and Loftus, Joshua R. and Russell, Chris and Silva, Ricardo},
eprint = {1703.06856},
issn = {10495258},
number = {Nips},
title = {{Counterfactual Fairness}},
url = {http://arxiv.org/abs/1703.06856},
year = {2017}
}
@misc{DeRosnay2016DigitalRepublicBill,
author = {de Rosnay, M D},
month = {apr},
title = {{Algorithmic Transparency and Platform Loyalty or Fairness in the French Digital Republic Bill}},
url = {https://goo.gl/TLcUUh},
year = {2016}
}
@article{Strumbelj2010,
archivePrefix = {arXiv},
arxivId = {1606.05386},
author = {Strumbelj, Erik and Kononenko, Igor},
doi = {10.1145/2858036.2858529},
eprint = {1606.05386},
isbn = {15324435},
issn = {1532-4435},
journal = {Journal of Machine Learning Research},
keywords = {MiM,PvsT,classification,data postprocessing,explanation,visualization},
mendeley-tags = {MiM,PvsT},
pages = {1--18},
title = {{An Efficient Explanation of Individual Classifications using Game Theory}},
volume = {11},
year = {2010}
}
@article{Smilkov2017,
archivePrefix = {arXiv},
arxivId = {arXiv:1706.03825v1},
author = {Smilkov, Daniel and Thorat, Nikhil and Kim, Been and Viegas, Fernanda and Winterberg, Martin},
eprint = {arXiv:1706.03825v1},
journal = {arXiv preprint arXiv:1706.03825},
keywords = {PvsT},
mendeley-tags = {PvsT},
title = {{SmoothGrad : removing noise by adding noise}},
year = {2017}
}
@book{coopbook,
author = {Peleg, B and Sudh{\"{o}}lter, P},
publisher = {Springer},
series = {Theory and Decision Library. Series C: Game Theory, Mathematical Programming and Operations Research},
title = {{Introduction to the Theory of Cooperative Games}},
volume = {34},
year = {2007}
}
@book{saltelli2008global,
author = {Saltelli, A and Ratto, M and Andres, T and Campolongo, F and Cariboni, J and Gatelli, D and Saisana, M and Tarantola, S},
publisher = {John Wiley & Sons},
title = {{Global sensitivity analysis: the primer}},
year = {2008}
}


@article{zeng2017interpretable,
author = {Zeng, J and Ustun, B and Rudin, C},
journal = {Journal of the Royal Statistical Society: Series A (Statistics in Society)},
number = {3},
pages = {689--722},
title = {{Interpretable classification models for recidivism prediction}},
volume = {180},
year = {2017}
}
@article{Dooling2016Facebook,
author = {Dooling, A},
journal = {New York Times},
month = {nov},
title = {{Algorithms Could Help Social Media Users Spot Fake News}},
url = {https://goo.gl/AjdUCf},
year = {2016}
}
@article{Goodfellow2009,
author = {Goodfellow, Ian J and Le, Quoc V and Saxe, Andrew M and Lee, Honglak and Ng, Andrew Y},
doi = {10.1.1.154.674},
isbn = {9781615679119},
journal = {Advances in Neural Information Processing Systems 22},
pages = {646--654},
title = {{Measuring Invariances in Deep Networks}},
volume = {22},
year = {2009}
}

@inproceedings{babaioff2019marketfairness, 
    author = {Babaioff, Moshe and Nisan, Noam and Talgam-Cohen, Inbal}, 
    title = {Fair Allocation through Competitive Equilibrium from Generic Incomes}, 
    year = {2019}, 
    booktitle = proc # {1st} # fatconf, 
    pages = {180}
    }
@article{varian1974envy,
author ={Hal R. Varian},
volume= 9, 
issue =1, 
month ={September}, 
year = {1974},
pages={63--91},
journal = {Journal of Economic Theory},
title = {Equity, envy, and efficiency}
}

@inproceedings{akrami2022mnw,
  title={Maximizing Nash Social Welfare in 2-Value Instances},
  author={Hannaneh Akrami and Bhaskar Ray Chaudhury and Martin Hoefer and Kurt Mehlhorn and Marco Schmalhofer and Golnoosh Shahkarami and Giovanna Varricchio and Quentin Vermande and Ernest van Wijland},
  booktitle=proc # {36th} # aaai,
  year={2022}
}
@incollection{thomson1989axioms,
author = {William Thomson},
title ={Axiomatic Theory of Bargaining With a Variable Population: a Survey of Recent Results},
booktitle={Game-Theoretic Models of Bargaining}, 
publisher={Cambridge University Press}, 
editor={Roth, Alvin E.}, 
year={1985}, 
pages={233-–258}
}

@article{Suksumpong2022weightednash,
title = {On maximum weighted Nash welfare for binary valuations},
journal = {Mathematical Social Sciences},
volume = {117},
pages = {101-108},
year = {2022},
issn = {0165-4896},
author = {Warut Suksompong and Nicholas Teh}
}

@incollection{aziz2016hedonic,
	author      = {Haris Aziz and Rahul Savani},
	title       = {Hedonic Games},
	editor      = {Felix Brandt and Vincent Conitzer and Ulle Endriss and J{\'e}r{\^o}me Lang and Ariel D. Procaccia},
	booktitle   = {Handbook of Computational Social Choice},
	publisher   = {Cambridge University Press},
	year        = 2016,
	pages       = {356--377},
	chapter     = 15
}

@inproceedings{conitzer2019group,
	title = {Group Fairness for the Allocation of Indivisible Goods},
	author = {Vincent Conitzer and Rupert Freeman and Nisarg Shah and Jennifer Wortman Vaughan},
	year = {2019},
	booktitle = proc # {33rd} # aaai,
	pages = {1853--1860}
}

@inproceedings{freeman2017fair,
  title={Fair social choice in dynamic settings},
  author={Freeman, Rupert and Zahedi, Seyed Majid and Conitzer, Vincent},
  booktitle=proc # {26th} # ijcai,
  pages={4580--4587},
  year={2017}
}

@article{kyropoulou2020almost,
	title={Almost envy-freeness in group resource allocation},
	author={Kyropoulou, Maria and Suksompong, Warut and Voudouris, Alexandros A.},
	journal={Theoretical Computer Science},
	volume={841},
	pages={110--123},
	year={2020}
}

@article{peysakhovich2019fairness,
	author    = {Alexander Peysakhovich and Christian Kroer},
	title     = {Fair Division Without Disparate Impact},
	journal   = {CoRR},
	volume    = {abs/1906.02775},
	year      = {2019},
	eprint    = {1906.02775}
}

@book{brandt2016handbook,
	editor      = {Felix Brandt and Vincent Conitzer and Ulle Endriss and J{\'e}r{\^o}me Lang and Ariel D. Procaccia},
	title   = {Handbook of Computational Social Choice},
	publisher   = {Cambridge University Press},
	year        = 2016
}

@inproceedings{mcsherry2007mechanism,
	title={Mechanism design via differential privacy},
	author={McSherry, Frank and Talwar, Kunal},
	booktitle=proc # {48th} # focs,
	pages={94--103},
	year={2007}
}

@inproceedings{nissim2012mechanism, 
	author = {Nissim, Kobbi and Orlandi, Claudio and Smorodinsky, Rann}, 
	title = {Privacy-Aware Mechanism Design}, 
	year = {2012}, 
	booktitle = proc # {13th} # ec, 
	pages = {774--789}, 
}

@article{pai2013survey, 
	author = {Pai, Mallesh M. and Roth, Aaron}, 
	title = {Privacy and Mechanism Design}, 
	year = {2013}, 
	publisher = {Association for Computing Machinery}, 
	volume = {12}, number = {1}, 
	journal = {SIGecom Exchanges}, 
	month = jun, 
	pages = {8--29}
}

@article{hsu2016private,
	title={Private matchings and allocations},
	author={Hsu, Justin and Huang, Zhiyi and Roth, Aaron and Roughgarden, Tim and Wu, Zhiwei Steven},
	journal={SIAM Journal on Computing},
	volume={45},
	number={6},
	pages={1953--1984},
	year={2016},
	publisher={SIAM}
}

@inproceedings{kannan2014approximately,
	title={Approximately stable, school optimal, and student-truthful many-to-one matchings (via differential privacy)},
	author={Kannan, Sampath and Morgenstern, Jamie and Roth, Aaron and Wu, Zhiwei Steven},
	booktitle=proc # {26th} # soda,
	pages={1890--1903},
	year={2014},
	organization={SIAM}
}

@article{cummings2020privateprediction, 
	author = {Cummings, Rachel and Pennock, David M. and Vaughan, Jennifer Wortman}, 
	title = {The Possibilities and Limitations of Private Prediction Markets}, 
	year = {2020}, 
	publisher = {Association for Computing Machinery}, 
	volume = {8}, 
	number = {3},  
	journal = {ACM Transactions on Economics and Computation}, 
	month = sep, 
	articleno = {15} 
}

@inproceedings{lev2021markets, 
	author = {Lev, Omer and Patel, Neel and Viswanathan, Vignesh and Zick, Yair}, 
	title = {The Price is (Probably) Right: Learning Market Equilibria from Samples}, 
	year = {2021}, 
	booktitle = proc # {20th} # aamas, 
	pages = {755--763} 
}

@inproceedings{lev2021knesset, 
	author = {Lev, Omer and Lu, Wei and Tsang, Alan and Zick, Yair}, 
	title = {Learning Cooperative Solution Concepts from Voting Behavior: A Case Study on the Israeli Knesset}, 
	year = {2021}, 
	booktitle = proc # {20th} # aamas, 
	pages = {1572--1574}
	}

@inproceedings{narayanan2018tutorial,
	title = {Translation tutorial: 21 fairness definitions and their politics},
	author = {Arvind Narayanan},
	year ={2018},
	booktitle = proc # {1st} # fatconf
}

@book{barocas-hardt-narayanan,
	title = {Fairness and Machine Learning},
	author = {Solon Barocas and Moritz Hardt and Arvind Narayanan},
	publisher = {fairmlbook.org},
	note = {\url{http://www.fairmlbook.org}},
	year = {2019}
}

@article{kurokawa2018fairenough, 
    author = {Kurokawa, David and Procaccia, Ariel D. and Wang, Junxing}, 
    title = {Fair Enough: Guaranteeing Approximate Maximin Shares}, 
    year = {2018}, 
    publisher = {Association for Computing Machinery}, 
    volume = {65}, 
    number = {2}, 
    journal = {Journal of the {ACM}}, 
    month = {feb}, 
    articleno = {8}, 
}






@inproceedings{kobren2019paper,
	title={Paper matching with local fairness constraints},
	author={Kobren, Ari and Saha, Barna and McCallum, Andrew},
	booktitle=proc # {25th} # kdd,
	pages={1247--1257},
	year={2019}
}

@inproceedings{stelmakh2019peerreview4all,
	title={{PeerReview4All}: Fair and accurate reviewer assignment in peer review},
	author={Stelmakh, Ivan and Shah, Nihar B and Singh, Aarti},
	booktitle=proc # {30th} # alt,
	pages={828--856},
	year={2019}
}

@article{segalhalevi2020efland,
	journal = {Mathematics of Operations Research},
	volume = 45, 
	number = 3,
	title = {Envy-Free Division of Land},
	author = {Erel Segal-Halevi and Shmuel Nitzan and Avinatan Hassidim and Yonatan Aumann},
	year = 2020
}

@InProceedings{zemel2013fairness, 
	title = {Learning Fair Representations}, 
	author = {Rich Zemel and Yu Wu and Kevin Swersky and Toni Pitassi and Cynthia Dwork}, 
	booktitle = proc # {30th} # icml, 
	pages = {325--333}, 
	year = {2013}
 }

@article{mehrabi2019mlfairnesssurvey,
	author    = {Ninareh Mehrabi and Fred Morstatter and Nripsuta Saxena and Kristina Lerman and Aram Galstyan},
	title     = {A Survey on Bias and Fairness in Machine Learning},
	journal   = {CoRR},
	volume    = {abs/1908.09635},
	year      = {2019},
	archivePrefix = {arXiv},
	eprint    = {1908.09635}
}

@article{abdulkadiroglu2003schoolchoice,
	author = {Atila Abdulkadiro{\u g}lu and Tayfun S{\"o}nmez},
	journal = {The American Economic Review},
	number = {3},
	pages = {729--747},
	title = {School Choice: A Mechanism Design Approach},
	volume = {93},
	year = {2003}
}

@article{galeshapley,
	title = {College Admissions and the Stability of Marriage},
	author ={David Gale and Lloyd S. Shapley},
	journal = {The American Mathematical Monthly}, 
	year = {1962}, 
	volume = {69}, 
	number = {1},
	pages = {9--15}
}

@article{foley1967envy,
	author = {Duncan K. Foley},
	title = {Resource allocation and the public sector},
	journal = {Yale Economics Essays},
	volume = 7,
	pages = {45--98},
	year = 1967
}




@article{benabbou2020diversity,
	author    = {Nawal Benabbou and
	Mithun Chakraborty and
	Xuan{-}Vinh Ho and
	Jakub Sliwinski and
	Yair Zick},
	title     = {The Price of Quota-based Diversity in Assignment Problems},
	journal   = {{ACM} Trans. Economics and Comput.},
	volume    = {8},
	number    = {3},
	pages     = {14:1--14:32},
	year      = {2020}}

@inproceedings{lipton2004ef1, 
		author = {Lipton, Richard J. and Markakis, Evangelos and Mossel, Elchanan and Saberi, Amin}, 
		title = {On Approximately Fair Allocations of Indivisible Goods}, 
		year = {2004}, 
		booktitle = proc # {5th} # ecold, 
		pages = {125--131}, 
		}

@article{garg2010assigning,
	title={Assigning papers to referees},
	author={Garg, Naveen and Kavitha, Telikepalli and Kumar, Amit and Mehlhorn, Kurt and Mestre, Juli{\'a}n},
	journal={Algorithmica},
	volume={58},
	number={1},
	pages={119--136},
	year={2010},
	publisher={Springer}
}

@article{aziz2019constrained,
	title={The constrained round robin algorithm for fair and efficient allocation},
	author={Aziz, Haris and Huang, Xin and Mattei, Nicholas and Segal-Halevi, Erel},
	journal={arXiv preprint arXiv:1908.00161},
	year={2019}
}


@book{endriss2017trends,
	title       = {Trends in Computational Social Choice},
	editor      = {Ulle Endriss},
	publisher   = {AI Access},
	year        = 2017
}

@book{arrow2002handbook,
year = {2002},
author = {Kenneth J. Arrow and Amartya K. Sen and Kotaro Suzumura},
title = {Handbook of Social Choice and Welfare},
publisher = {Elsevier}
}

@article{nash1950bargaining,
	author = {John F. Nash},
	journal = {Econometrica},
	number = {2},
	pages = {155--162},
	title = {The Bargaining Problem},
	volume = {18},
	year = {1950}
}


@article{adler2016auditing,
author = {Adler, P and Falk, C and Friedler, S A and Rybeck, G and Scheidegger, C and Smith, B and Venkatasubramanian, S},
journal = {Knowledge and Information Systems},
title = {{Auditing black-box models for indirect influence}},
pages = {95--122},
volume = {54},
year = {2018}
}
@article{Zliobaite2017,
author = {{\v{Z}}liobaitė, Indrė},
doi = {10.1007/s10618-017-0506-1},
isbn = {1061801705},
issn = {1573756X},
journal = {Data Mining and Knowledge Discovery},
keywords = {Accountability,Discrimination-aware data mining,Fairness-aware machine learning,Important,Indirect discrimination,MiM,Predictive modeling,PvsT},
mendeley-tags = {Important,MiM,PvsT},
number = {4},
pages = {1060--1089},
title = {{Measuring discrimination in algorithmic decision making}},
volume = {31},
year = {2017}
}
@article{Simonyan2013a,
author = {Simonyan, K and Vedaldi, A and Zisserman, A},
journal = {arXiv preprint arXiv:1312.6034},
title = {{Deep Inside Convolutional Networks: Visualising Image Classification Models and Saliency Maps}},
year = {2013}
}
@misc{whitehousesignals,
address = {Washington D.C.},
author = {{of the Press Secretary}, The White House. Office},
howpublished = {Retrieved from http://www.whitehouse.gov/the-press-office/2014/01/17/remarks-president-review-signals-intelligence},
institution = {Department of Justice},
title = {{Remarks by the President on Review of Signals Intelligence}},
year = {2014}
}
@article{bachrach2010approx,
author = {Bachrach, Y and Markakis, E and Resnick, E and Procaccia, A D and Rosenschein, J S and Saberi, A},
journal = {Autonomous Agents and Multi-Agent Systems},
number = {2},
pages = {105--122},
publisher = {Springer},
title = {{Approximating power indices: theoretical and empirical analysis}},
volume = {20},
year = {2010}
}
@article{Russakovsky2015,
author = {Russakovsky, O and Deng, J and Su, H and Krause, J and Satheesh, S and Ma, S and Huang, Z and Karpathy, A and Khosla, A and Bernstein, M and Berg, A C and Fei-Fei, L},
journal = {International Journal of Computer Vision},
number = {3},
pages = {211--252},
pmid = {16190471},
title = {{ImageNet Large Scale Visual Recognition Challenge}},
volume = {115},
year = {2015}
}
@unpublished{zick2014jair,
author = {Zick, Y and Markakis, E and Elkind, E},
month = {apr},
title = {{Arbitration and Stability in Cooperative Games with Overlapping Coalitions}},
year = {2014}
}

@article{ribeiro2016programs,
author = {Sameer Singh and Marco T. Ribeiro and Carlos Guestrin},
journal = {arXiv preprint arXiv:1611.07579},
title = {{Programs as Black-Box Explanations}},
year = {2016}
}
@inproceedings{Tramer2016,
archivePrefix = {arXiv},
arxivId = {1609.02943},
author = {Tram{\`{e}}r, Florian and Zhang, Fan and Juels, Ari and Reiter, Michael K and Ristenpart, Thomas},
booktitle = {USENIX Security Symposium},
doi = {10.1103/PhysRevC.94.034301},
eprint = {1609.02943},
isbn = {9781931971324},
issn = {2469-9985},
keywords = {PvsT},
mendeley-tags = {PvsT},
pages = {601----618},
title = {{Stealing Machine Learning Models via Prediction APIs}},
url = {https://link.aps.org/doi/10.1103/PhysRevC.94.034301},
year = {2016}
}

@inproceedings{goemans2009approx,
author = {Goemans, M X and Harvey, N J and Iwata, S and Mirrokni, V},
booktitle = {Proceedings of the Twentieth Annual ACM-SIAM Symposium on Discrete Algorithms (SODA'09)},
pages = {535--544},
title = {{Approximating Submodular Functions Everywhere}},
year = {2009}
}
@article{kroll2017accountable,
author = {Kroll, J A and Huey, J and Barocas, S and Felten, E and Reidenberg, J R and Robinson, D G and {and H. Yu}},
journal = {University of Pennsylvania Law Review},
number = {3},
title = {{Accountable Algorithms}},
volume = {165},
year = {2017}
}
@article{Joseph2016rawlsian,
author = {Matthew Joseph and Michael Kearns and Jamie Morgenstern and Seth Neel and Aaron Roth},
journal = {arXiv preprint arXiv:1610.09559},
title = {{Rawlsian Fairness for Machine Learning}},
year = {2016}
}
@inproceedings{Goodfellow2015,
archivePrefix = {arXiv},
arxivId = {arXiv:1412.6572v3},
author = {Goodfellow, Ian J and Shlens, Jonathon and Szegedy, Christian},
booktitle = {Proceedings of the 3rd International Conference on Learning Representations},
doi = {10.1109/EMBC.2013.6610504},
eprint = {arXiv:1412.6572v3},
isbn = {9781457702167},
issn = {1557170X},
pmid = {24110691},
title = {{Explaining and harnessing adverserial examples}},
year = {2015}
}

@inproceedings{baier2021shapleycausality,
	author    = {Christel Baier and Clemens Dubslaff and Florian Funke and Simon Jantsch and Rupak Majumdar and Jakob Piribauer and Robin Ziemek},
	title     = {From Verification to Causality-Based Explications},
	booktitle = proc # {48th} # icalp,
	pages     = {1:1--1:20},
	year      = {2021}
}

@article{shapleyyoung,
author = {Hobart P. Young},
journal = {International Journal of Game Theory},
number = {2},
pages = {65--72},
publisher = {Springer},
title = {{Monotonic solutions of cooperative games}},
volume = {14},
year = {1985}
}
@article{Feige1998,
author = {Feige, Uriel},
doi = {10.1145/285055.285059},
isbn = {9781605580470},
issn = {00045411},
journal = {Journal of the ACM},
keywords = {Fairness in Group Selection,Work with Ariel},
mendeley-tags = {Fairness in Group Selection,Work with Ariel},
number = {4},
pages = {634--652},
title = {{A threshold of ln n for approximating set cover}},
url = {http://portal.acm.org/citation.cfm?doid=285055.285059},
volume = {45},
year = {1998}
}

@inproceedings{Brandt,
author = {Brandt, F and Hofbauer, J and Strobel, M},
booktitle =  proc # {17th} # aamas,
keywords = {2019,acm reference format,and martin strobel,ehrhart theory,exploring the,felix brandt,johannes hofbauer,no-show paradox,social choice theory,voting},
title = {{Exploring the No-Show Paradox for Condorcet Extensions Using Ehrhart Theory and Computer Simulations}},
year = {2019}
}
@inproceedings{cohen2005feature,
author = {Cohen, S and Ruppin, E and Dror, G},
booktitle = {19th},
pages = {665--670},
title = {{Feature selection based on the Shapley value}},
year = {2005}
}
@misc{McSherry2016,
author = {McSherry, F},
booktitle = {GitHub},
title = {{Statistical inference considered harmful}},
url = {https://github.com/frankmcsherry/blog/blob/master/posts/2016-06-14.md},
year = {2016}
}
@article{Nemhauser1978,
author = {Nemhauser, G. L. and Wolsey, L. A. and Fisher, M. L.},
doi = {10.1007/BF01588971},
isbn = {9783642007903},
issn = {00255610},
journal = {Mathematical Programming},
keywords = {Fairness in Group Selection,Greedy Algorithm,Heuristics,Interchange Algorithm,Linear Programming,Matroid Optimization,Submodular Set Functions,Work with Ariel},
mendeley-tags = {Fairness in Group Selection,Work with Ariel},
number = {1},
pages = {265--294},
title = {{An analysis of approximations for maximizing submodular set functions-I}},
volume = {14},
year = {1978}
}
@article{szegedy2013intriguing,
author = {Szegedy, C and Zaremba, W and Sutskever, I and Bruna, J and Erhan, D and Goodfellow, I and Fergus, R},
journal = {arXiv preprint arXiv:1312.6199},
title = {{Intriguing properties of neural networks}},
year = {2013}
}
@article{Kleinberg2017a,
author = {Kleinberg, Jon and Lakkaraju, Himabindu and Leskovec, Jure and Ludwig, Jens and Mullainathan, Sendhil and Abrams, David and Alsdorf, Matt and Cohen, Molly and Crohn, Alexander and Cusick, Gretchen Ruth and Dierks, Tim and Donohue, John and Dupont, Mark and Egan, Meg and Glazer, Elizabeth and Gottschall, Joan and Hess, Nathan and Kane, Karen and Kellam, Leslie and Lascala-Gruenewald, Angela and Loeffler, Charles and Milgram, Anne and Raphael, Lauren and Rohlfs, Chris and Rosenbaum, Dan and Salo, Terry and Shleifer, Andrei and Sojourner, Aaron and Sowerby, James and Sunstein, Cass and Sviridoff, Michele and Turner, Emily and John, Judge},
doi = {10.1093/qje/qjx032/4095198/Human-Decisions-and-Machine-Predictions},
isbn = {9783642155611},
number = {September},
pages = {1--53},
title = {{NBER WORKING PAPER SERIES HUMAN DECISIONS AND MACHINE PREDICTIONS Human Decisions and Machine Predictions}},
url = {http://www.nber.org/papers/w23180},
year = {2017}
}
@book{ONeil2016MathDestruction,
author = {O'Neil, C},
publisher = {Crown},
title = {{Weapons of math destruction : how big data increases inequality and threatens democracy}},
year = {2016}
}
@inproceedings{Lundberg2017,
archivePrefix = {arXiv},
arxivId = {1705.07874},
author = {Lundberg, Scott M and Lee, Su-In},
booktitle = {Advances in Neural Information Processing Systems},
eprint = {1705.07874},
issn = {10495258},
keywords = {MiM,PvsT},
mendeley-tags = {MiM,PvsT},
pages = {4765----4774},
title = {{A Unified Approach to Interpreting Model Predictions}},
url = {http://arxiv.org/abs/1705.07874},
year = {2017}
}
@article{Solis-Oba2017,
author = {Solis-Oba, R. and Bonsma, P. and Lowski, S.},
doi = {10.1007/s00453-015-0080-0},
issn = {14320541},
journal = {Algorithmica},
keywords = {Algorithm,Approximation,Graphs,Optimization},
number = {2},
pages = {374--388},
publisher = {Springer US},
title = {{A 2-Approximation Algorithm for Finding a Spanning Tree with Maximum Number of Leaves}},
volume = {77},
year = {2017}
}
@article{Liu2014a,
author = {Liu, Yong and Jiang, Shali and Liao, Shizhong},
isbn = {9781634393973},
journal = {Proceedings of the 31st International Conference on Machine Learning},
number = {1},
pages = {324--332},
title = {{Efficient Approximation of Cross-Validation for Kernel Methods using Bouligand Influence Function}},
url = {http://proceedings.mlr.press/v32/liua14.html},
volume = {32},
year = {2014}
}
@article{Szegedy2015a,
archivePrefix = {arXiv},
arxivId = {1512.00567},
author = {Szegedy, Christian and Vanhoucke, Vincent and Ioffe, Sergey and Shlens, Jonathon and Wojna, Zbigniew},
doi = {10.1109/CVPR.2016.308},
eprint = {1512.00567},
isbn = {978-1-4673-8851-1},
issn = {08866236},
keywords = {CS6231,PvsT},
mendeley-tags = {CS6231,PvsT},
pmid = {8190083},
title = {{Rethinking the Inception Architecture for Computer Vision}},
url = {http://arxiv.org/abs/1512.00567},
year = {2015}
}
@inproceedings{ribeiro2018anchors,
author = {Marco T. Ribeiro and Sameer Singh and Carlos Guestrin},
booktitle = proc # {32nd} # aaai, 
title = {{Anchors: High-Precision Model-Agnostic Explanations}},
pages ={1527--1535},
year = {2018}
}
@article{Riazi2019,
archivePrefix = {arXiv},
arxivId = {1902.07342v1},
author = {Riazi, M Sadegh and Samragh, Mohammad and Chen, Hao and Laine, Kim and Lauter, Kristin and Koushanfar, Farinaz},
eprint = {1902.07342v1},
number = {ii},
title = {{XONN: XNOR-based Oblivious Deep Neural Network Inference}},
url = {https://eprint.iacr.org/2019/171.pdf},
year = {2019}
}
@inproceedings{Kasiviswanathan2008,
author = {Kasiviswanathan, Shiva Prasad and Lee, Homin K and Nissim, Kobbi and Raskhodnikova, Sofya and Smith, Adam},
booktitle = proc # {49th} # focs,
doi = {10.1109/FOCS.2008.27},
keywords = {PvsT},
mendeley-tags = {PvsT},
pages = {531--540},
title = {{What Can We Learn Privately ?}},
year = {2008}
}
@book{PageScott2007,
address = {Princeton},
author = {{Page Scott}, E},
keywords = {Fairness in Group Selection,Work with Ariel},
mendeley-tags = {Fairness in Group Selection,Work with Ariel},
pages = {424},
publisher = {Princeton University Press},
title = {{The Difference: How the Power of Diversity Creates Better Groups, Firms, Schools, and Societies}},
year = {2007}
}
@article{michalak2013centrality,
author = {Michalak, T P and Aadithya, K V and Szczepanski, P L and Ravindran, B and Jennings, N R},
journal = {Journal of Artificial Intelligence Research (JAIR)},
pages = {607--650},
title = {{Efficient Computation of the Shapley Value for Game-Theoretic Network Centrality}},
volume = {46},
year = {2013}
}

@article{goodman2017explanation,
author = {Goodman, B and Flaxman, S R},
journal = {{AI} Magazine},
number = {3},
pages = {50--57},
title = {{European Union Regulations on Algorithmic Decision-Making and a ``Right to Explanation''}},
volume = {38},
year = {2017}
}

@article{Garwin2002,
author = {Garwin, Richard L. and Knuth, Donald E. and Teukolsky, Saul A.},
doi = {10.1063/1.1480790},
isbn = {1575863278 (cloth alk. paper)},
issn = {00319228},
journal = {Physics Today},
number = {4},
pages = {77},
pmid = {12340544},
title = {{Things a computer scientist rarely talks about}},
volume = {55},
year = {2002}
}
@techreport{Li2011,
author = {Li, Ninghui and Qardaji, Wahbeh and Su, Dong},
keywords = {PvsT},
mendeley-tags = {PvsT},
title = {{Provably private data anonymization: Or, k-anonymity meets differential privacy}},
url = {https://www.cerias.purdue.edu/assets/pdf/bibtex_archive/2010-24.pdf},
year = {2010}
}
@inproceedings{badan2012sketch,
author = {Badanidiyuru, A and Dobzinski, S and Fu, H and Kleinberg, R and Nisan, N and Roughgarden, T},
booktitle = {23rd},
pages = {1025--1035},
title = {{Sketching Valuation Functions}},
year = {2012}
}
@article{smith2016NYTCompas,
author = {Mitch Smith},
journal = {New York Times},
month = {jun},
title = {{A Case Is Putting the Use of Data to Predict Defendants' Futures on Trial}},
url = {https://goo.gl/L38M76},
year = {2016}
}
@inproceedings{balcan2011learning,
author = {Balcan, M F and Harvey, N J},
booktitle = {43rd},
pages = {793--802},
title = {{Learning submodular functions}},
year = {2011}
}
@article{Mayer2017,
author = {Mayer, R. E.},
doi = {10.1111/jcal.12197},
isbn = {1365-2729},
issn = {13652729},
journal = {Journal of Computer Assisted Learning},
keywords = {e-learning,instructional design,multimedia learning,science of learning},
number = {5},
pages = {403--423},
title = {{Using multimedia for e-learning}},
volume = {33},
year = {2017}
}
@book{Custers12InformationSociety,
author = {Custers, B and Calders, T and Schermer, B and Zarsky, T},
publisher = {Springer Science & Business Media},
title = {{Discrimination and Privacy in the Information Society: Data Mining and Profiling in Large Databases}},
volume = {3},
year = {2012}
}
@article{moretti2008combining,
author = {Moretti, S and van Leeuwen, D and Gmuender, H and Bonassi, S and van Delft, J and Kleinjans, J and Patrone, F and Merlo, D F},
journal = {BMC bioinformatics},
number = {1},
pages = {361},
publisher = {BioMed Central Ltd},
title = {{Combining Shapley value and statistics to the analysis of gene expression data in children exposed to air pollution}},
volume = {9},
year = {2008}
}
@article{Russakovsky,
archivePrefix = {arXiv},
arxivId = {1409.0575},
author = {Russakovsky, Olga and Deng, Jia and Su, Hao and Krause, Jonathan and Satheesh, Sanjeev and Ma, Sean and Huang, Zhiheng and Karpathy, Andrej and Khosla, Aditya and Bernstein, Michael and Berg, Alexander C. and Fei-Fei, Li},
doi = {10.1007/s11263-015-0816-y},
eprint = {1409.0575},
isbn = {0920-5691},
issn = {15731405},
journal = {International Journal of Computer Vision},
keywords = {Benchmark,CS6231,Dataset,Large-scale,Object detection,Object recognition,PvsT},
mendeley-tags = {CS6231,PvsT},
number = {3},
pages = {211--252},
pmid = {16190471},
title = {{ImageNet Large Scale Visual Recognition Challenge}},
volume = {115},
year = {2015}
}
@article{Bastani2017,
archivePrefix = {arXiv},
arxivId = {arXiv:1706.09773v4},
author = {Bastani, Osbert and Kim, Carolyn and Bastani, Hamsa},
eprint = {arXiv:1706.09773v4},
journal = {Presented as a poster at the 2017Workshop on Fairness, Account- ability, and Transparency in Machine Learning (FAT/ML 2017).},
keywords = {PvsT},
mendeley-tags = {PvsT},
title = {{Interpretability via Model Extraction}},
year = {2017}
}
@article{Shokri2017a,
author = {Shokri, Reza and Stronati, Marco and Song, Congzheng and Shmatikov, Vitaly},
journal = {Proceedings - IEEE Symposium on Security and Privacy},
pages = {3--18},
pmid = {23766329},
title = {{Membership Inference Attacks Against Machine Learning Models}},
year = {2017}
}
@article{Kleinberg2016inherent,
author = {Kleinberg, J and Mullainathan, S and Raghavan, M},
journal = {arXiv preprint arXiv:1609.05807},
title = {{Inherent Trade-Offs in the Fair Determination of Risk Scores}},
year = {2016}
}
@article{Klauschen2015,
author = {Klauschen, F and M{\"{u}}ller, K and Binder, A and Montavon, G and Samek, W and Bach, S},
journal = {Plos One},
title = {{On Pixel-Wise Explanations for Non-Linear Classifier Decisions by Layer-Wise Relevance Propagation}},
year = {2015}
}
@article{vidovic2016feature,
author = {Vidovic, M M.-C. and G{\"{o}}rnitz, N and M{\"{u}}ller, K.-R. and Kloft, M},
journal = {arXiv preprint arXiv:1611.07567},
title = {{Feature Importance Measure for Non-linear Learning Algorithms}},
year = {2016}
}
@book{Pasquale2015BlackBox,
author = {Pasquale, F},
publisher = {Harvard University Press},
title = {{The black box society : the secret algorithms that control money and information}},
year = {2015}
}
@inproceedings{bachrach2014max,
author = {Bachrach, Y and Savani, R and Shah, N},
booktitle = {13th},
pages = {29--36},
title = {{Cooperative Max Games and Agent Failures}},
year = {2014}
}
@article{Albers2016,
archivePrefix = {arXiv},
arxivId = {1609.02943},
author = {Albers, M. and Zhu, S. and Ayangeakaa, A. D. and Janssens, R. V. F. and Gellanki, J. and Ragnarsson, I. and Alcorta, M. and Baugher, T. and Bertone, P. F. and Carpenter, M. P. and Chiara, C. J. and Chowdhury, P. and David, H. M. and Deacon, A. N. and DiGiovine, B. and Gade, A. and Hoffman, C. R. and Kondev, F. G. and Lauritsen, T. and Lister, C. J. and McCutchan, E. A. and Nair, C. and Rogers, A. M. and Seweryniak, D.},
doi = {10.1103/PhysRevC.94.034301},
eprint = {1609.02943},
isbn = {9781931971324},
issn = {2469-9985},
journal = {Physical Review C},
number = {3},
pages = {034301},
title = {{Single-particle and collective excitations in <math> <mmultiscripts> <mi>Ni</mi> <mprescripts/> <none/> <mn>62</mn> </mmultiscripts> </math>}},
url = {https://link.aps.org/doi/10.1103/PhysRevC.94.034301},
volume = {94},
year = {2016}
}


@inproceedings{buolamwini2018gender,
author ={Joy Buolamwini and Timnit Gebru},
title = {Gender Shades:  Intersectional Accuracy Disparities inCommercial Gender Classification},
pages = {1--15},
year ={2018},
booktitle = proc # {1st} # fatconf
}

@article{goldman2015spliddit,
	author = {Goldman, Jonathan and Procaccia, Ariel D.},
	title = {Spliddit: Unleashing Fair Division Algorithms},
	year = {2015},
	issue_date = {December 2014},
	volume = {13},
	number = {2},
	journal = {SIGecom Exchanges},
	month = jan,
	pages = {41-–46}
}




@techreport{grother2019facebias,
	author = {Patrick Grother and Mei Ngan and Kayee Hanaoka},
	title = {Face Recognition Vendor Test ({FRVT}) Part 3: Demographic Effects},
	year = {2019},
	month = {12},
	institution = {National Institute of Standards and Technology, Department of Commerce, {USA}},
}


@article{datta2015automated,
	author = {Amit Datta and Michael Carl Tschantz and Anupam Datta},
	title = {Automated Experiments on Ad Privacy Settings},
	journal = {Proceedings on Privacy Enhancing Technologies},
	year = {2015},
	volume = {2015},
	number = {1},
	pages= {92--112}
}

@article{datta2017proxy,
author = {Datta, A and Fredrikson, M and Ko, G and Mardziel, P and Sen, S},
journal = {CoRR},
title = {{Proxy Non-Discrimination in Data-Driven Systems}},
volume = {abs/1707.0},
year = {2017}
}
@article{Garwin2002a,
author = {Garwin, Richard L. and Knuth, Donald E. and Teukolsky, Saul A.},
doi = {10.1063/1.1480790},
isbn = {1575863278 (cloth alk. paper)},
issn = {00319228},
journal = {Physics Today},
number = {4},
pages = {77},
pmid = {12340544},
title = {{Things a computer scientist rarely talks about}},
volume = {55},
year = {2002}
}
@article{Szekely2007Measuring,
author = {Sz{\'{e}}kely, G J and Rizzo, M L and Bakirov, N K},
journal = {The Annals of Statistics},
number = {6},
pages = {2769--2794},
publisher = {Institute of Mathematical Statistics},
title = {{Measuring and testing dependence by correlation of distances}},
volume = {35},
year = {2007}
}
@article{keinan2004fair,
author = {Keinan, A and Sandbank, B and Hilgetag, C C and Meilijson, I and Ruppin, E},
journal = {Neural Computation},
number = {9},
pages = {1887--1915},
publisher = {MIT Press},
title = {{Fair attribution of functional contribution in artificial and biological networks}},
volume = {16},
year = {2004}
}
@article{asher2017ssl,
author = {Asher, J and Arthur, R},
journal = {New York Times},
month = {jun},
title = {{Inside the Algorithm That Tries to Predict Gun Violence in Chicago}},
url = {https://goo.gl/qphFJA},
year = {2017}
}
@article{Dwork2010,
author = {Dwork, C and Naor, M},
doi = {10.29012/jpc.v2i1.585},
journal = {Journal of Privacy and Confidentiality},
title = {{On the Difficulties of Disclosure Prevention in Statistical Databases or The Case for Differential Privacy}},
year = {2010}
}
@article{Sviridenko2004,
author = {Sviridenko, Maxim},
doi = {10.1016/S0167-6377(03)00062-2},
issn = {01676377},
journal = {Operations Research Letters},
keywords = {Approximation algorithm,Fairness in Group Selection,Submodular function,Work with Ariel},
mendeley-tags = {Fairness in Group Selection,Work with Ariel},
number = {1},
pages = {41--43},
title = {{A note on maximizing a submodular set function subject to a knapsack constraint}},
volume = {32},
year = {2004}
}
@inproceedings{shrikumar2017deeplift,
author = {Shrikumar, A and Greenside, P and Kundaje, A},
booktitle =  proc # {34th} # icml,
title = {{Learning Important Features Through Propagating Activation Differences}},
year = {2017},
pages = {3145--3153}
}
@inproceedings{sundararajan2017axiomatic,
author = {Sundararajan, M and Taly, A and Yan, Q},
booktitle =  proc # {34th} # icml,
title = {{Axiomatic Attribution for Deep Networks}},
pages = {3319--3328},
year = {2017}
}
@misc{Blue2015DuffyvGoogle,
author = {Blue, The Honourable Justice},
title = {{Duffy v. {G}oogle {I}nc}},
url = {http://goo.gl/jSXiZZ},
year = {2015}
}
@article{Baehrens2009,
author = {Baehrens, D and Schroeter, T and Harmeling, S and Kawanabe, M and Hansen, K and Mueller, K},
journal = {Journal of Machine Learning Research},
keywords = {PvsT,ames mutagenicity,black box model,explaining,kernel methods,nonlinear},
mendeley-tags = {PvsT},
pages = {1803--1831},
title = {{How to Explain Individual Classification Decisions}},
volume = {11},
year = {2009}
}
@inproceedings{Shokri2017,
author = {Shokri, R and Stronati, M and Song, C and Shmatikov, V},
booktitle =  proc # {38th} # oakland,
title = {{Membership Inference Attacks Against Machine Learning Models}},
year = {2017},
pages = {3--18}
}
@article{chockler2004responsibility,
author = {Hana Chockler and Joseph Y. Halpern},
journal = {Journal of Artificial Intelligence Research},
pages = {93--115},
title = {{Responsibility and Blame: A Structural-Model Approach}},
volume = {22},
year = {2004}
}

@inproceedings{poyiadzi2020face, 
	author = {Poyiadzi, Rafael and Sokol, Kacper and Santos-Rodriguez, Raul and De Bie, Tijl and Flach, Peter}, 
	title = {{FACE}: Feasible and Actionable Counterfactual Explanations}, 
	year = {2020}, 
	booktitle = proc # {3rd} # aies, 
	pages = {344–350}
}

@Inbook{wang2020fl,
	author="Wang, Tianhao and Rausch, Johannes and Zhang, Ce and Jia, Ruoxi and Song, Dawn",
	title="A Principled Approach to Data Valuation for Federated Learning",
	bookTitle="Federated Learning: Privacy and Incentive",
	year="2020",
	publisher="Springer International Publishing",
	pages="153--167"
}


@misc{karimi2020survey,
	title={A survey of algorithmic recourse: definitions, formulations, solutions, and prospects}, 
	author={Amir-Hossein Karimi and Gilles Barthe and Bernhard Schölkopf and Isabel Valera},
	year={2020},
	eprint={2010.04050},
	archivePrefix={arXiv},
	primaryClass={cs.LG}
}

@InProceedings{darmann2012gasp,
	author={Darmann, Andreas and Elkind, Edith and Kurz, Sascha and Lang, J{\'e}r{\^o}me and Schauer, Joachim and Woeginger, Gerhard},
	title={Group Activity Selection Problem},
	booktitle=proc # {8th} # wine,
	year={2012},
	pages={156--169},
}


@book{cormen3rdEd,
    title = {Introduction to Algorithms},
    author = {Thomas Cormen and Charles E. Leiserson and Ronald L. Rivest and Clifford Stein},
    year = {2009},
    edition = {3rd},
    publisher = {MIT Press}
}

@article{Ortega2018dichotomousmechanism,
  author={Ortega, Josu{\'e}},
  title={{Multi-unit assignment under dichotomous preferences}},
  year=2020,
  journal = {Mathematical Social Sciences},
  volume = {103},
  pages = {15--24}
}

@article{bogomolnaia2005dichotomousmechanism,
title = {Collective choice under dichotomous preferences},
journal = {Journal of Economic Theory},
volume = {122},
number = {2},
pages = {165-184},
year = {2005},
issn = {0022-0531},
author = {Anna Bogomolnaia and Hervé Moulin and Richard Stong}
}

@article{littman2021collusion,
title = {Collusion Rings Threaten the Integrity of Computer Science Research},
author = {Michael L. Littman},
journal = {Communications of the {ACM}}, 
month ={June}, 
year ={2021}, 
volume = {64},
number = {6}, 
pages={43--44}
}

@article{cortes2021neuripspeerreview,
  author    = {Corinna Cortes and
               Neil D. Lawrence},
  title     = {Inconsistency in Conference Peer Review: Revisiting the 2014 {NeurIPS}
               Experiment},
  journal   = {CoRR},
  volume    = {abs/2109.09774},
  year      = {2021},
  eprinttype = {arXiv},
  eprint    = {2109.09774}
}

@misc{shah2021peerreview,
    title = {An Overview of Challenges, Experiments, and Computational Solutions in Peer Review},
    author ={Nihar B. Shah},
    year = {2021},
    note = {Preprint}
}

@inproceedings{barman2021matroid, 
	author = {Barman, Siddharth and Verma, Paritosh}, 
	title = {Existence and Computation of Maximin Fair Allocations Under Matroid-Rank Valuations}, 
	year = {2021}, 
	booktitle = proc # {20th} # aamas, 
	pages = {169--177}, 
 }

@InProceedings{barman2021nashxos,
author={Barman, Siddharth and Verma, Paritosh},
title={Approximating Nash Social Welfare Under Binary {XOS} and Binary Subadditive Valuations},
booktitle=proc # {2021} # wine,
year=2021,
pages={373--390}
}


@article{barman2020mms,
author = {Barman, Siddharth and Krishnamurthy, Sanath Kumar},
journal={ACM Transactions on Economics and Computation (TEAC)},
title = {Approximation Algorithms for Maximin Fair Division},
year = {2020},
issue_date = {February 2020},
publisher = {Association for Computing Machinery},
volume = {8},
number = {1},
month = mar,
articleno = {5},
numpages = {28}
}

@inproceedings{garg2020mms,
  title={An improved approximation algorithm for maximin shares},
  author={Garg, Jugal and Taki, Setareh},
  booktitle=proc # {21st} # ec,
  pages={379--380},
  year={2020}
}

@article{amanatidis2017approximation,
  title={Approximation algorithms for computing maximin share allocations},
  author={Amanatidis, Georgios and Markakis, Evangelos and Nikzad, Afshin and Saberi, Amin},
  journal={{ACM} Transactions on Algorithms ({TALG})},
  volume={13},
  number={4},
  pages={1--28},
  year={2017}
}




@InProceedings{barman2020pof,
	author="Barman, Siddharth and Bhaskar, Umang and Shah, Nisarg",
	title="Optimal Bounds on the Price of Fairness for Indivisible Goods",
	booktitle=proc # {16th} # wine,
	year="2020",
	pages="356--369"
}


@article{goldreich1998property,
	title = {Property Testing and Its Connection to Learning and Approximation},
	author ={Oded Goldreich and Shafi Goldwasser and Dana Ron},
journal = {Journal of the {ACM}}, 
volume = {45}, 
number ={4}, 
month = jul,
year = {1998}, 
pages = {653--750}
}

@misc{montanari2022weightedenvy,
   author = {Montanari, Luisa and Schmidt-Kraepelin, Ulrike and Suksompong, Warut and Teh, Nicholas},
  
  title = {Weighted Envy-Freeness for Submodular Valuations},
  
  publisher = {arXiv},
  
  year = {2022}
}

@article{chaudhuri2011differentially,
	title={Differentially private empirical risk minimization.},
	author={Chaudhuri, Kamalika and Monteleoni, Claire and Sarwate, Anand D},
	journal={Journal of Machine Learning Research},
	volume={12},
	number={3},
	year={2011}
}

@article{chakraborty2021pickingsequences,
	author = {Mithun Chakraborty and Ulrike Schmidt-Kraepelin and Warut Suksompong},
	journal = {Artificial Intelligence},
	title = {Picking sequences and monotonicity in weighted fair division},
	volume = {301},
	year = {2021},
	}


@inproceedings{shokri2015deep, 
	author = {Shokri, Reza and Shmatikov, Vitaly}, 
	title = {Privacy-Preserving Deep Learning}, 
	year = {2015}, 
	booktitle = proc # {22nd} # ccs, 
	pages = {1310--1321}
}

@inproceedings{abadi2016deep, 
	author = {Abadi, Martin and Chu, Andy and Goodfellow, Ian and McMahan, H. Brendan and Mironov, Ilya and Talwar, Kunal and Zhang, Li}, 
	title = {Deep Learning with Differential Privacy}, 
	year = {2016}, 
	booktitle = proc # {23rd} # ccs, 
	pages = {308--318}
}



@InProceedings{halpern2020fairness,
	author="Halpern, Daniel and Procaccia, Ariel D. and Psomas, Alexandros and Shah, Nisarg",
	title="Fair Division with Binary Valuations: One Rule to Rule Them All",
	booktitle=proc # {16th} # wine,
	year="2020",
	pages="370--383"
}

@inproceedings{babaioff2021EF,
	author    = {Moshe Babaioff and Tomer Ezra and Uriel Feige},
	title     = {Fair and Truthful Mechanisms for Dichotomous Valuations},
	booktitle = proc # {35th} # aaai,
	pages     = {5119--5126},
	year      = {2021}
}

@article{babic2021bewareexps,
title = {Beware explanations from {AI} in health care},
author = {Boris Babic and Sara Gerke and Theodoros Evgeniou and I. Glenn Cohen},
year = {2021},
journal = {Science},
volume = {373},
issue = {6552}, 
pages = {284--286}
}

@book{kearns1994colt,
	title = {An Introduction to Computational Learning Theory},
author ={Michael J. Kearns and Umesh Vazirani},
year = {1994},
publisher = {{MIT} Press}	
}



@article{paesleme2017gross,
	author = {Renato Paes-Leme},
	year = {2017},
	month = {11},
	pages = {294--316},
	title = {Gross substitutability: An algorithmic survey},
	volume = {106},
	journal = {Games and Economic Behavior}
}

@article{roth2007repugnance,
author = {Alvin E. Roth}, 
year = {2007},
title = {Repugnance as a Constraint on Markets}, 
journal = {Journal of Economic Perspectives}, 
volume = {21}, 
number = {3},
pages = {37--58}
}

@inproceedings{barocas2020counterfactuals, 
	author = {Barocas, Solon and Selbst, Andrew D. and Raghavan, Manish}, 
	title = {The Hidden Assumptions behind Counterfactual Explanations and Principal Reasons}, 
	year = {2020}, 
	booktitle = proc # {3rd} # facct, 
	pages = {80--89}, 
}

@book{pearl2009causality, 
	place={Cambridge}, 
	edition={2}, 
	title={Causality}, 
	publisher={Cambridge University Press}, 
	author={Pearl, Judea}, 
	year={2009}
}

@article{deeganpackel,
	author = {Edward W. Packel and John Deegan}, 
	title = {An Axiomated Family of Power Indices for Simple $n$-Person Games},
	journal = {Public Choice}, 
	volume = {35}, 
	number = 2,
	year = {1980}, 
	pages= {229--239}
}




@misc{verma2020counterfactual,
	title={Counterfactual Explanations for Machine Learning: A Review}, 
	author={Sahil Verma and John Dickerson and Keegan Hines},
	year={2020},
	eprint={2010.10596},
	archivePrefix={arXiv},
	primaryClass={cs.LG}
}

@article{miller2019explanation,
	title = "Explanation in artificial intelligence: Insights from the social sciences",
	journal = "Artificial Intelligence",
	volume = "267",
	pages = "1 -- 38",
	year = "2019",
	author = "Tim Miller"
}



@misc{aivodji2020model,
	title={Model extraction from counterfactual explanations}, 
	author={Ulrich A{\"i}vodji and Alexandre Bolot and S{\'e}bastien Gambs},
	year={2020},
	eprint={2009.01884},
	archivePrefix={arXiv},
	primaryClass={cs.LG}
}

@article{wachter2017counterfactual,
	title = {Why a Right to Explanation of Automated Decision-Making Does Not Exist in the General Data Protection Regulation},
	year = {2017},
	author = {Sandra Wachter and Brent Mittelstadt and Luciano Floridi},
	journal = {International Data Privacy Law},
	volume = {7},
	number = {2},
	pages = {76--99}
}

@InProceedings{mothilal2020explaining,
	author = {Mothilal, Ramaravind K. and Sharma, Amit and Tan, Chenhao},
	title = {Explaining Machine Learning Classifiers through Diverse Counterfactual Examples},
	booktitle = proc # {3rd} # facct,
	year = {2020}
}

@inproceedings{ustun2019actionable,
	author = {Ustun, Berk and Spangher, Alexander and Liu, Yang},
	title = {Actionable Recourse in Linear Classification},
	booktitle = proc # {2nd} # fatconf,
	year = {2019},
	pages = {10--19}
} 

@article{bach2015pixel,
	title={On pixel-wise explanations for non-linear classifier decisions by layer-wise relevance propagation},
	author={Bach, Sebastian and Binder, Alexander and Montavon, Gr{\'e}goire and Klauschen, Frederick and M{\"u}ller, Klaus-Robert and Samek, Wojciech},
	journal={PloS one},
	volume={10},
	number={7},
	pages={e0130140},
	year={2015},
	publisher={Public Library of Science}
}

@article{simonyan2013deep,
	title={Deep inside convolutional networks: Visualising image classification models and saliency maps},
	author={Simonyan, Karen and Vedaldi, Andrea and Zisserman, Andrew},
	journal={arXiv preprint arXiv:1312.6034},
	year={2013}
}

@article{wachter2018counterfactual,
	author = {Sandra Wachter and Brent Mittelstadt and Chris Russell}, 
	title = {Counterfactual explanations without opening the black box: automated decisions and the {GDPR}},
	journal = {Harvard Journal of Law \& Technology},
	volume ={31}, 
	issue = {2}, 
	year = {2018}
}



@inproceedings{Noothigattu2017,
archivePrefix = {arXiv},
arxivId = {1709.06692},
author = {Noothigattu, Ritesh and Gaikwad, Snehalkumar 'Neil' S. and Awad, Edmond and Dsouza, Sohan and Rahwan, Iyad and Ravikumar, Pradeep and Procaccia, Ariel D.},
eprint = {1709.06692},
title = {{A Voting-Based System for Ethical Decision Making}},
url = {http://arxiv.org/abs/1709.06692},
year = {2017}
}
@inproceedings{hajian2016bias,
author = {Hajian, S and Bonchi, F and Castillo, C},
booktitle = {22nd},
pages = {2125--2126},
title = {{Algorithmic Bias: From Discrimination Discovery to Fairness-aware Data Mining}},
year = {2016}
}


@article{Hammer1992a,
author = {Hammer, P. L. and Holzman, R.},
doi = {10.1007/BF01541028},
issn = {03409422},
journal = {Operations Research Methods and Models of Operations Research},
number = {1},
pages = {3--21},
title = {{Approximations of pseudo-Boolean functions; applications to game theory}},
volume = {36},
year = {1992}
}
@inproceedings{bachrach2012fail,
author = {Bachrach, Y and Kash, I and Shah, N},
booktitle =proc # {8th} # aamas,
pages = {15--29},
title = {{Agent Failures in Totally Balanced Games and Convex Games}},
year = {2012}
}
@inproceedings{Ancona2017,
author = {Ancona, M and Ceolini, E and {\"{O}}ztireli, C and Gross, M},
booktitle =  proc # {6th} # iclr,
title = {{Towards better understanding of gradient-based attribution methods for Deep Neural Networks}},
year = {2018},
pages = {1--16}
}
@booklet{WhiteHouseReport2016BigData,
author = {Smith, M and Patil, D and C., Mu{\~{n}}oz},
howpublished = {White House Report},
month = {may},
title = {{Big Data: A Report on Algorithmic Systems, Opportunity, and Civil Rights}},
url = {https://goo.gl/WbgMnK},
year = {2016}
}



@article{caragiannis2012fairnessefficiency,
    title = {The Efficiency of Fair Division},
    author = {Ioannis Caragiannis and Christos Kaklamanis and Panagiotis Kanellopoulos and Maria Kyropoulou},
    year = {2012},
    journal = {Theory of Computing Systems},
    volume = 50,
    number =4,
    pages = {589--610}
}



@inproceedings{li2019fair,
	title={Fair resource allocation in Federated learning},
	author={Li, Tian and Sanjabi, Maziar and Beirami, Ahmad and Smith, Virginia},
	booktitle=proc # {8th} # iclr,
	year={2020}
}


@inproceedings{blum2021flNE,
	author = {Avrim Blum and Nika Haghtalab and Richard Lanas Phillips and Han Shao},
	title = {One for One, or All for All: Equilibria and Optimality of Collaboration in Federated Learning},
	year = {2021},
	booktitle = {Proceedings of the 38th International Conference on Machine Learning}
}

@inproceedings{Yeom2017,
	author={Samuel {Yeom} and Irene {Giacomelli} and Matt {Fredrikson} and Somesh {Jha}},
	booktitle=proc # {31st} # csf, 
	title={Privacy Risk in Machine Learning: Analyzing the Connection to Overfitting}, 
	year={2018},
	pages={268--282}
}

@article{dwork2017exposed,
	title={Exposed! a survey of attacks on private data},
	author={Dwork, C and Smith, A and Steinke, T and Ullman, J},
	journal={Annual Review of Statistics and Its Application},
	volume={4},
	pages={61--84},
	year={2017},
	publisher={Annual Reviews}
}

@inproceedings{meir2021market,
  title={A market-inspired bidding scheme for peer review paper assignment},
  author={Meir, Reshef and Lang, J{\'e}r{\^o}me and Lesca, Julien and Mattei, Nicholas and Kaminsky, Natan},
  booktitle=proc # {35th} # aaai,
  year={2021},
  pages = {4776--4784}
}

@article{schroter2006differences,
  title={Differences in review quality and recommendations for publication between peer reviewers suggested by authors or by editors},
  author={Schroter, Sara and Tite, Leanne and Hutchings, Andrew and Black, Nick},
  journal={Jama},
  volume={295},
  number={3},
  pages={314--317},
  year={2006},
  publisher={American Medical Association}
}

@article{stelmakh2023gold,
  title={A Gold Standard Dataset for the Reviewer Assignment Problem},
  author={Stelmakh, Ivan and Wieting, John and Neubig, Graham and Shah, Nihar B},
  journal={arXiv preprint arXiv:2303.16750},
  year={2023}
}

@misc{cmt2023reviewerassignment,
    author ={{Microsoft CMT}},
    title = {Automatic Assignment of Reviewers},
    year = {2023},
    howpublished = {\url{https://cmt3.research.microsoft.com/docs/help/chair/auto-assign-reviewers.html}}
}


@inproceedings{benabbou2020finding,
  title={Finding Fair and Efficient Allocations When Valuations Don't Add Up},
  author={Benabbou, Nawal and Chakraborty, Mithun and Igarashi, Ayumi and Zick, Yair},
  booktitle=proc # {13th} # sagt,
  pages = {32--46},
  year={2020}
}

@article{leyton2022matching,
  title={Matching Papers and Reviewers at Large Conferences},
  author={Leyton-Brown, Kevin and Nandwani, Yatin and Zarkoob, Hedayat and Cameron, Chris and Newman, Neil and Raghu, Dinesh and others},
  journal={arXiv preprint arXiv:2202.12273},
  year={2022}
}

@misc{acl_score,
    author = {Neubig, Graham and Wieting, John and  McCarthy, Arya and Stent, Amanda and Schluter, Natalie and Cohn, Trevor},
    title={{ACL} Reviewer Matching Code},
    howpublished={\url{https://github.com/acl-org/reviewer-paper-matching}},
    year={2020},
    publisher = {GitHub}
}

@inproceedings{stelmakh2019peerreview4all,
  title={{PeerReview4All}: Fair and accurate reviewer assignment in peer review},
  author={Stelmakh, Ivan and Shah, Nihar B and Singh, Aarti},
  booktitle=proc # {30th} # alt,
  pages={828--856},
  year={2019}
}

@inproceedings{charlin2013toronto,
  title={The Toronto paper matching system: an automated paper-reviewer assignment system},
  author={Charlin, Laurent and Zemel, Richard},
  year={2013},
  booktitle = proc # {2013 ICML Workshop on Peer Reviewing and Publishing Models} ,
}

@article{rozencweig2023mitigating,
  title={Mitigating Skewed Bidding for Conference Paper Assignment},
  author={Rozencweig, Inbal and Meir, Reshef and Mattei, Nick and Amir, Ofra},
  journal={arXiv preprint arXiv:2303.00435},
  year={2023}
}

@InProceedings{pmlr-v124-fiez20a,
  title = 	 {A {SUPER*} Algorithm to Optimize Paper Bidding in Peer Review},
  author =       {Fiez, Tanner and Shah, Nihar and Ratliff, Lillian},
  booktitle = proc # {36th} # uai,
  pages = 	 {580--589},
  year = 	 {2020}
  }



@inproceedings{abebe2017fair,
  title={Fair Division via Social Comparison},
  author={Abebe, Rediet and Kleinberg, Jon and Parkes, David C},
  booktitle=proc # {16th} # aamas,
  pages={281--289},
  year={2017}
}

@inproceedings{aziz2018knowledge,
  title={Knowledge, Fairness, and Social Constraints},
  author={Aziz, Haris and Bouveret, Sylvain and Caragiannis, Ioannis and Giagkousi, Ira and Lang, J{\'e}r{\^o}me},
  booktitle=proc # {32nd} # aaai,
  year={2018}
}

@article{bouveret2016characterizing,
  title={Characterizing conflicts in fair division of indivisible goods using a scale of criteria},
  author={Bouveret, Sylvain and Lema{\^\i}tre, Michel},
  journal={Autonomous Agents and Multi-Agent Systems},
  volume={30},
  number={2},
  pages={259--290},
  year={2016},
  publisher={Springer}
}

@inproceedings{barman2018pathtransfers,
author = {Barman, Siddharth and Krishnamurthy, Sanath Kumar and Vaish, Rohit},
title = {Greedy Algorithms for Maximizing Nash Social Welfare},
year = {2018},
booktitle = proc # {17th} # aamas,
pages = {7–13}
}

@inproceedings{chaudhury2020efx,
  title={EFX exists for three agents},
  author={Chaudhury, Bhaskar Ray and Garg, Jugal and Mehlhorn, Kurt},
  booktitle=proc # {21st} # ec,
  pages = {1--19},
  year={2020}
}

@inproceedings{meir2021peerreview,
  author    = {Reshef Meir and
               J{\'{e}}r{\^{o}}me Lang and
               Julien Lesca and
               Nicholas Mattei and
               Natan Kaminsky},
  title     = {A Market-Inspired Bidding Scheme for Peer Review Paper Assignment},
  booktitle = proc # {35th} # aaai,
  pages     = {4776--4784},
  year      = {2021}
}




@inproceedings{chaudhury2018fair,
  title={On Fair Division for Indivisible Items},
  author={Chaudhury, Bhaskar Ray and Cheung, Yun Kuen and Garg, Jugal and Garg, Naveen and Hoefer, Martin and Mehlhorn, Kurt},
  booktitle=proc # {38th IARCS Annual Conference on Foundations of Software Technology and Theoretical Computer Science},
  year={2018}
}



@article{hartvigsen1999conference,
  title={The conference paper-reviewer assignment problem},
  author={Hartvigsen, David and Wei, Jerry C and Czuchlewski, Richard},
  journal={Decision Sciences},
  volume={30},
  number={3},
  pages={865--876},
  year={1999},
  publisher={Wiley Online Library}
}

@inproceedings{bei2019price,
  title={The price of fairness for indivisible goods},
  author={Bei, X and Lu, X and Manurangsi, P and Suksompong, W},
  year={2019},
  booktitle=proc # {28th} # ijcai,
  pages={81--87}
}

@techreport{shah2019principled,
  title={Principled methods to improve peer review},
  author={Shah, Nihar B},
  year={2019},
  institution ={Carnegie Mellon University}
}


@book{oxley2011matroid,
  title={Matroid Theory},
  author={James Oxley},
  edition = {2nd},
  series={Oxford Graduate Texts in Mathematics},
  year={2011},
  publisher={Oxford Univerity Press}
}


@article{Darmann2015MaximizingNP,
  title={Maximizing Nash product social welfare in allocating indivisible goods},
  author={Andreas Darmann and Joachim Schauer},
  journal={European Journal Operations Research},
  year={2015},
  volume={247},
  pages={548-559}
}


@inproceedings{babaioff2020fair, 
    title={Fair and Truthful Mechanisms for Dichotomous Valuations}, 
    booktitle=proc # {35th} # aaai, 
    author={Babaioff, Moshe and Ezra, Tomer and Feige, Uriel}, 
    year={2021},
    pages={5119--5126} 
    }

@inproceedings{procaccia2014fairenough, 
    author = {Procaccia, Ariel D. and Wang, Junxing}, 
    title = {Fair Enough: Guaranteeing Approximate Maximin Shares}, year = {2014}, 
    booktitle = proc # {15th} # ec, 
    pages = {675--692}
    }

@inproceedings{ghodsi2018fair,
  title={Fair allocation of indivisible goods: Improvements and generalizations},
  author={Ghodsi, Mohammad and HajiAghayi, MohammadTaghi and Seddighin, Masoud and Seddighin, Saeed and Yami, Hadi},
  booktitle= proc # {19th} # ec,
  pages={539--556},
  year={2018}
}


@inproceedings{biswas2018fair,
  title={Fair Division Under Cardinality Constraints.},
  author={Biswas, Arpita and Barman, Siddharth},
  booktitle=proc # {27th} # ijcai,
  pages={91--97},
  year={2018}
}

@article{mulligan2013peer,
  title={Peer review in a changing world: An international study measuring the attitudes of researchers},
  author={Mulligan, Adrian and Hall, Louise and Raphael, Ellen},
  journal={Journal of the American Society for Information Science and Technology},
  volume={64},
  number={1},
  pages={132--161},
  year={2013},
  publisher={Wiley Online Library}
}

@inproceedings{lian2018conference,
	title={The conference paper assignment problem: Using order weighted averages to assign indivisible goods},
	author={Lian, Jing Wu and Mattei, Nicholas and Noble, Renee and Walsh, Toby},
	booktitle=proc # {32nd} # aaai,
	year={2018},
	pages = {1138--1145}
}

@inproceedings{conry2009recommender,
  title={Recommender systems for the conference paper assignment problem},
  author={Conry, Don and Koren, Yehuda and Ramakrishnan, Naren},
  booktitle=proc # {3rd} # recsys,
  pages={357--360},
  year={2009}
}

@inproceedings{goldsmith2007ai,
  title={The AI conference paper assignment problem},
  author={Goldsmith, Judy and Sloan, Robert H},
  booktitle=proc # {AAAI Workshop on Preference Handling for Artificial Intelligence},
  pages={53--57},
  year={2007}
}

@article{aziz2022fairallocationsurvey,
title = {Algorithmic Fair Allocation of Indivisible Items: A Survey and New Questions},
author = {Haris Aziz and Bo Li and Herv{\'e} Moulin and Xiaowei Wu},
year = {2022},
journal = {{ACM SIGEcom} Exchanges},
pages = {24--40},
volume = {20}, 
number = {1}, 
month = {July}
}
@inproceedings{wang2008survey,
  title={A survey on reviewer assignment problem},
  author={Wang, Fan and Chen, Ben and Miao, Zhaowei},
  booktitle=proc # {21st} # ieaaie,
  pages={718--727},
  year={2008},
  organization={Springer}
}

@inproceedings{long2013good,
  title={On good and fair paper-reviewer assignment},
  author={Long, Cheng and Wong, Raymond Chi-Wing and Peng, Yu and Ye, Liangliang},
  booktitle=proc # {13th} # icdm,
  pages={1145--1150},
  year={2013},
  organization={IEEE}
}

@inproceedings{charlin2011framework,
  title={A framework for optimizing paper matching},
  author={Charlin, Laurent and Zemel, Richard and Boutilier, Craig},
  booktitle=proc # {27th} # uai,
  pages={86--95},
  year={2011}
}

@inproceedings{kou2015weighted,
  title={Weighted coverage based reviewer assignment},
  author={Kou, Ngai Meng and U, Leong Hou and Mamoulis, Nikos and Gong, Zhiguo},
  booktitle=proc # {2015} # mod,
  pages={2031--2046},
  year={2015}
}

@techreport{odell2005paper,
  title={The paper assignment problem},
  author={O'Dell, Regina and Wattenhofer, Mirjam and Wattenhofer, Roger},
  institution={ETH Zurich, Department of Computer Science},
  volume={491},
  year={2005}
}

@inproceedings{barman2019fair,
  title={Fair Division of Indivisible Goods Among Strategic Agents},
  author={Barman, Siddharth and Ghalme, Ganesh and Jain, Shweta and Kulkarni, Pooja and Narang, Shivika},
  booktitle=proc # {18th} # aamas,
  pages={1811--1813},
  year={2019}
}

@inproceedings{barman2018finding,
  title={Finding fair and efficient allocations},
  author={Barman, Siddharth and Krishnamurthy, Sanath Kumar and Vaish, Rohit},
  booktitle=proc # {2018} # ec,
  pages={557--574},
  year={2018}
}

@incollection{fisher1978analysis,
author={Fisher, M. L.
and Nemhauser, G. L.
and Wolsey, L. A.},
editor={Balinski, M. L.
and Hoffman, A. J.},
title={An analysis of approximations for maximizing submodular set functions---{II}},
bookTitle={Polyhedral Combinatorics},
year={1978},
publisher={Springer Berlin Heidelberg},
address={Berlin, Heidelberg},
pages={73--87},
}


@incollection{brandt2016handbookfairdiv,
  booktitle={Handbook of computational social choice},
  title={Fair Allocation of Indivisible Goods},
  author={Bouveret, Sylvain and Chevaleyre, Yann and Maudet, Nicolas},
  editor={Brandt, Felix and Conitzer, Vincent and Endriss, Ulle and Lang, J{\'e}r{\^o}me and Procaccia, Ariel D},
  year={2016},
  publisher={Cambridge University Press},
  pages={284--309},
  chapter={12}
}

@inproceedings{kalinowski2013social,
  title={A social welfare optimal sequential allocation procedure},
  author={Kalinowski, Thomas and Narodytska, Nina and Walsh, Toby},
  booktitle=proc # {23rd} # ijcai,
  pages={227--233},
  year={2013}
}

@article{budish2011ef1,
author = {Budish, Eric},
year = {2011},
month = {12},
pages = {1061--1061},
title = {The Combinatorial Assignment Problem: Approximate Competitive Equilibrium from Equal Incomes},
volume = {119},
journal = {Journal of Political Economy}
}

@inproceedings{bouveret2011general,
  title={A general elicitation-free protocol for allocating indivisible goods},
  author={Bouveret, Sylvain and Lang, J{\'e}r{\^o}me},
  booktitle=proc # {22nd} # ijcai,
  year={2011},
  pages={73--78}
}

@inproceedings{buchbinder2012tight,
  title={A Tight Linear Time (1/2)-Approximation for Unconstrained Submodular Maximization},
  author={Buchbinder, Niv and Feldman, Moran and Naor, Joseph and Schwartz, Roy},
  booktitle=proc # {53rd} # focs,
  pages={649--658},
  year={2012}
}

@inproceedings{aziz2016welfare,
  title={Welfare of sequential allocation mechanisms for indivisible goods},
  author={Aziz, Haris and Kalinowski, Thomas and Walsh, Toby and Xia, Lirong},
  booktitle=proc # {22nd} # ecai,
  pages={787--794},
  year={2016}
}

@inproceedings{aziz2015possible,
  title={Possible and necessary allocations via sequential mechanisms},
  author={Aziz, Haris and Walsh, Toby and Xia, Lirong},
  booktitle=proc # {24th} # ijcai,
  year={2015}
}

@inproceedings{stelmakh2021towards,
  title={Towards Fair, Equitable, and Efficient Peer Review},
  author={Stelmakh, Ivan},
  booktitle=proc # {35th} # aaai,
  pages={15736--15737},
  year={2021}
}

@article{atef2020optimization,
  title={Optimization-based mechanisms for the course allocation problem},
  author={Atef Yekta, Hoda and Day, Robert},
  journal={INFORMS Journal on Computing},
  volume={32},
  number={3},
  pages={641--660},
  year={2020},
  publisher={INFORMS}
}
@article{kesten2010schoolchoice,
    author = {Kesten, Onur},
    title = "{School Choice with Consent*}",
    journal = {The Quarterly Journal of Economics},
    volume = {125},
    number = {3},
    pages = {1297-1348},
    year = {2010},
}

@article{sonmez2010course,
  title={Course bidding at business schools},
  author={S{\"o}nmez, Tayfun and {\"U}nver, M Utku},
  journal={International Economic Review},
  volume={51},
  number={1},
  pages={99--123},
  year={2010},
  publisher={Wiley Online Library}
}
@article{krishna2008research,
  title={Research note—improving the efficiency of course bidding at business schools: Field and laboratory studies},
  author={Krishna, Aradhna and {\"U}nver, M Utku},
  journal={Marketing Science},
  volume={27},
  number={2},
  pages={262--282},
  year={2008},
  publisher={INFORMS}
}

@article{kornbluth2021undergraduate,
  title={Undergraduate Course Allocation through Competitive Markets},
  author={Kornbluth, Daniel and Kushnir, Alexey},
  journal={Available at SSRN 3901146},
  year={2021}
}

@inproceedings{10.1145/3670865.3673573,
author = {Soumalias, Ermis and Zamanlooy, Behnoosh and Weissteiner, Jakob and Seuken, Sven},
title = {Machine Learning-Powered Course Allocation},
year = {2024},
isbn = {9798400707049},
publisher = {Association for Computing Machinery},
address = {New York, NY, USA},
url = {https://doi.org/10.1145/3670865.3673573},
doi = {10.1145/3670865.3673573},
booktitle = {Proceedings of the 25th ACM Conference on Economics and Computation},
pages = {1099},
numpages = {1},
keywords = {course allocation, preference elicitation, combinatorial assignment},
location = {New Haven, CT, USA},
series = {EC '24}
}

@manual{coursematchmanual2020,
  author = {Wharton},
  title = {Course match user manual},
  year = 2020,
  url = {https://mba-inside.wharton.upenn.edu/wp-content/uploads/2020/08/Course-Match-manual-08152020.pdf},
  urldate = {2025-02-05}
}

@article{nogareda2017optimizing,
  title={Optimizing satisfaction in a multi-courses allocation problem combined with a timetabling problem},
  author={Nogareda, Ana-Maria and Camacho, David},
  journal={Soft Computing},
  volume={21},
  number={17},
  pages={4873--4882},
  year={2017},
  publisher={Springer}
}

@article{romero2024strategic,
  title={Strategic priority-based course allocation},
  author={Romero-Medina, Antonio and Triossi, Matteo},
  journal={Journal of Economic Behavior \& Organization},
  volume={226},
  pages={106701},
  year={2024},
  publisher={Elsevier}
}

