@inproceedings{browseLite,
author = {Kelton, Conor and Varvello, Matteo and Aucinas, Andrius and Livshits, Ben},
title = {BrowseLite: A Private Data Saving Solution for the Web},
year = {2021},
booktitle = {Proceedings of the Web Conference 2021},
pages = {305â€“316},
numpages = {12},
location = {Ljubljana, Slovenia},
series = {WWW '21}
}
isbn = {9781450383127},
publisher = {Association for Computing Machinery},
address = {New York, NY, USA},
keywords = {Browsers, Data saving, Images, Optimizations, Performance, Web}

@inproceedings{newman2019scaling,
  title={Scaling Up Your Web Experience, Everywhere},
  author={Newman, James and Belson, Robert and Bustamante, Fabi{\'a}n E},
  booktitle={Proceedings of the 20th International Workshop on Mobile Computing Systems and Applications},
  pages={87--92},
  year={2019}
}

