%*******************************************
% ABBREVIATIONS FOR CONFERENCE PROCEEDINGS *
%*******************************************
@STRING{ICWSM = "Proc. INTERNATIONAL AAAI CONFERENCE ON WEB AND SOCIAL MEDIA"}
@STRING{VTC = "Proc. IEEE Vehicular Technology Conference (VTC)"}
@STRING{CDC = "Proc. Control and Decision Conference (CDC)"}
@STRING{PIMRC = "Proc. PIMRC"}
@STRING{DATE = "Proc. DATE"}
@STRING{INFOCOM = "Proc. IEEE INFOCOM"}
@STRING{IPSN = "Proc. IEEE/ACM IPSN"}
@STRING{ICNP = "Proc. IEEE ICNP"}
@STRING{ICN = "Proc. ACM ICN"}
@STRING{CONEXT = "Proc. ACM CoNEXT"}
@STRING{MOBICOM = "Proc. ACM MobiCom"}
@STRING{WINTECH = "Proc. ACM WiNTECH"}
@STRING{SIGMETRICS = "Proc. ACM SIGMETRICS"}
@STRING{SIGCOMM = "Proc. ACM SIGCOMM"}
@STRING{SENSYS = "Proc. ACM SenSys"}
@STRING{MOBIHOC = "Proc. ACM MobiHoc"}
@STRING{MOBISYS = "Proc. ACM MobiSys"}
@STRING{DYSPAN = "Proc. IEEE DySPAN"}
@STRING{HOTNETS = "Proc. ACM HotNets"}
@STRING{HOTSDN = "Proc. ACM HotSDN"}
@STRING{ICC = "Proc. IEEE ICC"}
@STRING{PRIB = "Proc. PRIB"}
@STRING{WIOPT = "Proc. WiOPT"}
@STRING{SECON = "Proc. IEEE SECON"}
@STRING{WWW = "Proc. The Web Conference"}
@STRING{OSDI = "Proc. OSDI"}
@STRING{NSDI = "Proc. NSDI"}
@STRING{USENIX = "Proc. USENIX"}
@STRING{GLOBECOM = "Proc. GLOBECOM"}
@STRING{MILCOM = "Proc. MILCOM"}
@STRING{ITC = "Proc. International Teletraffic Congress (ITC)"}
@STRING{MOMUC = "Proc. International Workshop on Mobile Multimedia Communications (MoMuC)"}
@STRING{WCNC = "Proc. IEEE Wireless Communications and Networking Conference (WCNC)"}
@STRING{CISS="Proc. IEEE Conference on Information Sciences and Systems (CISS)"}
@STRING{ALLERTON="Proc. Annual Allerton Conference On Communication, Control and Computing"}
@STRING{IWQOS="Proc. IEEE International Workshop on Quality of Service (IWQoS)"}
@STRING{ISCC="Proc. International Symposium on Computer Communications (ISCC)"}
@STRING{PERCOM="Proc. IEEE Conference on Pervasive Computing and Communications (PerCom)"}
@STRING{IMC="Proc. ACM Internet Measurement Conference (IMC)"}
@STRING{WICON="Proc. International Conference on Wireless Internet (WICON)"}
@STRING{ITA="Proc. Information Theory and Applications Workshop (ITA)"}
@STRING{ANCS="Proc. IEEE/ACM ANCS"}
@STRING{ICFP="Proc. ACM ICFP"}
@STRING{SANE="Proc. SANE"}
@STRING{GI="Proc. IEEE Global Internet Symposium (GI)"}

%***********************************
% ABBREVIATIONS FOR JOURNAL PAPERS *
%***********************************

@STRING{JSAC="IEEE Journal on Selected Areas in Communications"}
@STRING{BALTZER="ACM Baltzer Journal of Wireless Networks"}
@STRING{TIT = "IEEE Transactions on Information Theory"}
@STRING{TON="IEEE/ACM Transactions on Networking"}
@STRING{TCOMM="IEEE Transactions on Communications"}
@STRING{TCOMP="IEEE Transactions on Computers"}
@STRING{SIAMCOMP="SIAM Journal of Computing"}
@STRING{TAC="IEEE Transactions on Automatic Control"}
@STRING{TMC="IEEE Transactions on Mobile Computing"}
@STRING{COMNET="Computer Networks"}
@STRING{TWC="IEEE Transactions on Wireless Communications"}
@STRING{COMLET="IEEE Communications Letters"}
@STRING{CCR="ACM SIGCOMM Computer Communication Review"}
@STRING{INET="IEEE Network"}

 
%***********************************
% CONFERENCE PAPERS                *
%***********************************
@inproceedings{Salutari-MedComNet,
  author={F. {Salutari} and D. {Hora} and M. {Varvello} and R. {Teixeira} and V. {Christophides} and D. {Rossi}},
  booktitle={MedComNet}, 
  title={Implications of the Multi-Modality of User Perceived Page Load Time}, 
  year={2020}
 }
 
%***********************************
% JOURNAL PAPERS                   *
%***********************************

@article{givehchianevaluating,
  title={Evaluating Physical-Layer BLE Location Tracking Attacks on Mobile Devices},
  author={Givehchian, Hadi and Bhaskar, Nishant and Herrera, Eliana Rodriguez and Soto, H{\'e}ctor Rodrigo L{\'o}pez and Dameff, Christian and Bharadia, Dinesh and Schulman, Aaron}
}

@inproceedings{briggs2022ble,
  title={BLE-Doubt: Smartphone-Based Detection of Malicious Bluetooth Trackers},
  author={Briggs, Jimmy and Geeng, Christine},
  booktitle={2022 IEEE Security and Privacy Workshops (SPW)},
  pages={208--214},
  year={2022},
  organization={IEEE}
}

@inproceedings{heinrich2022airguard,
  title={AirGuard-Protecting Android Users from Stalking Attacks by Apple Find My Devices},
  author={Heinrich, Alexander and Bittner, Niklas and Hollick, Matthias},
  booktitle={Proceedings of the 15th ACM Conference on Security and Privacy in Wireless and Mobile Networks},
  pages={26--38},
  year={2022}
}

@article{mesquita2022practical,
  title={A practical approach with drones, smartphones, and tracking tags for potential real-time animal tracking},
  author={Mesquita, Geison P and Mulero-P{\'a}zm{\'a}ny, Margarita and Wich, Serge A and Rodr{\'\i}guez-Teijeiro, Jos{\'e} Domingo},
  journal={Current Zoology},
  year={2022},
  publisher={Oxford University Press (OUP)}
}


@book{ocr,
  title={Optical character recognition},
  author={Mori, Shunji and Nishida, Hirobumi and Yamada, Hiromitsu},
  year={1999},
  publisher={John Wiley \& Sons, Inc.}
}

@article{ble,
  title={Bluetooth low energy},
  author={Heydon, Robin and Hunn, Nick},
  journal={CSR Presentation, Bluetooth SIG https://www. bluetooth. org/DocMan/handlers/DownloadDoc. ashx},
  year={2012}
}

@article{uwb,
  title={Ultra-wideband positioning systems},
  author={Sahinoglu, Zafer and Gezici, Sinan and Guvenc, Ismail},
  journal={Cambridge, New York},
  year={2008}
}

@inproceedings{mayberry2021tracks,
  title={Who Tracks the Trackers? Circumventing Apple's Anti-Tracking Alerts in the Find My Network},
  author={Mayberry, Travis and Fenske, Ellis and Brown, Dane and Martin, Jeremy and Fossaceca, Christine and Rye, Erik C and Teplov, Sam and Foppe, Lucas},
  booktitle={Proceedings of the 20th Workshop on Workshop on Privacy in the Electronic Society},
  pages={181--186},
  year={2021}
}

 

%***********************************************
% MISCELLANEOUS - misc, techreport, book, etc. *
%***********************************************
@misc{speedindex,
    author = {Cody Arsenault},
    title = {Speed Index Explained - Another Way to Measure Web Performance},
    howpublished = {\url{https://www.keycdn.com/blog/speed-index}}
}

@misc{airtag_stalking, title={Apple AirTags - 'a perfect tool for stalking'}, howpublished = {\url{https://www.bbc.com/news/technology-60004257}}, journal={BBC News}, publisher={BBC}, author={James Clayton; Jasmin Dyer}, year={2022}, month={Jan}} 

@misc{levitt_2022,
     title={AirTags are being used to track people and cars. here's what is being done about it}, 
     howpublished = {\url{https://www.npr.org/2022/02/18/1080944193/apple-airtags-theft-stalking-privacy-tech}}, 
     journal={NPR}, 
     publisher={NPR}, 
     author={Levitt, Michael}, year={2022}, month={Feb}} 


@misc{uber, title={H3: Uber's hexagonal hierarchical spatial index}, howpublished = {\url{https://www.uber.com/en-AE/blog/h3/}}, journal={Uber Blog}, year={2018}, month={Jun}} 

@misc{kontur, title={Kontur Population: Global Population Density for 400m H3 Hexagons }, howpublished = {\url{https://data.humdata.org/dataset/kontur-population-dataset}}, journal={Kontur Population: Global Population Density for 400m H3 Hexagons }} 

@misc{citi, title={CITI Program: Research, ethics, and compliance training}, howpublished = {\url{https://about.citiprogram.org/}}, journal={CITI Program}} 

@misc{pyautogui, title={Pyautogui's documentation}, howpublished = {\url{https://pyautogui.readthedocs.io/en/latest/}}, journal={Welcome to PyAutoGUI's documentation! - PyAutoGUI documentation}} 

@misc{adb, title={Android Debug Bridge}, howpublished = {\url{https://developer.android.com/studio/command-line/adb}}, journal={Android Developers}} 

@misc{lufthansa, title={Lufthansa becomes the first airline to ban Apple Airtag devices on flights}, howpublished = {\url{https://appleosophy.com/2022/10/08/lufthansa-becomes-the-first-airline-to-ban-apple-airtag-devices-on-flights/}}, journal={Appleosophy}, author={Ramirez, Sid}, year={2022}, month={Oct}} 

@misc{grossman_2022, title={Father sends warning on tracking device after someone put AirTag in son's back pocket}, howpublished = {\url{https://www.click2houston.com/news/local/2022/10/08/father-sends-warning-on-tracking-device-after-someone-put-air-tag-in-sons-back-pocket/}}, journal={KPRC}, publisher={KPRC Click2Houston}, author={Grossman, Danielle}, year={2022}, month={Oct}} 

@misc{apple_newsroom_2022, title={An update on AirTag and unwanted tracking}, howpublished = {\url{https://www.apple.com/newsroom/2022/02/an-update-on-airtag-and-unwanted-tracking/}, journal={Apple Newsroom}}, year={2022}, month={Aug}} 

@misc{tracker_detect, title={Tracker detect - Apple}, howpublished = {\url{https://play.google.com/store/apps/details?id=com.apple.trackerdetect}}, journal={Google Play Store}, publisher={Google}} 

@misc{hamilton, title={Thieves are using Apple AirTags to track luxury vehicles to owners' driveways before stealing them, police say}, howpublished = {\url{https://www.businessinsider.com/apple-airtags-thieves-track-steal-luxury-vehicles-police-2021-12}}, journal={Business Insider}, publisher={Business Insider}, author={Hamilton, Isobel Asher}} 

@misc{peterson_2022, title={Sports illustrated swimsuit model says she was tracked for hours with AirTag}, url={https://appleinsider.com/articles/22/01/07/sports-illustrated-swimsuit-model-says-she-was-tracked-for-hours-with-airtag}, journal={AppleInsider}, publisher={AppleInsider}, author={Peterson, Mike}, year={2022}, month={Jan}} 

@misc{moore_2022, title={'I didn't want it anywhere near me': How the Apple airtag became a gift to stalkers}, url={https://www.theguardian.com/technology/2022/sep/05/i-didnt-want-it-anywhere-near-me-how-the-apple-airtag-became-a-gift-to-stalkers}, journal={The Guardian}, publisher={Guardian News and Media}, author={Moore, Anna}, year={2022}, month={Sep}}

@misc{fowler_2022, title={Review | am I being tracked? anti-stalking tech from Apple, tile falls short.}, url={https://www.washingtonpost.com/technology/2022/03/31/airtags-stalking/}, journal={The Washington Post}, publisher={WP Company}, author={Fowler, Geoffrey A.}, year={2022}, month={May}}

@misc{eadicicco, title={AirTags are linked to stalking, and Apple Can't solve this problem alone}, url={https://www.cnet.com/tech/mobile/airtags-are-being-linked-to-stalking-and-its-a-problem-apple-cant-solve-alone/}, journal={CNET}, author={Eadicicco, Lisa}} 

@misc{h3_resolution, title={Tables of cell statistics across resolutions}, howpublished = {\url{https://h3geo.org/docs/core-library/restable/}}, journal={H3}} 


@misc{mac_random,
    author = {Apple},
    title = {Wi-Fi privacy - MAC address randomization},
    howpublished = {\url{https://support.apple.com/guide/security/wi-fi-privacy-secb9cb3140c/web}}
}

@misc{pew, 
    title={Demographics of Mobile Device Ownership and Adoption in the United States - Pew Research Center}, howpublished = {\url{https://www.pewresearch.org/internet/fact-sheet/mobile/}}, journal={Pew Research Center: Internet, Science &amp; Tech}, publisher={Pew Research Center}, year={2022}, month={Oct}} 


@misc{pytorch,
  title = {PyTorch: An open-source machine learning framework},
  howpublished = {\url{https://pytorch.org}},
  year = {2024}
}
author = {PyTorch Contributors},
  

@misc{tensorflowjs,
  title = {TensorFlow.js: Machine learning for the web},
  author = {TensorFlow.js Contributors},
  howpublished = {\url{https://www.tensorflow.org/js}},
  year = {2024}
}

@misc{onnx,
  title = {ONNX: Open Neural Network Exchange},
  author = {ONNX Contributors},
  howpublished = {\url{https://onnx.ai/}},
  year = {2024}
}
@article{realesrgan,
  title = {Real-ESRGAN: Training Real-World Blind Super-Resolution with Pure Synthetic Data},
  author = {Wang, Xintao and Xie, Liangbin and Dong, Chao and Shan, Ying},
  journal = {arXiv preprint arXiv:2107.10833},
  year = {2021},
  url = {https://doi.org/10.48550/arXiv.2107.10833}
}

@inproceedings{sesrm5,
  title = {Super-Efficient Super Resolution for Fast Adversarial Defense at the Edge},
  author = {Bhardwaj, Kartikeya and Gope, Dibakar and Ward, James and Whatmough, Paul and Loh, Danny},
  booktitle = {Proceedings of Arm Research Symposium},
  year = {2024}
}

@article{srsubpixelcnn,
  title = {Image Super-Resolution Using Deep Convolutional Networks},
  author = {Dong, Chao and Loy, Chen Change and He, Kaiming and Tang, Xiaoou},
  journal = {IEEE TPAMI},  
  year = {2016}
}
journal = {IEEE Transactions on Pattern Analysis and Machine Intelligence},
  

@inproceedings{xlsr,
  title = {Extremely Lightweight Quantization Robust Real-Time Single-Image Super Resolution for Mobile Devices},
  author = {Ayazoglu, Mustafa},
  booktitle = {Proceedings of the IEEE/CVF Computer Vision and Pattern Recognition Workshops (Mobile AI 2021 Workshop)},
  year = {2021},
  url = {https://doi.org/10.48550/arXiv.2105.10288},
  journal = {arXiv preprint arXiv:2105.10288}
}

@article{ultrasr,
  title = {Ultra Sharp: Study of Single Image Super Resolution Using Residual Dense Network},
  author = {Gunasekaran, Karthick Prasad},
  journal = {arXiv preprint arXiv:2304.10870},
  year = {2023},
  url = {https://doi.org/10.48550/arXiv.2304.10870}
}

@article{lesrcnn,
  title = {Lightweight Image Super-Resolution with Enhanced CNN},
  author = {Tian, Chunwei and Zhuge, Ruibin and Wu, Zhihao and Xu, Yong and Zuo, Wangmeng and Chen, Chen and Lin, Chia-Wen},
  journal = {arXiv preprint arXiv:2007.04344},
  year = {2020},
  url = {https://doi.org/10.48550/arXiv.2007.04344}
}

@inproceedings{rdn,
  title = {Residual Dense Network for Image Super-Resolution},
  author = {Zhang, Yulun and Tian, Yapeng and Kong, Yu and Zhong, Bineng and Fu, Yun},
  booktitle = {CVPR},
  year = {2018},
  url = {https://doi.org/10.48550/arXiv.1802.08797}
}

@inproceedings{quicksrnet,
  title = {QuickSRNet: Plain Single-Image Super-Resolution Architecture},
  author = {Berger, G. and Dhingra, M. and Mercier, A. and Savani, Y. and Panchal, S. and Porikli, F.},
  booktitle = {CVF},
  year = {2023},
  }
  title = {QuickSRNet: Plain Single-Image Super-Resolution Architecture for Faster Inference on Mobile Platforms},
booktitle = {Proceedings of the IEEE/CVF Computer Vision and Pattern Recognition Workshops (MAI 2023 Workshop)},
  year = {2023},
}
@misc{manifestv3,
  title = {Manifest V3},
  howpublished = {\url{https://developer.chrome.com/docs/extensions/mv3/}},
  year = {2023}
}
title = {Manifest V3: Background and Overview},
  

@misc{dom,
  title = {Introduction to the DOM},
  howpublished = {\url{https://developer.mozilla.org/en-US/docs/Web/API/Document_Object_Model/Introduction}},
  year = {2023}
}
@misc{webworkers,
  title = {Web Workers API},
  howpublished = {\url{https://developer.mozilla.org/en-US/docs/Web/API/Web_Workers_API}},
  year = {2023}
}
@misc{webgl,
  title = {WebGL},
  howpublished = {\url{https://developer.mozilla.org/en-US/docs/Web/API/WebGL_API}},
  year = {2023}
}





@online{harBigQuery,
  author = {har.fyi},
  title = {{Getting started accessing the HTTP Archive with BigQuery}},
  year = 2024,
  url = {https://har.fyi/guides/getting-started/},
  urldate = {2024-12-10}
}

@misc{tensorflow_quantization_blog,
    title = {TensorFlow Model Optimization Toolkit},
    author = {TensorFlow Blog},
    howpublished = {\url{https://blog.tensorflow.org/2019/08/tensorflow-model-optimization-toolkit_5.html}},
    year = {2019}
}
title = {TensorFlow Model Optimization Toolkit: Post-training Quantization},
  

@misc{fileapi,
  title = {File API - W3C Recommendation},
  author = {World Wide Web Consortium (W3C)},
  howpublished = {\url{https://www.w3.org/TR/FileAPI/}},
  year = {2015}
}
@book{gonzalez2018digital,
  title={Digital Image Processing},
  author={Gonzalez, Rafael C. and Woods, Richard E.},
  year={2018},
  publisher={Pearson},
}
 edition={4th}


@inproceedings{LUMS_web_affordability,
author = {Habib, Rumaisa and Tanveer, Sarah and Inam, Aimen and Ahmed, Haseeb and Ali, Ayesha and Uzmi, Zartash Afzal and Qazi, Zafar Ayyub and Qazi, Ihsan Ayyub},
title = {A Framework for Improving Web Affordability and Inclusiveness},
year = {2023},
isbn = {9798400702365},
publisher = {Association for Computing Machinery},
booktitle = {Proceedings of the ACM SIGCOMM 2023 Conference},
pages = {592–607},
numpages = {16},
location = {New York, NY, USA},
series = {ACM SIGCOMM '23}
}

@article{helsper2021digital,
  title={The digital disconnect: The social causes and consequences of digital inequalities},
  author={Helsper, Ellen},
  year={2021},
  publisher={SAGE Publications Ltd}
}

@article{lythreatis2022digital,
  title={The digital divide: A review and future research agenda},
  author={Lythreatis, Sophie and Singh, Sanjay Kumar and El-Kassar, Abdul-Nasser},
  journal={Technological Forecasting and Social Change},
  year={2022},
  publisher={Elsevier}
}

@article{digital_divide,
  title={Towards a world wide web without digital inequality},
  author={Chaqfeh, Moumena and Asim, Rohail and AlShebli, Bedoor and Zaffar, Muhammad Fareed and Rahwan, Talal and Zaki, Yasir},
  journal={PNAS},
  volume={120},
  number={3},
  pages={e2212649120},
  year={2023},
  publisher={National Acad Sciences}
}

@misc{webp,
  author = {Google Developers},
  title = {An image format for the Web},
  year = 2024,
  howpublished = {\url{https://developers.google.com/speed/webp}},
}

@misc{avif,
  author = {Netflix Technology Blog},
  title = {AVIF for Next-Generation Image Coding},
  year = 2020,
  howpublished = {\url{https://netflixtechblog.com/avif-for-next-generation-image-coding-b1d75675fe4}},
}
note = {Accessed: 2024-12-14}


@misc{A03s,
  author = {GSMArena},
  title = {Samsung Galaxy A03s review},
  year = 2021,
  howpublished = {\url{https://www.gsmarena.com/samsung_galaxy_a03s-review-2355.php}},
}

@misc{A12,
  author = {Ryan Haines},
  title = {Samsung Galaxy A12 review: Sluggish but stylish starter smartphone},
  year = 2024,
  howpublished = {\url{https://www.androidauthority.com/samsung-galaxy-a12-review-3022849/}},
}
note = {Accessed: 2024-12-14}


@misc{A34,
  author = {Hadlee Simons},
  title = {Samsung Galaxy A34 5G review: Should you buy it?},
  year = 2024,
  howpublished = {\url{https://www.androidauthority.com/samsung-galaxy-a34-5g-review-3328618/}},
}
  note = {Accessed: 2024-12-14}


@misc{3G_Fast,
  author = {Adam Raine},
  title = {Lighthouse: Network Throttling},
  year = 2023,
  howpublished = {\url{https://github.com/GoogleChrome/lighthouse/blob/main/docs/throttling.md}},
}
%note = {Accessed: 2024-12-14}

@misc{affordability_dev,
  author = {Ana Maria Rodriguez},
  title = {Mobile data cost have increased, making internet connectivity unaffordable for many},
  year = 2022,
  howpublished = {\url{https://a4ai.org/news/mobile-data-cost-have-increased-making-internet-connectivity-unaffordable-for-many/
2022}},
}

@misc{http_archieve,
  author = {HTTP Archive},
  title = {Page Weight},
  year = 2024,
  howpublished = {\url{https://httparchive.org/reports/page-weight}},
}

@inproceedings{tranco,
   author = "{Le Pochat}, Victor and {Van Goethem}, Tom and Tajalizadehkhoob, Samaneh and Korczy\'{n}ski, Maciej and Joosen, Wouter",
    title = "Tranco: A Research-Oriented Top Sites Ranking Hardened Against Manipulation",
booktitle = {Proceedings of the 26th Annual Network and Distributed System Security Symposium},
   series = {NDSS 2019},
     year = 2019,
    month = feb,
      doi = {10.14722/ndss.2019.23386},
}

@misc{google_crux,
	title = {Overview of {CrUX} {\textbar} {Chrome} {UX} {Report}},
	url = {https://developer.chrome.com/docs/crux},
	abstract = {Introduction to the CrUX dataset.},
	language = {en},
	urldate = {2024-10-05},
	journal = {Chrome for Developers},
	file = {Snapshot:/Users/masudulhasanmasudbhuiyan/Zotero/storage/5MWA9Z3Q/crux.html:text/html},
}

@inproceedings{browseLite,
author = {Kelton, Conor and Varvello, Matteo and Aucinas, Andrius and Livshits, Ben},
title = {BrowseLite: A Private Data Saving Solution for the Web},
year = {2021},
booktitle = {Proceedings of the Web Conference 2021},
pages = {305–316},
numpages = {12},
location = {Ljubljana, Slovenia},
series = {WWW '21}
}
isbn = {9781450383127},
publisher = {Association for Computing Machinery},
address = {New York, NY, USA},
keywords = {Browsers, Data saving, Images, Optimizations, Performance, Web},

@inproceedings{weblego,
  title={Web-lego: trading content strictness for faster webpages},
  author={Wang, Pengfei and Varvello, Matteo and Ni, Chunhe and Yu, Ruiyun and Kuzmanovic, Aleksandar},
  booktitle={IEEE INFOCOM 2021-IEEE Conference on Computer Communications},
  pages={1--10},
  year={2021},
  organization={IEEE}
}


@misc{brave,
  title = {The browser that puts you first},
  howpublished = {\url{https://brave.com/}},
  Year = {2024},
}

@misc{puppeteer,
  title = {Puppeteer},
  howpublished = {\url{https://pptr.dev/}},
  Year = {2024},
}

@misc{MDN2024PageLoadTime,
    title = {{Page Load Time}},
    howpublished = {\url{developer.mozilla.org/en-US/docs/Glossary/Page_load_time}},    
}
Year = {2024},
howpublished = {\url{https://developer.mozilla.org/en-US/docs/Glossary/Page_load_time}},
  
title = {MDN web docs: Page load time},
  

@inproceedings{newman2019scaling,
  title={Scaling Up Your Web Experience, Everywhere},
  author={Newman, James and Belson, Robert and Bustamante, Fabi{\'a}n E},
  booktitle={Proceedings of the 20th International Workshop on Mobile Computing Systems and Applications},
  pages={87--92},
  year={2019}
}
@misc{postel1981rfc793,
  author       = {Postel, J.},
  title        = {Transmission Control Protocol},
  howpublished = {RFC 793},
  year         = {1981},
  publisher    = {Internet Engineering Task Force},
  note         = {Available at \url{https://doi.org/10.17487/RFC0793}},
}

@misc{hassan2024,
      title={Rethinking Image Compression on the Web with Generative AI}, 
      author={Shayan Ali Hassan and Danish Humair and Ihsan Ayyub Qazi and Zafar Ayyub Qazi},
      year={2024},
      eprint={2407.04542},
      archivePrefix={arXiv},
      primaryClass={cs.NI},
      url={https://arxiv.org/abs/2407.04542}, 
}

@misc{aldahoul2023,
      title={Exploring the Potential of Generative AI for the World Wide Web}, 
      author={Nouar AlDahoul and Joseph Hong and Matteo Varvello and Yasir Zaki},
      year={2023},
      eprint={2310.17370},
      archivePrefix={arXiv},
      primaryClass={cs.AI},
      url={https://arxiv.org/abs/2310.17370}, 
}