@inproceedings{ding2020alex,
  title={ALEX: an updatable adaptive learned index},
  author={Ding, Jialin and Minhas, Umar Farooq and Yu, Jia and Wang, Chi and Do, Jaeyoung and Li, Yinan and Zhang, Hantian and Chandramouli, Badrish and Gehrke, Johannes and Kossmann, Donald and others},
  booktitle={Proceedings of the 2020 ACM SIGMOD International Conference on Management of Data},
  pages={969--984},
  year={2020}
}

@article{ferragina2020pgm,
  title={The PGM-index: a fully-dynamic compressed learned index with provable worst-case bounds},
  author={Ferragina, Paolo and Vinciguerra, Giorgio},
  journal={Proceedings of the VLDB Endowment},
  volume={13},
  number={8},
  pages={1162--1175},
  year={2020},
  publisher={VLDB Endowment}
}

@inproceedings{galakatos2019fiting,
  title={Fiting-tree: A data-aware index structure},
  author={Galakatos, Alex and Markovitch, Michael and Binnig, Carsten and Fonseca, Rodrigo and Kraska, Tim},
  booktitle={Proceedings of the 2019 International Conference on Management of Data},
  pages={1189--1206},
  year={2019}
}

@article{ge2023sali,
  title={SALI: A Scalable Adaptive Learned Index Framework based on Probability Models},
  author={Ge, Jiake and Zhang, Huanchen and Shi, Boyu and Luo, Yuanhui and Guo, Yunda and Chai, Yunpeng and Chen, Yuxing and Pan, Anqun},
  journal={Proceedings of the ACM on Management of Data},
  volume={1},
  number={4},
  pages={1--25},
  year={2023},
  publisher={ACM New York, NY, USA}
}

@inproceedings{kraska2018case,
  title={The case for learned index structures},
  author={Kraska, Tim and Beutel, Alex and Chi, Ed H and Dean, Jeffrey and Polyzotis, Neoklis},
  booktitle={Proceedings of the 2018 international conference on management of data},
  pages={489--504},
  year={2018}
}

@article{li2021finedex,
  title={FINEdex: a fine-grained learned index scheme for scalable and concurrent memory systems},
  author={Li, Pengfei and Hua, Yu and Jia, Jingnan and Zuo, Pengfei},
  journal={Proceedings of the VLDB Endowment},
  volume={15},
  number={2},
  pages={321--334},
  year={2021},
  publisher={VLDB Endowment}
}

@inproceedings{tang2020xindex,
  title={XIndex: a scalable learned index for multicore data storage},
  author={Tang, Chuzhe and Wang, Youyun and Dong, Zhiyuan and Hu, Gansen and Wang, Zhaoguo and Wang, Minjie and Chen, Haibo},
  booktitle={Proceedings of the 25th ACM SIGPLAN symposium on principles and practice of parallel programming},
  pages={308--320},
  year={2020}
}

@article{wongkham2022updatable,
  title={Are updatable learned indexes ready?},
  author={Wongkham, Chaichon and Lu, Baotong and Liu, Chris and Zhong, Zhicong and Lo, Eric and Wang, Tianzheng},
  journal={arXiv preprint arXiv:2207.02900},
  year={2022}
}

@article{wu2021updatable,
  title={Updatable learned index with precise positions},
  author={Wu, Jiacheng and Zhang, Yong and Chen, Shimin and Wang, Jin and Chen, Yu and Xing, Chunxiao},
  journal={arXiv preprint arXiv:2104.05520},
  year={2021}
}

