
% Journals

% First the Full Name is given, then the abbreviation used in the AMS Math
% Reviews, with an indication if it could not be found there.
% Note the 2nd overwrites the 1st, so swap them if you want the full name.

@article{wang2024learnedkv,
  title={LearnedKV: Integrating LSM and Learned Index for Superior Performance on SSD},
  author={Wang, Wenlong and Du, David Hung-Chang},
  journal={arXiv preprint arXiv:2406.18892},
  year={2024}
}

@article{ge2023sali,
  title={SALI: A Scalable Adaptive Learned Index Framework based on Probability Models},
  author={Ge, Jiake and Zhang, Huanchen and Shi, Boyu and Luo, Yuanhui and Guo, Yunda and Chai, Yunpeng and Chen, Yuxing and Pan, Anqun},
  journal={Proceedings of the ACM on Management of Data},
  volume={1},
  number={4},
  pages={1--25},
  year={2023},
  publisher={ACM New York, NY, USA}
}

@inproceedings{zhang2020order,
  title={Order-preserving key compression for in-memory search trees},
  author={Zhang, Huanchen and Liu, Xiaoxuan and Andersen, David G and Kaminsky, Michael and Keeton, Kimberly and Pavlo, Andrew},
  booktitle={Proceedings of the 2020 ACM SIGMOD International Conference on Management of Data},
  pages={1601--1615},
  year={2020}
}

 %{AMS}
 @String{AMSTrans = "American Mathematical Society Translations" }
 @String{AMSTrans = "Amer. Math. Soc. Transl." }
 @String{BullAMS = "Bulletin of the American Mathematical Society" }
 @String{BullAMS = "Bull. Amer. Math. Soc." }
 @String{ProcAMS = "Proceedings of the American Mathematical Society" }
 @String{ProcAMS = "Proc. Amer. Math. Soc." }
 @String{TransAMS = "Transactions of the American Mathematical Society" }
 @String{TransAMS = "Trans. Amer. Math. Soc." }

 %ACM
 @String{CACM = "Communications of the {ACM}" }
 @String{CACM = "Commun. {ACM}" }
 @String{CompServ = "Comput. Surveys" }
 @String{JACM = "J. ACM" }
 @String{ACMMathSoft = "{ACM} Transactions on Mathematical Software" }
 @String{ACMMathSoft = "{ACM} Trans. Math. Software" }
 @String{SIGNUM = "{ACM} {SIGNUM} Newsletter" }
 @String{SIGNUM = "{ACM} {SIGNUM} Newslett." }

 @String{AmerSocio = "American Journal of Sociology" }
 @String{AmerStatAssoc = "Journal of the American Statistical Association" }
 @String{AmerStatAssoc = "J. Amer. Statist. Assoc." }
 @String{ApplMathComp = "Applied Mathematics and Computation" }
 @String{ApplMathComp = "Appl. Math. Comput." }
 @String{AmerMathMonthly = "American Mathematical Monthly" }
 @String{AmerMathMonthly = "Amer. Math. Monthly" }
 @String{BIT = "{BIT}" }
 @String{BritStatPsych = "British Journal of Mathematical and Statistical
          Psychology" }
 @String{BritStatPsych = "Brit. J. Math. Statist. Psych." }
 @String{CanMathBull = "Canadian Mathematical Bulletin" }
 @String{CanMathBull = "Canad. Math. Bull." }
 @String{CompApplMath = "Journal of Computational and Applied Mathematics" }
 @String{CompApplMath = "J. Comput. Appl. Math." }
 @String{CompPhys = "Journal of Computational Physics" }
 @String{CompPhys = "J. Comput. Phys." }
 @String{CompStruct = "Computers and Structures" }
 @String{CompStruct = "Comput. \& Structures" }
 @String{CompJour = "The Computer Journal" }
 @String{CompJour = "Comput. J." }
 @String{CompSysSci = "Journal of Computer and System Sciences" }
 @String{CompSysSci = "J. Comput. System Sci." }
 @String{Computing = "Computing" }
 @String{ContempMath = "Contemporary Mathematics" }
 @String{ContempMath = "Contemp. Math." }
 @String{Crelle = "Crelle's Journal" }
 @String{GiornaleMath = "Giornale di Mathematiche" }
 @String{GiornaleMath = "Giorn. Mat." } % didn't find in AMS MR., ibid.

 %IEEE
 @String{Computer = "{IEEE} Computer" }
 @String{IEEETransComp = "{IEEE} Transactions on Computers" }
 @String{IEEETransComp = "{IEEE} Trans. Comput." }
 @String{IEEETransAC = "{IEEE} Transactions on Automatic Control" }
 @String{IEEETransAC = "{IEEE} Trans. Automat. Control" }
 @String{IEEESpec = "{IEEE} Spectrum" } % didn't find in AMS MR
 @String{ProcIEEE = "Proceedings of the {IEEE}" }
 @String{ProcIEEE = "Proc. {IEEE}" } % didn't find in AMS MR
 @String{IEEETransAeroElec = "{IEEE} Transactions on Aerospace and Electronic
     Systems" }
 @String{IEEETransAeroElec = "{IEEE} Trans. Aerospace Electron. Systems" }

 @String{IMANumerAna = "{IMA} Journal of Numerical Analysis" }
 @String{IMANumerAna = "{IMA} J. Numer. Anal." }
 @String{InfProcLet = "Information Processing Letters" }
 @String{InfProcLet = "Inform. Process. Lett." }
 @String{InstMathApp = "Journal of the Institute of Mathematics and
     its Applications" }
 @String{InstMathApp = "J. Inst. Math. Appl." }
 @String{IntControl = "International Journal of Control" }
 @String{IntControl = "Internat. J. Control" }
 @String{IntNumerEng = "International Journal for Numerical Methods in
     Engineering" }
 @String{IntNumerEng = "Internat. J. Numer. Methods Engrg." }
 @String{IntSuper = "International Journal of Supercomputing Applications" }
 @String{IntSuper = "Internat. J. Supercomputing Applic." } % didn't find
%% in AMS MR
 @String{Kibernetika = "Kibernetika" }
 @String{JResNatBurStand = "Journal of Research of the National Bureau
     of Standards" }
 @String{JResNatBurStand = "J. Res. Nat. Bur. Standards" }
 @String{LinAlgApp = "Linear Algebra and its Applications" }
 @String{LinAlgApp = "Linear Algebra Appl." }
 @String{MathAnaAppl = "Journal of Mathematical Analysis and Applications" }
 @String{MathAnaAppl = "J. Math. Anal. Appl." }
 @String{MathAnnalen = "Mathematische Annalen" }
 @String{MathAnnalen = "Math. Ann." }
 @String{MathPhys = "Journal of Mathematical Physics" }
 @String{MathPhys = "J. Math. Phys." }
 @String{MathComp = "Mathematics of Computation" }
 @String{MathComp = "Math. Comp." }
 @String{MathScand = "Mathematica Scandinavica" }
 @String{MathScand = "Math. Scand." }
 @String{TablesAidsComp = "Mathematical Tables and Other Aids to Computation" }
 @String{TablesAidsComp = "Math. Tables Aids Comput." }
 @String{NumerMath = "Numerische Mathematik" }
 @String{NumerMath = "Numer. Math." }
 @String{PacificMath = "Pacific Journal of Mathematics" }
 @String{PacificMath = "Pacific J. Math." }
 @String{ParDistComp = "Journal of Parallel and Distributed Computing" }
 @String{ParDistComp = "J. Parallel and Distrib. Comput." } % didn't find
%% in AMS MR
 @String{ParComputing = "Parallel Computing" }
 @String{ParComputing = "Parallel Comput." }
 @String{PhilMag = "Philosophical Magazine" }
 @String{PhilMag = "Philos. Mag." }
 @String{ProcNAS = "Proceedings of the National Academy of Sciences
                    of the USA" }
 @String{ProcNAS = "Proc. Nat. Acad. Sci. U. S. A." }
 @String{Psychometrika = "Psychometrika" }
 @String{QuartMath = "Quarterly Journal of Mathematics, Oxford, Series (2)" }
 @String{QuartMath = "Quart. J. Math. Oxford Ser. (2)" }
 @String{QuartApplMath = "Quarterly of Applied Mathematics" }
 @String{QuartApplMath = "Quart. Appl. Math." }
 @String{RevueInstStat = "Review of the International Statisical Institute" }
 @String{RevueInstStat = "Rev. Inst. Internat. Statist." }

 %SIAM
 @String{JSIAM = "Journal of the Society for Industrial and Applied
     Mathematics" }
 @String{JSIAM = "J. Soc. Indust. Appl. Math." }
 @String{JSIAMB = "Journal of the Society for Industrial and Applied
     Mathematics, Series B, Numerical Analysis" }
 @String{JSIAMB = "J. Soc. Indust. Appl. Math. Ser. B Numer. Anal." }
 @String{SIAMAlgMeth = "{SIAM} Journal on Algebraic and Discrete Methods" }
 @String{SIAMAlgMeth = "{SIAM} J. Algebraic Discrete Methods" }
 @String{SIAMAppMath = "{SIAM} Journal on Applied Mathematics" }
 @String{SIAMAppMath = "{SIAM} J. Appl. Math." }
 @String{SIAMComp = "{SIAM} Journal on Computing" }
 @String{SIAMComp = "{SIAM} J. Comput." }
 @String{SIAMMatrix = "{SIAM} Journal on Matrix Analysis and Applications" }
 @String{SIAMMatrix = "{SIAM} J. Matrix Anal. Appl." }
 @String{SIAMNumAnal = "{SIAM} Journal on Numerical Analysis" }
 @String{SIAMNumAnal = "{SIAM} J. Numer. Anal." }
 @String{SIAMReview = "{SIAM} Review" }
 @String{SIAMReview = "{SIAM} Rev." }
 @String{SIAMSciStat = "{SIAM} Journal on Scientific and Statistical
     Computing" }
 @String{SIAMSciStat = "{SIAM} J. Sci. Statist. Comput." }

 @String{SoftPracExp = "Software Practice and Experience" }
 @String{SoftPracExp = "Software Prac. Experience" } % didn't find in AMS MR
 @String{StatScience = "Statistical Science" }
 @String{StatScience = "Statist. Sci." }
 @String{Techno = "Technometrics" }
 @String{USSRCompMathPhys = "{USSR} Computational Mathematics and Mathematical
     Physics" }
 @String{USSRCompMathPhys = "{U. S. S. R.} Comput. Math. and Math. Phys." }
 @String{VLSICompSys = "Journal of {VLSI} and Computer Systems" }
 @String{VLSICompSys = "J. {VLSI} Comput. Syst." }
 @String{ZAngewMathMech = "Zeitschrift fur Angewandte Mathematik und
     Mechanik" }
 @String{ZAngewMathMech = "Z. Angew. Math. Mech." }
 @String{ZAngewMathPhys = "Zeitschrift fur Angewandte Mathematik und Physik" }
 @String{ZAngewMathPhys = "Z. Angew. Math. Phys." }

% Publishers % ================================================= |

 @String{Academic = "Academic Press" }
 @String{ACMPress = "{ACM} Press" }
 @String{AdamHilger = "Adam Hilger" }
 @String{AddisonWesley = "Addison-Wesley" }
 @String{AllynBacon = "Allyn and Bacon" }
 @String{AMS = "American Mathematical Society" }
 @String{Birkhauser = "Birkha{\"u}ser" }
 @String{CambridgePress = "Cambridge University Press" }
 @String{Chelsea = "Chelsea" }
 @String{ClaredonPress = "Claredon Press" }
 @String{DoverPub = "Dover Publications" }
 @String{Eyolles = "Eyolles" }
 @String{HoltRinehartWinston = "Holt, Rinehart and Winston" }
 @String{Interscience = "Interscience" }
 @String{JohnsHopkinsPress = "The Johns Hopkins University Press" }
 @String{JohnWileySons = "John Wiley and Sons" }
 @String{Macmillan = "Macmillan" }
 @String{MathWorks = "The Math Works Inc." }
 @String{McGrawHill = "McGraw-Hill" }
 @String{NatBurStd = "National Bureau of Standards" }
 @String{NorthHolland = "North-Holland" }
 @String{OxfordPress = "Oxford University Press" }  %address Oxford or London?
 @String{PergamonPress = "Pergamon Press" }
 @String{PlenumPress = "Plenum Press" }
 @String{PrenticeHall = "Prentice-Hall" }
 @String{SIAMPub = "{SIAM} Publications" }
 @String{Springer = "Springer-Verlag" }
 @String{TexasPress = "University of Texas Press" }
 @String{VanNostrand = "Van Nostrand" }
 @String{WHFreeman = "W. H. Freeman and Co." }

%Entries



 @inproceedings{nishtala2013scaling,
  title={Scaling memcache at facebook},
  author={Nishtala, Rajesh and Fugal, Hans and Grimm, Steven and Kwiatkowski, Marc and Lee, Herman and Li, Harry C and McElroy, Ryan and Paleczny, Mike and Peek, Daniel and Saab, Paul and others},
  booktitle={10th USENIX Symposium on Networked Systems Design and Implementation (NSDI 13)},
  pages={385--398},
  year={2013}
}

@inproceedings{leis2013adaptive,
  title={The adaptive radix tree: ARTful indexing for main-memory databases},
  author={Leis, Viktor and Kemper, Alfons and Neumann, Thomas},
  booktitle={2013 IEEE 29th International Conference on Data Engineering (ICDE)},
  pages={38--49},
  year={2013},
  organization={IEEE}
}

@inproceedings{leverich2014reconciling,
  title={Reconciling high server utilization and sub-millisecond quality-of-service},
  author={Leverich, Jacob and Kozyrakis, Christos},
  booktitle={Proceedings of the Ninth European Conference on Computer Systems},
  pages={1--14},
  year={2014}
}



@inproceedings{fan2013memc3,
  title={$\{$MemC3$\}$: Compact and Concurrent $\{$MemCache$\}$ with Dumber Caching and Smarter Hashing},
  author={Fan, Bin and Andersen, David G and Kaminsky, Michael},
  booktitle={10th USENIX Symposium on Networked Systems Design and Implementation (NSDI 13)},
  pages={371--384},
  year={2013}
}

@inproceedings{mao2012cache,
  title={Cache craftiness for fast multicore key-value storage},
  author={Mao, Yandong and Kohler, Eddie and Morris, Robert Tappan},
  booktitle={Proceedings of the 7th ACM european conference on Computer Systems},
  pages={183--196},
  year={2012}
}

@inproceedings{ongaro2011fast,
  title={Fast crash recovery in RAMCloud},
  author={Ongaro, Diego and Rumble, Stephen M and Stutsman, Ryan and Ousterhout, John and Rosenblum, Mendel},
  booktitle={Proceedings of the Twenty-Third ACM Symposium on Operating Systems Principles},
  pages={29--41},
  year={2011}
}

@inproceedings{kapoor2012chronos,
  title={Chronos: Predictable low latency for data center applications},
  author={Kapoor, Rishi and Porter, George and Tewari, Malveeka and Voelker, Geoffrey M and Vahdat, Amin},
  booktitle={Proceedings of the Third ACM Symposium on Cloud Computing},
  pages={1--14},
  year={2012}
}

@article{yang2021large,
  title={A large-scale analysis of hundreds of in-memory key-value cache clusters at twitter},
  author={Yang, Juncheng and Yue, Yao and Rashmi, KV},
  journal={ACM Transactions on Storage (TOS)},
  volume={17},
  number={3},
  pages={1--35},
  year={2021},
  publisher={ACM New York, NY}
}

@misc{
  redis_persistence,
  author = {Redis},
  title = {Redis Persistence},
  year = {2023},
  url = {https://redis.io/docs/management/persistence/},
  note = {Accessed: July 5, 2023}
}


@article{ousterhout2015ramcloud,
  title={The RAMCloud storage system},
  author={Ousterhout, John and Gopalan, Arjun and Gupta, Ashish and Kejriwal, Ankita and Lee, Collin and Montazeri, Behnam and Ongaro, Diego and Park, Seo Jin and Qin, Henry and Rosenblum, Mendel and others},
  journal={ACM Transactions on Computer Systems (TOCS)},
  volume={33},
  number={3},
  pages={1--55},
  year={2015},
  publisher={ACM New York, NY, USA}
}

@Article{Abril07,
  author        = "Patricia S. Abril and Robert Plant",
  title         = "The patent holder's dilemma: Buy, sell, or troll?",
  journal       = "Communications of the ACM",
  volume        = "50",
  number        = "1",
  month         = jan,
  year          = "2007",
  pages         = "36--44",
  doi           = "10.1145/1188913.1188915",
  url           = "http://doi.acm.org/10.1145/1219092.1219093",
  note          = "",
}

@Article{Cohen07,
  author        = "Sarah Cohen and Werner Nutt and Yehoshua Sagic",
  title         = "Deciding equivalances among conjunctive aggregate queries",
  journal       = JACM,
  articleno     = 5,
  numpages      = 50,
  volume        = 54,
  number        = 2,
  month         = apr,
  year          = 2007,
  doi           = "10.1145/1219092.1219093",
  url           = "http://doi.acm.org/10.1145/1219092.1219093",
  acmid         = 1219093,
}


@periodical{JCohen96,
  key =          "Cohen",
  editor =       "Jacques Cohen",
  title =        "Special issue: Digital Libraries",
  journal =      CACM,
  volume =       "39",
  number =       "11",
  month =        nov,
  year =         "1996",
}


@Book{Kosiur01,
  author =       "David Kosiur",
  title =        "Understanding Policy-Based Networking",
  publisher =    "Wiley",
  year =         "2001",
  address =      "New York, NY",
  edition =      "2nd.",
  editor =       "",
  volume =       "",
  number =       "",
  series =       "",
  month =        "",
  note =         "",
}


@Book{Harel79,
  author =       "David Harel",
  year =         "1979",
  title =        "First-Order Dynamic Logic",
  series =       "Lecture Notes in Computer Science",
  volume =       "68",
  address =      "New York, NY",
  publisher =    "Springer-Verlag",
  doi =          "10.1007/3-540-09237-4",
  url =          "http://dx.doi.org/10.1007/3-540-09237-4",
  editor =       "",
  number =       "",
  month =        "",
  note =         "",
}


@Inbook{Editor00,
  author =       "",
  editor =       "Ian Editor",
  title =        "The title of book one",
  subtitle =     "The book subtitle",
  series =       "The name of the series one",
  year =         "2007",
  volume =       "9",
  address =      "Chicago",
  edition =      "1st.",
  publisher =    "University of Chicago Press",
  doi =          "10.1007/3-540-09237-4",
  url =          "http://dx.doi.org/10.1007/3-540-09456-9",
  chapter =      "",
  pages =        "",
  number =       "",
  type =         "",
  month =        "",
  note =         "",
}

%
@InBook{Editor00a,
  author =       "",
  editor =       "Ian Editor",
  title =        "The title of book two",
  subtitle =     "The book subtitle",
  series =       "The name of the series two",
  year =         "2008",
  address =      "Chicago",
  edition =      "2nd.",
  publisher =    "University of Chicago Press",
  doi =          "10.1007/3-540-09237-4",
  url =          "http://dx.doi.org/10.1007/3-540-09456-9",
  volume =       "",
  chapter =      "100",
  pages =        "",
  number =       "",
  type =         "",
  month =        "",
  note =         "",
}


% incollection (has an editor, title, and possibly a booktitle)
@Incollection{Spector90,
  author =       "Asad Z. Spector",
  title =        "Achieving application requirements",
  booktitle =    "Distributed Systems",
  publisher =    "ACM Press",
  address =      "New York, NY",
  year =         "1990",
  edition =      "2nd.",
  chapter =      "",
  editor =       "Sape Mullender",
  pages =        "19--33",
  doi =          "10.1145/90417.90738",
  url =          "http://doi.acm.org/10.1145/90417.90738",
  volume =       "",
  number =       "",
  series =       "",
  type =         "",
  month =        "",
  note =         "",
}


% incollection (has an editor, title, and possibly a booktitle)
@Incollection{Douglass98,
  author =       "Bruce P. Douglass and David Harel and Mark B. Trakhtenbrot",
  title =        "Statecarts in use: structured analysis and object-orientation",
  series =       "Lecture Notes in Computer Science",
  booktitle =    "Lectures on Embedded Systems",
  publisher =    "Springer-Verlag",
  address =      "London",
  volume =       "1494",
  year =         "1998",
  chapter =      "",
  editor =       "Grzegorz Rozenberg and Frits W. Vaandrager",
  pages =        "368--394",
  doi =          "10.1007/3-540-65193-4_29",
  url =          "http://dx.doi.org/10.1007/3-540-65193-4_29",
  edition =      "",
  number =       "",
  type =         "",
  month =        "",
  note =         "",
}


@Book{Knuth97,
  author =       "Donald E. Knuth",
  title =        "The Art of Computer Programming, Vol. 1: Fundamental Algorithms (3rd. ed.)",
  publisher =    "Addison Wesley Longman Publishing Co., Inc.",
  year =         "1997",
  address =      "",
  edition =      "",
  editor =       "",
  volume =       "",
  number =       "",
  series =       "",
  month =        "",
  note =         "",
}


@Book{Knuth98,
  author =       "Donald E. Knuth",
  year =         "1998",
  title =        "The Art of Computer Programming",
  series =       "Fundamental Algorithms",
  volume =       "1",
  edition =      "3rd",
  address =      "",
  publisher =    "Addison Wesley Longman Publishing Co., Inc.",
  doi =          "",
  url =          "",
  editor =       "",
  number =       "",
  month =        "",
  note =         "(book)",
}

%Inbook{Knuth97,
%  author =       "Donald E. Knuth",
%  title =        "The Art of Computer Programming",
%  booktitle =    "the booktitle",
%  edition =      "3",
%  volume =       "1",
%  year =         "1997",
%  publisher =    "Addison Wesley Longman Publishing Co., Inc.",
%  editor =       "",
%  number =       "",
%  series =       "Fundamental Algorithms",
%  type =         "",
%  chapter =      "",
%  pages =        "",
%  address =      "",
%  month =        "",
%  note =         "(inbook)",
%}

%INBOOK{DK:73-inbook-full,
%   author = "Donald E. Knuth",
%   title = "Fundamental Algorithms (inbook w series)",
%   volume = 1,
%   series = "The Art of Computer Programming",
%   publisher = "Addison-Wesley",
%   address = "Reading, Massachusetts",
%   edition = "Second",
%   month = "10~" # jan,
%   year = "1973",
%   type = "Section",
%   chapter = "1.2",
%   pages = "10--119",
%   note = "Full INBOOK entry (w series)",
%}

%INcollection{DK:74-incoll,
%   author = "Donald E. Knuth",
%   title = "Fundamental Algorithms (incoll)",
%   volume = 1,
%   booktitle = "The Art of Computer Programming",
%   publisher = "Addison-Wesley",
%   address = "Reading, Massachusetts",
%   month = "10~" # jan,
%   year = "1974",
%   pages = "10--119",
%   editor = "Bernard Rous",
%   note = "This is a full incoll entry with an editor",
%}

%INcollection{DK:75-incollws,
%   author = "Donald E. Knuth",
%   title = "Fundamental Algorithms (incoll w series)",
%   volume = 1,
%   booktitle = "The Art of Computer Programming",
%   series = "The Art of Computer Programming",
%   publisher = "Addison-Wesley",
%   address = "Reading, Massachusetts",
%   month = "10~" # jan,
%   year = "1975",
%   pages = "10--119",
%   editor = "Bernard Rous",
%   note = "This is a full incoll entry with an editor and series",
%}

@inproceedings{kraska2018case,
  title={The case for learned index structures},
  author={Kraska, Tim and Beutel, Alex and Chi, Ed H and Dean, Jeffrey and Polyzotis, Neoklis},
  booktitle={Proceedings of the 2018 international conference on management of data},
  pages={489--504},
  year={2018}
}

@inproceedings{kipf2020radixspline,
  title={RadixSpline: a single-pass learned index},
  author={Kipf, Andreas and Marcus, Ryan and van Renen, Alexander and Stoian, Mihail and Kemper, Alfons and Kraska, Tim and Neumann, Thomas},
  booktitle={Proceedings of the third international workshop on exploiting artificial intelligence techniques for data management},
  pages={1--5},
  year={2020}
}

@inproceedings{galakatos2019fiting,
  title={Fiting-tree: A data-aware index structure},
  author={Galakatos, Alex and Markovitch, Michael and Binnig, Carsten and Fonseca, Rodrigo and Kraska, Tim},
  booktitle={Proceedings of the 2019 International Conference on Management of Data},
  pages={1189--1206},
  year={2019}
}

@inproceedings{wang2020sindex,
  title={SIndex: a scalable learned index for string keys},
  author={Wang, Youyun and Tang, Chuzhe and Wang, Zhaoguo and Chen, Haibo},
  booktitle={Proceedings of the 11th ACM SIGOPS Asia-Pacific Workshop on Systems},
  pages={17--24},
  year={2020}
}

@inproceedings{tang2020xindex,
  title={XIndex: a scalable learned index for multicore data storage},
  author={Tang, Chuzhe and Wang, Youyun and Dong, Zhiyuan and Hu, Gansen and Wang, Zhaoguo and Wang, Minjie and Chen, Haibo},
  booktitle={Proceedings of the 25th ACM SIGPLAN symposium on principles and practice of parallel programming},
  pages={308--320},
  year={2020}
}

@article{ferragina2020pgm,
  title={The PGM-index: a fully-dynamic compressed learned index with provable worst-case bounds},
  author={Ferragina, Paolo and Vinciguerra, Giorgio},
  journal={Proceedings of the VLDB Endowment},
  volume={13},
  number={8},
  pages={1162--1175},
  year={2020},
  publisher={VLDB Endowment}
}

@inproceedings{ding2020alex,
  title={ALEX: an updatable adaptive learned index},
  author={Ding, Jialin and Minhas, Umar Farooq and Yu, Jia and Wang, Chi and Do, Jaeyoung and Li, Yinan and Zhang, Hantian and Chandramouli, Badrish and Gehrke, Johannes and Kossmann, Donald and others},
  booktitle={Proceedings of the 2020 ACM SIGMOD International Conference on Management of Data},
  pages={969--984},
  year={2020}
}

@article{li2021finedex,
  title={FINEdex: a fine-grained learned index scheme for scalable and concurrent memory systems},
  author={Li, Pengfei and Hua, Yu and Jia, Jingnan and Zuo, Pengfei},
  journal={Proceedings of the VLDB Endowment},
  volume={15},
  number={2},
  pages={321--334},
  year={2021},
  publisher={VLDB Endowment}
}

@article{wu2021updatable,
  title={Updatable learned index with precise positions},
  author={Wu, Jiacheng and Zhang, Yong and Chen, Shimin and Wang, Jin and Chen, Yu and Xing, Chunxiao},
  journal={arXiv preprint arXiv:2104.05520},
  year={2021}
}

@article{wang2022concurrent,
  title={The concurrent learned indexes for multicore data storage},
  author={Wang, Zhaoguo and Chen, Haibo and Wang, Youyun and Tang, Chuzhe and Wang, Huan},
  journal={ACM Transactions on Storage (TOS)},
  volume={18},
  number={1},
  pages={1--35},
  year={2022},
  publisher={ACM New York, NY}
}

@article{lu2021apex,
  title={APEX: A high-performance learned index on persistent memory},
  author={Lu, Baotong and Ding, Jialin and Lo, Eric and Minhas, Umar Farooq and Wang, Tianzheng},
  journal={arXiv preprint arXiv:2105.00683},
  year={2021}
}

@article{wu2022nfl,
  title={NFL: Robust Learned Index via Distribution Transformation},
  author={Wu, Shangyu and Cui, Yufei and Yu, Jinghuan and Sun, Xuan and Kuo, Tei-Wei and Xue, Chun Jason},
  journal={arXiv preprint arXiv:2205.11807},
  year={2022}
}

@inproceedings{li2023rolex,
  title={$\{$ROLEX$\}$: A Scalable $\{$RDMA-oriented$\}$ Learned $\{$Key-Value$\}$ Store for Disaggregated Memory Systems},
  author={Li, Pengfei and Hua, Yu and Zuo, Pengfei and Chen, Zhangyu and Sheng, Jiajie},
  booktitle={21st USENIX Conference on File and Storage Technologies (FAST 23)},
  pages={99--114},
  year={2023}
}


@inproceedings{savedata,
  title={Worldwide Global StorageSphere Forecast, 2021–2025: To Save or Not to Save Data, That Is the Question},
  author={Rydning, J. & Reinsel, D.},
  booktitle={IDC White Pap.},
  year={2021}
}

@article{wongkham2022updatable,
  title={Are updatable learned indexes ready?},
  author={Wongkham, Chaichon and Lu, Baotong and Liu, Chris and Zhong, Zhicong and Lo, Eric and Wang, Tianzheng},
  journal={arXiv preprint arXiv:2207.02900},
  year={2022}
}

@article{li2023dili,
  title={DILI: A Distribution-Driven Learned Index},
  author={Li, Pengfei and Lu, Hua and Zhu, Rong and Ding, Bolin and Yang, Long and Pan, Gang},
  journal={arXiv preprint arXiv:2304.08817},
  year={2023}
}

@article{hoare1961algorithm,
  title={Algorithm 65: find},
  author={Hoare, Charles AR},
  journal={Communications of the ACM},
  volume={4},
  number={7},
  pages={321--322},
  year={1961},
  publisher={ACM New York, NY, USA}
}

@inproceedings{neumann2008smooth,
  title={Smooth interpolating histograms with error guarantees},
  author={Neumann, Thomas and Michel, Sebastian},
  booktitle={Sharing Data, Information and Knowledge: 25th British National Conference on Databases, BNCOD 25, Cardiff, UK, July 7-10, 2008. Proceedings 25},
  pages={126--138},
  year={2008},
  organization={Springer}
}

@inproceedings{didona2019size,
  title={Size-aware sharding for improving tail latencies in in-memory key-value stores},
  author={Didona, Diego and Zwaenepoel, Willy},
  booktitle={16th USENIX Symposium on Networked Systems Design and Implementation (NSDI 19)},
  pages={79--94},
  year={2019}
}

@inproceedings{yamaguchi2013hardware,
  title={Hardware-based hash functions for network applications},
  author={Yamaguchi, Fumito and Nishi, Hiroaki},
  booktitle={2013 19th IEEE International Conference on Networks (ICON)},
  pages={1--6},
  year={2013},
  organization={IEEE}
}

@article{lemire2016faster,
  title={Faster 64-bit universal hashing using carry-less multiplications},
  author={Lemire, Daniel and Kaser, Owen},
  journal={Journal of Cryptographic Engineering},
  volume={6},
  pages={171--185},
  year={2016},
  publisher={Springer}
}

@inproceedings{atikoglu2012workload,
  title={Workload analysis of a large-scale key-value store},
  author={Atikoglu, Berk and Xu, Yuehai and Frachtenberg, Eitan and Jiang, Song and Paleczny, Mike},
  booktitle={Proceedings of the 12th ACM SIGMETRICS/PERFORMANCE joint international conference on Measurement and Modeling of Computer Systems},
  pages={53--64},
  year={2012}
}

@article{li2023dili,
  title={DILI: A distribution-driven learned index},
  author={Li, Pengfei and Lu, Hua and Zhu, Rong and Ding, Bolin and Yang, Long and Pan, Gang},
  journal={arXiv preprint arXiv:2304.08817},
  year={2023}
}