@inproceedings{jin2021bridging,
	title={Bridging the gap between low-light scenes: Bilevel learning for fast adaptation},
	author={Jin, Dian and Ma, Long and Liu, Risheng and Fan, Xin},
	booktitle={Proceedings of the 29th ACM international conference on multimedia},
	pages={2401--2409},
	year={2021}
}
@article{liu2018learning,
	title={Learning converged propagations with deep prior ensemble for image enhancement},
	author={Liu, Risheng and Ma, Long and Wang, Yiyang and Zhang, Lei},
	journal={IEEE Transactions on Image Processing},
	volume={28},
	number={3},
	pages={1528--1543},
	year={2018},
	publisher={IEEE}
}
@inproceedings{jiao2023pearl,
	title={Pearl: Preprocessing enhanced adversarial robust learning of image deraining for semantic segmentation},
	author={Jiao, Xianghao and Liu, Yaohua and Gao, Jiaxin and Chu, Xinyuan and Fan, Xin and Liu, Risheng},
	booktitle={Proceedings of the 31st ACM International Conference on Multimedia},
	pages={8185--8194},
	year={2023}
}
@inproceedings{liu2023multi,
	title={Multi-interactive feature learning and a full-time multi-modality benchmark for image fusion and segmentation},
	author={Liu, Jinyuan and Liu, Zhu and Wu, Guanyao and Ma, Long and Liu, Risheng and Zhong, Wei and Luo, Zhongxuan and Fan, Xin},
	booktitle={Proceedings of the IEEE/CVF international conference on computer vision},
	pages={8115--8124},
	year={2023}
}
@inproceedings{jin2014robust,
	title={Robust visual tracking using latent subspace projection pursuit},
	author={Jin, Wei and Liu, Risheng and Su, Zhixun and Zhang, Changcheng and Bai, Shanshan},
	booktitle={2014 IEEE International Conference on Multimedia and Expo (ICME)},
	pages={1--6},
	year={2014},
	organization={IEEE}
}
@article{liu2020location,
	title={Location-aware and regularization-adaptive correlation filters for robust visual tracking},
	author={Liu, Risheng and Chen, Qianru and Yao, Yuansheng and Fan, Xin and Luo, Zhongxuan},
	journal={IEEE Transactions on Neural Networks and Learning Systems},
	volume={32},
	number={6},
	pages={2430--2442},
	year={2020},
	publisher={IEEE}
}
@article{liu2024task,
	title={A task-guided, implicitly-searched and metainitialized deep model for image fusion},
	author={Liu, Risheng and Liu, Zhu and Liu, Jinyuan and Fan, Xin and Luo, Zhongxuan},
	journal={IEEE Transactions on Pattern Analysis and Machine Intelligence},
	year={2024},
	publisher={IEEE}
}
@article{liu2024infrared,
	title={Infrared and Visible Image Fusion: From Data Compatibility to Task Adaption},
	author={Liu, Jinyuan and Wu, Guanyao and Liu, Zhu and Wang, Di and Jiang, Zhiying and Ma, Long and Zhong, Wei and Fan, Xin},
	journal={IEEE Transactions on Pattern Analysis and Machine Intelligence},
	year={2024},
	publisher={IEEE}
}
@inproceedings{xue2022best,
	title={Best of both worlds: See and understand clearly in the dark},
	author={Xue, Xinwei and He, Jia and Ma, Long and Wang, Yi and Fan, Xin and Liu, Risheng},
	booktitle={Proceedings of the 30th ACM International Conference on Multimedia},
	pages={2154--2162},
	year={2022}
}
@article{liu2024efficient,
	title={Efficient Retinex-Based Framework for Low-Light Image Enhancement without Additional Networks},
	author={Liu, Chunxiao and Wang, Zelong and Birch, Philip and Wang, Xun},
	journal={IEEE Transactions on Circuits and Systems for Video Technology},
	year={2024},
	publisher={IEEE}
}
@article{lv2022backlitnet,
	title={BacklitNet: A dataset and network for backlit image enhancement},
	author={Lv, Xiaoqian and Zhang, Shengping and Liu, Qinglin and Xie, Haozhe and Zhong, Bineng and Zhou, Huiyu},
	journal={Computer Vision and Image Understanding},
	volume={218},
	pages={103403},
	year={2022},
	publisher={Elsevier}
}
@article{kandula2023illumination,
	title={Illumination-adaptive unpaired low-light enhancement},
	author={Kandula, Praveen and Suin, Maitreya and Rajagopalan, AN},
	journal={IEEE Transactions on Circuits and Systems for Video Technology},
	volume={33},
	number={8},
	pages={3726--3736},
	year={2023},
	publisher={IEEE}
}
@inproceedings{jiang2021towards,
	title={Towards flexible blind JPEG artifacts removal},
	author={Jiang, Jiaxi and Zhang, Kai and Timofte, Radu},
	booktitle={Proceedings of the IEEE/CVF International Conference on Computer Vision},
	pages={4997--5006},
	year={2021}
}
@inproceedings{lin2020learning,
	title={Learning to deblur face images via sketch synthesis},
	author={Lin, Songnan and Zhang, Jiawei and Pan, Jinshan and Liu, Yicun and Wang, Yongtian and Chen, Jing and Ren, Jimmy},
	booktitle={Proceedings of the AAAI Conference on Artificial Intelligence},
	volume={34},
	number={07},
	pages={11523--11530},
	year={2020}
}
@inproceedings{liu2024motion,
	title={Motion-adaptive Separable Collaborative Filters for Blind Motion Deblurring},
	author={Liu, Chengxu and Wang, Xuan and Xu, Xiangyu and Tian, Ruhao and Li, Shuai and Qian, Xueming and Yang, Ming-Hsuan},
	booktitle={Proceedings of the IEEE/CVF Conference on Computer Vision and Pattern Recognition},
	pages={25595--25605},
	year={2024}
}
@article{zhang2023learning,
	title={Learning a single convolutional layer model for low light image enhancement},
	author={Zhang, Yuantong and Teng, Baoxin and Yang, Daiqin and Chen, Zhenzhong and Ma, Haichuan and Li, Gang and Ding, Wenpeng},
	journal={IEEE Transactions on Circuits and Systems for Video Technology},
	year={2023},
	publisher={IEEE}
}
@article{li2021low,
	title={Low-light image and video enhancement using deep learning: A survey},
	author={Li, Chongyi and Guo, Chunle and Han, Linghao and Jiang, Jun and Cheng, Ming-Ming and Gu, Jinwei and Loy, Chen Change},
	journal={IEEE transactions on pattern analysis and machine intelligence},
	volume={44},
	number={12},
	pages={9396--9416},
	year={2021},
	publisher={IEEE}
}
@article{zhang2021uncertainty,
	title={Uncertainty-aware blind image quality assessment in the laboratory and wild},
	author={Zhang, Weixia and Ma, Kede and Zhai, Guangtao and Yang, Xiaokang},
	journal={IEEE Transactions on Image Processing},
	volume={30},
	pages={3474--3486},
	year={2021},
	publisher={IEEE}
}
@inproceedings{zhang2023blind,
	title={Blind image quality assessment via vision-language correspondence: A multitask learning perspective},
	author={Zhang, Weixia and Zhai, Guangtao and Wei, Ying and Yang, Xiaokang and Ma, Kede},
	booktitle={Proceedings of the IEEE/CVF conference on computer vision and pattern recognition},
	pages={14071--14081},
	year={2023}
}
@article{li2021learning,
	title={Learning to enhance low-light image via zero-reference deep curve estimation},
	author={Li, Chongyi and Guo, Chunle and Loy, Chen Change},
	journal={IEEE transactions on pattern analysis and machine intelligence},
	volume={44},
	number={8},
	pages={4225--4238},
	year={2021},
	publisher={IEEE}
}
@article{zhang2023learning,
	title={Learning a single convolutional layer model for low light image enhancement},
	author={Zhang, Yuantong and Teng, Baoxin and Yang, Daiqin and Chen, Zhenzhong and Ma, Haichuan and Li, Gang and Ding, Wenpeng},
	journal={IEEE Transactions on Circuits and Systems for Video Technology},
	year={2023},
	publisher={IEEE}
}
@inproceedings{liang2023iterative,
	title={Iterative prompt learning for unsupervised backlit image enhancement},
	author={Liang, Zhexin and Li, Chongyi and Zhou, Shangchen and Feng, Ruicheng and Loy, Chen Change},
	booktitle={Proceedings of the IEEE/CVF International Conference on Computer Vision},
	pages={8094--8103},
	year={2023}
}
@inproceedings{wang2021hla,
	title={Hla-face: Joint high-low adaptation for low light face detection},
	author={Wang, Wenjing and Yang, Wenhan and Liu, Jiaying},
	booktitle={Proceedings of the IEEE/CVF Conference on Computer Vision and Pattern Recognition},
	pages={16195--16204},
	year={2021}
}

@inproceedings{cui2021multitask,
	title={Multitask aet with orthogonal tangent regularity for dark object detection},
	author={Cui, Ziteng and Qi, Guo-Jun and Gu, Lin and You, Shaodi and Zhang, Zenghui and Harada, Tatsuya},
	booktitle={Proceedings of the IEEE/CVF international conference on computer vision},
	pages={2553--2562},
	year={2021}
}
@inproceedings{li2019dsfd,
	title={DSFD: dual shot face detector},
	author={Li, Jian and Wang, Yabiao and Wang, Changan and Tai, Ying and Qian, Jianjun and Yang, Jian and Wang, Chengjie and Li, Jilin and Huang, Feiyue},
	booktitle={Proceedings of the IEEE/CVF conference on computer vision and pattern recognition},
	pages={5060--5069},
	year={2019}
}
@inproceedings{robert2009night,
	title={Night-time traffic surveillance: A robust framework for multi-vehicle detection, classification and tracking},
	author={Robert, Kostia},
	booktitle={2009 Sixth IEEE International Conference on Advanced Video and Signal Based Surveillance},
	pages={1--6},
	year={2009},
	organization={IEEE}
}@article{fu2021let,
	title={Let there be light: Improved traffic surveillance via detail preserving night-to-day transfer},
	author={Fu, Lan and Yu, Hongkai and Juefei-Xu, Felix and Li, Jinlong and Guo, Qing and Wang, Song},
	journal={IEEE Transactions on Circuits and Systems for Video Technology},
	volume={32},
	number={12},
	pages={8217--8226},
	year={2021},
	publisher={IEEE}
}
@article{wang2022sfnet,
	title={SFNet-N: An improved SFNet algorithm for semantic segmentation of low-light autonomous driving road scenes},
	author={Wang, Hai and Chen, Yanyan and Cai, Yingfeng and Chen, Long and Li, Yicheng and Sotelo, Miguel Angel and Li, Zhixiong},
	journal={IEEE Transactions on Intelligent Transportation Systems},
	volume={23},
	number={11},
	pages={21405--21417},
	year={2022},
	publisher={IEEE}
}
@article{li2021deep,
	title={A deep learning based image enhancement approach for autonomous driving at night},
	author={Li, Guofa and Yang, Yifan and Qu, Xingda and Cao, Dongpu and Li, Keqiang},
	journal={Knowledge-Based Systems},
	volume={213},
	pages={106617},
	year={2021},
	publisher={Elsevier}
}
@article{lu2023cascaded,
	title={Cascaded denoising Transformer for UAV nighttime tracking},
	author={Lu, Kunhan and Fu, Changhong and Wang, Yucheng and Zuo, Haobo and Zheng, Guangze and Pan, Jia},
	journal={IEEE Robotics and Automation Letters},
	volume={8},
	number={6},
	pages={3142--3149},
	year={2023},
	publisher={IEEE}
}
@inproceedings{ye2022unsupervised,
	title={Unsupervised domain adaptation for nighttime aerial tracking},
	author={Ye, Junjie and Fu, Changhong and Zheng, Guangze and Paudel, Danda Pani and Chen, Guang},
	booktitle={Proceedings of the IEEE/CVF conference on computer vision and pattern recognition},
	pages={8896--8905},
	year={2022}
}
@inproceedings{sakaridis2019guided,
	title={Guided curriculum model adaptation and uncertainty-aware evaluation for semantic nighttime image segmentation},
	author={Sakaridis, Christos and Dai, Dengxin and Gool, Luc Van},
	booktitle={Proceedings of the IEEE/CVF International Conference on Computer Vision},
	pages={7374--7383},
	year={2019}
}
@article{wu2021one,
	title={A one-stage domain adaptation network with image alignment for unsupervised nighttime semantic segmentation},
	author={Wu, Xinyi and Wu, Zhenyao and Ju, Lili and Wang, Song},
	journal={IEEE Transactions on Pattern Analysis and Machine Intelligence},
	volume={45},
	number={1},
	pages={58--72},
	year={2021},
	publisher={IEEE}
}
@article{liang2021recurrent,
	title={Recurrent exposure generation for low-light face detection},
	author={Liang, Jinxiu and Wang, Jingwen and Quan, Yuhui and Chen, Tianyi and Liu, Jiaying and Ling, Haibin and Xu, Yong},
	journal={IEEE Transactions on Multimedia},
	volume={24},
	pages={1609--1621},
	year={2021},
	publisher={IEEE}
}
@article{wang2022unsupervised,
	title={Unsupervised face detection in the dark},
	author={Wang, Wenjing and Wang, Xinhao and Yang, Wenhan and Liu, Jiaying},
	journal={IEEE Transactions on Pattern Analysis and Machine Intelligence},
	volume={45},
	number={1},
	pages={1250--1266},
	year={2022},
	publisher={IEEE}
}
@inproceedings{fan2023learning,
	title={Learning to See in Nighttime Driving Scenes with Inter-frequency Priors},
	author={Fan, Zhentao and Wu, Xianhao and Chen, Xiang and Li, Yufeng},
	booktitle={Proceedings of the IEEE/CVF Conference on Computer Vision and Pattern Recognition},
	pages={4218--4225},
	year={2023}
}
@article{zhang2021beyond_kind,
	title={Beyond brightening low-light images},
	author={Zhang, Yonghua and Guo, Xiaojie and Ma, Jiayi and Liu, Wei and Zhang, Jiawan},
	journal={International Journal of Computer Vision},
	volume={129},
	number={4},
	pages={1013--1037},
	year={2021},
	publisher={Springer}
}
@inproceedings{zhang2019kindling ,
	title={Kindling the Darkness: A Practical Low-light Image Enhancer},
	author={Zhang, Yonghua and Zhang, Jiawan and Guo, Xiaojie},
	booktitle={ACM Multimedia},
	year={2019}
}
@inproceedings{fan2020integrating,
	title={Integrating semantic segmentation and retinex model for low-light image enhancement},
	author={Fan, Minhao and Wang, Wenjing and Yang, Wenhan and Liu, Jiaying},
	booktitle={Proceedings of the 28th ACM international conference on multimedia},
	pages={2317--2325},
	year={2020}
}
@article{huang2019convolutional,
	title={Convolutional networks with dense connectivity},
	author={Huang, Gao and Liu, Zhuang and Pleiss, Geoff and Van Der Maaten, Laurens and Weinberger, Kilian Q},
	journal={IEEE transactions on pattern analysis and machine intelligence},
	volume={44},
	number={12},
	pages={8704--8716},
	year={2019},
	publisher={IEEE}
}
@inproceedings{liu2021swin,
	title={Swin transformer: Hierarchical vision transformer using shifted windows},
	author={Liu, Ze and Lin, Yutong and Cao, Yue and Hu, Han and Wei, Yixuan and Zhang, Zheng and Lin, Stephen and Guo, Baining},
	booktitle={Proceedings of the IEEE/CVF international conference on computer vision},
	pages={10012--10022},
	year={2021}
}
@article{yang2021sparse,
	title={Sparse gradient regularized deep retinex network for robust low-light image enhancement},
	author={Yang, Wenhan and Wang, Wenjing and Huang, Haofeng and Wang, Shiqi and Liu, Jiaying},
	journal={IEEE Transactions on Image Processing},
	volume={30},
	pages={2072--2086},
	year={2021},
	publisher={IEEE}
}
@inproceedings{yang2023implicit,
	title={Implicit neural representation for cooperative low-light image enhancement},
	author={Yang, Shuzhou and Ding, Moxuan and Wu, Yanmin and Li, Zihan and Zhang, Jian},
	booktitle={Proceedings of the IEEE/CVF International Conference on Computer Vision},
	pages={12918--12927},
	year={2023}
}
@article{loh2019getting,
	title={Getting to know low-light images with the exclusively dark dataset},
	author={Loh, Yuen Peng and Chan, Chee Seng},
	journal={Computer Vision and Image Understanding},
	volume={178},
	pages={30--42},
	year={2019},
	publisher={Elsevier}
}
@article{liu2021benchmarking,
	title={Benchmarking low-light image enhancement and beyond},
	author={Liu, Jiaying and Xu, Dejia and Yang, Wenhan and Fan, Minhao and Huang, Haofeng},
	journal={International Journal of Computer Vision},
	volume={129},
	pages={1153--1184},
	year={2021},
	publisher={Springer}
}
@inproceedings{du2019visdrone,
	title={VisDrone-DET2019: The vision meets drone object detection in image challenge results},
	author={Du, Dawei and Zhu, Pengfei and Wen, Longyin and Bian, Xiao and Lin, Haibin and Hu, Qinghua and Peng, Tao and Zheng, Jiayu and Wang, Xinyao and Zhang, Yue and others},
	booktitle={Proceedings of the IEEE/CVF international conference on computer vision workshops},
	pages={0--0},
	year={2019}
}
@inproceedings{ignatov2017dslr,
	title={Dslr-quality photos on mobile devices with deep convolutional networks},
	author={Ignatov, Andrey and Kobyshev, Nikolay and Timofte, Radu and Vanhoey, Kenneth and Van Gool, Luc},
	booktitle={Proceedings of the IEEE international conference on computer vision},
	pages={3277--3285},
	year={2017}
}
@article{hou2024global,
	title={Global structure-aware diffusion process for low-light image enhancement},
	author={Hou, Jinhui and Zhu, Zhiyu and Hou, Junhui and Liu, Hui and Zeng, Huanqiang and Yuan, Hui},
	journal={Advances in Neural Information Processing Systems},
	volume={36},
	year={2024}
}
@article{jiang2023low,
	title={Low-light image enhancement with wavelet-based diffusion models},
	author={Jiang, Hai and Luo, Ao and Fan, Haoqiang and Han, Songchen and Liu, Shuaicheng},
	journal={ACM Transactions on Graphics (TOG)},
	volume={42},
	number={6},
	pages={1--14},
	year={2023},
	publisher={ACM New York, NY, USA}
}
@inproceedings{jiang2025lightendiffusion,
	title={Lightendiffusion: Unsupervised low-light image enhancement with latent-retinex diffusion models},
	author={Jiang, Hai and Luo, Ao and Liu, Xiaohong and Han, Songchen and Liu, Shuaicheng},
	booktitle={European Conference on Computer Vision},
	pages={161--179},
	year={2025},
	organization={Springer}
}
@article{wang2023lldiffusion,
	title={LLDiffusion: Learning degradation representations in diffusion models for low-light image enhancement},
	author={Wang, Tao and Zhang, Kaihao and Shao, Ziqian and Luo, Wenhan and Stenger, Bjorn and Kim, Tae-Kyun and Liu, Wei and Li, Hongdong},
	journal={arXiv preprint arXiv:2307.14659},
	year={2023}
}
@inproceedings{wang2023ultra,
	title={Ultra-high-definition low-light image enhancement: A benchmark and transformer-based method},
	author={Wang, Tao and Zhang, Kaihao and Shen, Tianrun and Luo, Wenhan and Stenger, Bjorn and Lu, Tong},
	booktitle={Proceedings of the AAAI Conference on Artificial Intelligence},
	volume={37},
	number={3},
	pages={2654--2662},
	year={2023}
}
@inproceedings{shi2024zero,
	title={ZERO-IG: Zero-Shot Illumination-Guided Joint Denoising and Adaptive Enhancement for Low-Light Images},
	author={Shi, Yiqi and Liu, Duo and Zhang, Liguo and Tian, Ye and Xia, Xuezhi and Fu, Xiaojing},
	booktitle={Proceedings of the IEEE/CVF Conference on Computer Vision and Pattern Recognition},
	pages={3015--3024},
	year={2024}
}
@inproceedings{fu2023learning,
	title={Learning a Simple Low-Light Image Enhancer From Paired Low-Light Instances},
	author={Fu, Zhenqi and Yang, Yan and Tu, Xiaotong and Huang, Yue and Ding, Xinghao and Ma, Kai-Kuang},
	booktitle={Proceedings of the IEEE/CVF Conference on Computer Vision and Pattern Recognition},
	pages={22252--22261},
	year={2023}
}
@inproceedings{liu2023low,
	title={Low-Light Image Enhancement with Multi-Stage Residue Quantization and Brightness-Aware Attention},
	author={Liu, Yunlong and Huang, Tao and Dong, Weisheng and Wu, Fangfang and Li, Xin and Shi, Guangming},
	booktitle={Proceedings of the IEEE/CVF International Conference on Computer Vision},
	pages={12140--12149},
	year={2023}
}
@inproceedings{bychkovsky2011learning,
	title={Learning photographic global tonal adjustment with a database of input/output image pairs},
	author={Bychkovsky, Vladimir and Paris, Sylvain and Chan, Eric and Durand, Fr{\'e}do},
	booktitle={CVPR 2011},
	pages={97--104},
	year={2011},
	organization={IEEE}
}
@article{zhang2023practical,
	title={Practical Blind Image Denoising via Swin-Conv-UNet and Data Synthesis},
	author={Zhang, Kai and Li, Yawei and Liang, Jingyun and Cao, Jiezhang and Zhang, Yulun and Tang, Hao and Fan, Deng-Ping and Timofte, Radu and Gool, Luc Van},
	journal={Machine Intelligence Research},
	volume={20},
	number={6},
	pages={822--836},
	year={2023},
	publisher={Springer}
}
@article{fu2023continual,
	title={Continual image deraining with hypergraph convolutional networks},
	author={Fu, Xueyang and Xiao, Jie and Zhu, Yurui and Liu, Aiping and Wu, Feng and Zha, Zheng-Jun},
	journal={IEEE Transactions on Pattern Analysis and Machine Intelligence},
	year={2023},
	publisher={IEEE}
}
@inproceedings{he2022masked,
	title={Masked autoencoders are scalable vision learners},
	author={He, Kaiming and Chen, Xinlei and Xie, Saining and Li, Yanghao and Doll{\'a}r, Piotr and Girshick, Ross},
	booktitle={Proceedings of the IEEE/CVF conference on computer vision and pattern recognition},
	pages={16000--16009},
	year={2022}
}
@inproceedings{liu2021retinex,
	title={Retinex-inspired unrolling with cooperative prior architecture search for low-light image enhancement},
	author={Liu, Risheng and Ma, Long and Zhang, Jiaao and Fan, Xin and Luo, Zhongxuan},
	booktitle={Proceedings of the IEEE/CVF conference on computer vision and pattern recognition},
	pages={10561--10570},
	year={2021}
}
@inproceedings{yao2021hardware,
	title={Hardware-Aware Low-Light Image Enhancement via One-Shot Neural Architecture Search with Shrinkage Sampling},
	author={Yao, Yuansheng and Liu, Risheng and Zhang, Jiaao and Zhong, Wei and Fan, Xin and Luo, Zhongxuan},
	booktitle={2021 IEEE International Conference on Multimedia and Expo (ICME)},
	pages={1--6},
	year={2021},
	organization={IEEE}
}
@inproceedings{jin2023dnf,
	title={Dnf: Decouple and feedback network for seeing in the dark},
	author={Jin, Xin and Han, Ling-Hao and Li, Zhen and Guo, Chun-Le and Chai, Zhi and Li, Chongyi},
	booktitle={Proceedings of the IEEE/CVF Conference on Computer Vision and Pattern Recognition},
	pages={18135--18144},
	year={2023}
}
@inproceedings{zheng2021adaptive,
	title={Adaptive unfolding total variation network for low-light image enhancement},
	author={Zheng, Chuanjun and Shi, Daming and Shi, Wentian},
	booktitle={Proceedings of the IEEE/CVF international conference on computer vision},
	pages={4439--4448},
	year={2021}
}
@article{wu2021one,
	title={A one-stage domain adaptation network with image alignment for unsupervised nighttime semantic segmentation},
	author={Wu, Xinyi and Wu, Zhenyao and Ju, Lili and Wang, Song},
	journal={IEEE Transactions on Pattern Analysis and Machine Intelligence},
	volume={45},
	number={1},
	pages={58--72},
	year={2021},
	publisher={IEEE}
}
@inproceedings{zimmermann2021contrastive,
	title={Contrastive learning inverts the data generating process},
	author={Zimmermann, Roland S and Sharma, Yash and Schneider, Steffen and Bethge, Matthias and Brendel, Wieland},
	booktitle={International Conference on Machine Learning},
	pages={12979--12990},
	year={2021},
	organization={PMLR}
}
@inproceedings{he2023adaptive,
	title={Adaptive Low-Light Image Enhancement Optimization Framework with Algorithm Unrolling},
	author={He, Qichang and Liang, Lingyu and Xiao, Wocheng and Liang, Mingju},
	booktitle={Chinese Conference on Pattern Recognition and Computer Vision (PRCV)},
	pages={158--170},
	year={2023},
	organization={Springer}
}
@article{liu2023low,
	title={Low-light image enhancement by retinex-based algorithm unrolling and adjustment},
	author={Liu, Xinyi and Xie, Qi and Zhao, Qian and Wang, Hong and Meng, Deyu},
	journal={IEEE Transactions on Neural Networks and Learning Systems},
	year={2023},
	publisher={IEEE}
}
@inproceedings{wu2022uretinex,
	title={Uretinex-net: Retinex-based deep unfolding network for low-light image enhancement},
	author={Wu, Wenhui and Weng, Jian and Zhang, Pingping and Wang, Xu and Yang, Wenhan and Jiang, Jianmin},
	booktitle={Proceedings of the IEEE/CVF conference on computer vision and pattern recognition},
	pages={5901--5910},
	year={2022}
}
@inproceedings{zhang2022deep,
	title={Deep color consistent network for low-light image enhancement},
	author={Zhang, Zhao and Zheng, Huan and Hong, Richang and Xu, Mingliang and Yan, Shuicheng and Wang, Meng},
	booktitle={Proceedings of the IEEE/CVF conference on computer vision and pattern recognition},
	pages={1899--1908},
	year={2022}
}
@article{lv2021attention,
	title={Attention guided low-light image enhancement with a large scale low-light simulation dataset},
	author={Lv, Feifan and Li, Yu and Lu, Feng},
	journal={International Journal of Computer Vision},
	volume={129},
	number={7},
	pages={2175--2193},
	year={2021},
	publisher={Springer}
}
@inproceedings{atoum2020color,
	title={Color-wise attention network for low-light image enhancement},
	author={Atoum, Yousef and Ye, Mao and Ren, Liu and Tai, Ying and Liu, Xiaoming},
	booktitle={Proceedings of the IEEE/CVF Conference on Computer Vision and Pattern Recognition Workshops},
	pages={506--507},
	year={2020}
}
@inproceedings{liang2021semantically,	
	title={Semantically contrastive learning for low-light image enhancement},
	author={Liang, Dong and Li, Ling and Wei, Mingqiang and Yang, Shuo and Zhang, Liyan and Yang, Wenhan and Du, Yun and Zhou, Huiyu},
	booktitle={Proceedings of the AAAI Conference on Artificial Intelligence},
	year={2021},
}
@inproceedings{guo2020zero,
	title={Zero-reference deep curve estimation for low-light image enhancement},
	author={Guo, Chunle and Li, Chongyi and Guo, Jichang and Loy, Chen Change and Hou, Junhui and Kwong, Sam and Cong, Runmin},
	booktitle={Proceedings of the IEEE/CVF Conference on Computer Vision and Pattern Recognition},
	pages={1780--1789},
	year={2020}
}
@inproceedings{wang2022low,
	title={Low-light image enhancement with normalizing flow},
	author={Wang, Yufei and Wan, Renjie and Yang, Wenhan and Li, Haoliang and Chau, Lap-Pui and Kot, Alex},
	booktitle={Proceedings of the AAAI conference on artificial intelligence},
	volume={36},
	number={3},
	pages={2604--2612},
	year={2022}
}
@inproceedings{zhao2021deep,
	title={Deep symmetric network for underexposed image enhancement with recurrent attentional learning},
	author={Zhao, Lin and Lu, Shao-Ping and Chen, Tao and Yang, Zhenglu and Shamir, Ariel},
	booktitle={Proceedings of the IEEE/CVF international conference on computer vision},
	pages={12075--12084},
	year={2021}
}
@inproceedings{wang2019underexposed,
	title={Underexposed photo enhancement using deep illumination estimation},
	author={Wang, Ruixing and Zhang, Qing and Fu, Chi-Wing and Shen, Xiaoyong and Zheng, Wei-Shi and Jia, Jiaya},
	booktitle={Proceedings of the IEEE/CVF conference on computer vision and pattern recognition},
	pages={6849--6857},
	year={2019}
}
@article{yang2020advancing,
	title={Advancing image understanding in poor visibility environments: A collective benchmark study},
	author={Yang, Wenhan and Yuan, Ye and Ren, Wenqi and Liu, Jiaying and Scheirer, Walter J and Wang, Zhangyang and Zhang, Taiheng and Zhong, Qiaoyong and Xie, Di and Pu, Shiliang and others},
	journal={IEEE Transactions on Image Processing},
	volume={29},
	pages={5737--5752},
	year={2020},
	publisher={IEEE}
}
@article{yang2021sparse,
	title={Sparse gradient regularized deep retinex network for robust low-light image enhancement},
	author={Yang, Wenhan and Wang, Wenjing and Huang, Haofeng and Wang, Shiqi and Liu, Jiaying},
	journal={IEEE Transactions on Image Processing},
	volume={30},
	pages={2072--2086},
	year={2021},
	publisher={IEEE}
}
@article{wei2018deep,
	title={Deep retinex decomposition for low-light enhancement},
	author={Wei, Chen and Wang, Wenjing and Yang, Wenhan and Liu, Jiaying},
	journal={arXiv preprint arXiv:1808.04560},
	year={2018}
}
@InProceedings{Kim_2021_ICCV,
	author    = {Kim, Hanul and Choi, Su-Min and Kim, Chang-Su and Koh, Yeong Jun},
	title     = {Representative Color Transform for Image Enhancement},
	booktitle = {Proceedings of the IEEE/CVF International Conference on Computer Vision (ICCV)},
	month     = {October},
	year      = {2021},
	pages     = {4459-4468}
}
@InProceedings{Zheng_2021_ICCV,
	author    = {Zheng, Chuanjun and Shi, Daming and Shi, Wentian},
	title     = {Adaptive Unfolding Total Variation Network for Low-Light Image Enhancement},
	booktitle = {Proceedings of the IEEE/CVF International Conference on Computer Vision (ICCV)},
	month     = {October},
	year      = {2021},
	pages     = {4439-4448}
}
@article{hai2023r2rnet,
	title={R2rnet: Low-light image enhancement via real-low to real-normal network},
	author={Hai, Jiang and Xuan, Zhu and Yang, Ren and Hao, Yutong and Zou, Fengzhu and Lin, Fang and Han, Songchen},
	journal={Journal of Visual Communication and Image Representation},
	volume={90},
	pages={103712},
	year={2023},
	publisher={Elsevier}
}
@inproceedings{cai2017joint,
	title={A Joint Intrinsic-Extrinsic Prior Model for Retinex},
	author={Cai, Bolun and Xu, Xianming and Guo, Kailing and Jia, Kui and Hu, Bin and Tao, Dacheng},
	booktitle={Proceedings of the IEEE/CVF International Conference on Computer Vision},
	year={2017}
}
@article{osher2005iterative,
	title={An iterative regularization method for total variation-based image restoration},
	author={Osher, Stanley and Burger, Martin and Goldfarb, Donald and Xu, Jinjun and Yin, Wotao},
	journal={Multiscale Modeling \& Simulation},
	volume={4},
	number={2},
	pages={460--489},
	year={2005},
	publisher={SIAM}
}
@article{li2018structure,
	title={Structure-Revealing Low-Light Image Enhancement Via Robust Retinex Model},
	author={Li, Mading and Liu, Jiaying and Yang, Wenhan and Sun, Xiaoyan and Guo, Zongming},
	journal={IEEE Transactions on Image Processing},
	volume={27},
	number={6},
	pages={2828--2841},
	year={2018},
}
@inproceedings{fu2016weighted,
	title={A weighted variational model for simultaneous reflectance and illumination estimation},
	author={Fu, Xueyang and Zeng, Delu and Huang, Yue and Zhang, Xiao-Ping and Ding, Xinghao},
	booktitle={Proceedings of the IEEE/CVF Conference on Computer Vision and Pattern Recognition},
	year={2016}
}
@article{ma2022low,
	title={Low-light image enhancement via self-reinforced retinex projection model},
	author={Ma, Long and Liu, Risheng and Wang, Yiyang and Fan, Xin and Luo, Zhongxuan},
	journal={IEEE Transactions on Multimedia},
	year={2022},
	publisher={IEEE}
}
@article{zhang2020enhancing,
	title={Enhancing underexposed photos using perceptually bidirectional similarity},
	author={Zhang, Qing and Nie, Yongwei and Zhu, Lei and Xiao, Chunxia and Zheng, Wei-Shi},
	journal={IEEE Transactions on Multimedia},
	volume={23},
	pages={189--202},
	year={2020},
	publisher={IEEE}
}
@inproceedings{zhang2018high,
	title={High-Quality Exposure Correction of Underexposed Photos},
	author={Zhang, Qing and Yuan, Ganzhao and Xiao, Chunxia and Zhu, Lei and Zheng, Wei-Shi},
	booktitle={ACM Multimedia},
	pages={582--590},
	year={2018},
}
@article{guo2017lime,
	title={LIME: Low-light image enhancement via illumination map estimation},
	author={Guo, Xiaojie and Li, Yu and Ling, Haibin},
	journal={IEEE Transactions on Image Processing},
	volume={26},
	number={2},
	pages={982--993},
	year={2017},
}
@article{tsmoothing2012,
	author = {Li Xu and Qiong Yan and Yang Xia and Jiaya Jia},
	title = {Structure Extraction from Texture via Relative Total Variation},
	journal = {ACM Transactions on Graphics},
	year = {2012}, 
}
@article{kandula2023illumination,
	title={Illumination-adaptive unpaired low-light enhancement},
	author={Kandula, Praveen and Suin, Maitreya and Rajagopalan, AN},
	journal={IEEE Transactions on Circuits and Systems for Video Technology},
	year={2023},
	publisher={IEEE}
}
@article{zhu2022enlightening,
	title={Enlightening low-light images with dynamic guidance for context enrichment},
	author={Zhu, Lingyu and Yang, Wenhan and Chen, Baoliang and Lu, Fangbo and Wang, Shiqi},
	journal={IEEE Transactions on Circuits and Systems for Video Technology},
	volume={32},
	number={8},
	pages={5068--5079},
	year={2022},
	publisher={IEEE}
}
@article{he2023low,
	title={Low-Light Image Enhancement with Multi-Scale Attention and Frequency-Domain Optimization},
	author={He, Zhiquan and Ran, Wu and Liu, Shulin and Li, Kehua and Lu, Jiawen and Xie, Changyong and Liu, Yong and Lu, Hong},
	journal={IEEE Transactions on Circuits and Systems for Video Technology},
	year={2023},
	publisher={IEEE}
}
@article{luo2023pseudo,
	title={Pseudo-supervised low-light image enhancement with mutual learning},
	author={Luo, Yu and You, Bijia and Yue, Guanghui and Ling, Jie},
	journal={IEEE Transactions on Circuits and Systems for Video Technology},
	year={2023},
	publisher={IEEE}
}
@article{zhao2021retinexdip,
	title={RetinexDIP: A unified deep framework for low-light image enhancement},
	author={Zhao, Zunjin and Xiong, Bangshu and Wang, Lei and Ou, Qiaofeng and Yu, Lei and Kuang, Fa},
	journal={IEEE Transactions on Circuits and Systems for Video Technology},
	volume={32},
	number={3},
	pages={1076--1088},
	year={2021},
	publisher={IEEE}
}
@article{jiang2023low,
	title={Low-light image enhancement via stage-transformer-guided network},
	author={Jiang, Nanfeng and Lin, Junhong and Zhang, Ting and Zheng, Haifeng and Zhao, Tiesong},
	journal={IEEE Transactions on Circuits and Systems for Video Technology},
	year={2023},
	publisher={IEEE}
}
@article{ren2020lr3m,
	title={LR3M: Robust low-light enhancement via low-rank regularized retinex model},
	author={Ren, Xutong and Yang, Wenhan and Cheng, Wen-Huang and Liu, Jiaying},
	journal={IEEE Transactions on Image Processing},
	volume={29},
	pages={5862--5876},
	year={2020},
	publisher={IEEE}
}
@article{xu2020star,
	title={Star: A structure and texture aware retinex model},
	author={Xu, Jun and Hou, Yingkun and Ren, Dongwei and Liu, Li and Zhu, Fan and Yu, Mengyang and Wang, Haoqian and Shao, Ling},
	journal={IEEE Transactions on Image Processing},
	volume={29},
	pages={5022--5037},
	year={2020},
	publisher={IEEE}
}
@article{gu2019novel,
	title={A novel retinex-based fractional-order variational model for images with severely low light},
	author={Gu, Zhihao and Li, Fang and Fang, Faming and Zhang, Guixu},
	journal={IEEE Transactions on Image Processing},
	volume={29},
	pages={3239--3253},
	year={2019},
	publisher={IEEE}
}
@article{fu2015probabilistic,
	title={A probabilistic method for image enhancement with simultaneous illumination and reflectance estimation},
	author={Fu, Xueyang and Liao, Yinghao and Zeng, Delu and Huang, Yue and Zhang, Xiao-Ping and Ding, Xinghao},
	journal={IEEE Transactions on Image Processing},
	volume={24},
	number={12},
	pages={4965--4977},
	year={2015},
}
@article{land1971lightness,
	title={Lightness and retinex theory},
	author={Land, Edwin H and McCann, John J},
	journal={Journal of the Optical Society of America},
	year={1971},
}
@article{liu2022learning,
	title={Learning with nested scene modeling and cooperative architecture search for low-light vision},
	author={Liu, Risheng and Ma, Long and Ma, Tengyu and Fan, Xin and Luo, Zhongxuan},
	journal={IEEE Transactions on Pattern Analysis and Machine Intelligence},
	year={2022},
	publisher={IEEE}
}
@inproceedings{ma2022toward,
	title={Toward Fast, Flexible, and Robust Low-Light Image Enhancement},
	author={Ma, Long and Ma, Tengyu and Liu, Risheng and Fan, Xin and Luo, Zhongxuan},
	booktitle={Proceedings of the IEEE/CVF Conference on Computer Vision and Pattern Recognition},
	pages={5637--5646},
	year={2022}
}
@article{wang2024unsupervised,
	title={Unsupervised Illumination Adaptation for Low-Light Vision},
	author={Wang, Wenjing and Luo, Rundong and Yang, Wenhan and Liu, Jiaying},
	journal={IEEE Transactions on Pattern Analysis \& Machine Intelligence},
	number={01},
	pages={1--15},
	year={2024},
	publisher={IEEE Computer Society}
}
@article{wang2022magan,
	title={MAGAN: Unsupervised low-light image enhancement guided by mixed-attention},
	author={Wang, Renjun and Jiang, Bin and Yang, Chao and Li, Qiao and Zhang, Bolin},
	journal={Big Data Mining and Analytics},
	volume={5},
	number={2},
	pages={110--119},
	year={2022},
	publisher={TUP}
}
@article{li2023lees,
	title={LEES-Net: Fast, lightweight unsupervised curve estimation network for low-light image enhancement and exposure suppression},
	author={Li, Xuanhe and He, Rui and Wu, Jian and Yan, Hu and Chen, Xianfeng},
	journal={Displays},
	volume={80},
	pages={102550},
	year={2023},
	publisher={Elsevier}
}
@InProceedings{Wu_2022_CVPR,
	author    = {Wu, Wenhui and Weng, Jian and Zhang, Pingping and Wang, Xu and Yang, Wenhan and Jiang, Jianmin},
	title     = {URetinex-Net: Retinex-Based Deep Unfolding Network for Low-Light Image Enhancement},
	booktitle = {Proceedings of the IEEE/CVF Conference on Computer Vision and Pattern Recognition (CVPR)},
	month     = {June},
	year      = {2022},
	pages     = {5901-5910}
}
@inproceedings{Zero-DCE++,
	author = {Li, Chongyi and Guo, Chunle Guo and Loy, Chen Change},
	title = {Learning to Enhance Low-Light Image via Zero-Reference Deep Curve Estimation},
	booktitle = {IEEE Transactions on Pattern Analysis and Machine Intelligence},
	pages    = {},
	month = {},
	year = {2021}
	doi={10.1109/TPAMI.2021.3063604}
}
@InProceedings{Xu_2020_CVPR,
	author = {Xu, Ke and Yang, Xin and Yin, Baocai and Lau, Rynson W.H.},
	title = {Learning to Restore Low-Light Images via Decomposition-and-Enhancement},
	booktitle = {Proceedings of the IEEE/CVF Conference on Computer Vision and Pattern Recognition (CVPR)},
	month = {June},
	year = {2020}
}
@inproceedings{niu2023physics,
	title={Physics-Based Adversarial Attack on Near-Infrared Human Detector for Nighttime Surveillance Camera Systems},
	author={Niu, Muyao and Li, Zhuoxiao and Zhan, Yifan and Nguyen, Huy H and Echizen, Isao and Zheng, Yinqiang},
	booktitle={Proceedings of the 31st ACM International Conference on Multimedia},
	pages={8799--8807},
	year={2023}
}
@inproceedings{wang2021consistency,
	title={Consistency-constancy bi-knowledge learning for pedestrian detection in night surveillance},
	author={Wang, Xiao and Wang, Zheng and Liu, Wu and Xu, Xin and Chen, Jing and Lin, Chia-Wen},
	booktitle={Proceedings of the 29th ACM International Conference on Multimedia},
	pages={4463--4471},
	year={2021}
}
@article{schutera2020night,
	title={Night-to-day: Online image-to-image translation for object detection within autonomous driving by night},
	author={Schutera, Mark and Hussein, Mostafa and Abhau, Jochen and Mikut, Ralf and Reischl, Markus},
	journal={IEEE Transactions on Intelligent Vehicles},
	volume={6},
	number={3},
	pages={480--489},
	year={2020},
	publisher={IEEE}
}
@inproceedings{ding2021repvgg,
	title={Repvgg: Making vgg-style convnets great again},
	author={Ding, Xiaohan and Zhang, Xiangyu and Ma, Ningning and Han, Jungong and Ding, Guiguang and Sun, Jian},
	booktitle={Proceedings of the IEEE/CVF Conference on Computer Vision and Pattern Recognition},
	pages={13733--13742},
	year={2021}
}
@inproceedings{zhou2022lednet,
	title={Lednet: Joint low-light enhancement and deblurring in the dark},
	author={Zhou, Shangchen and Li, Chongyi and Change Loy, Chen},
	booktitle={European Conference on Computer Vision},
	pages={573--589},
	year={2022},
	organization={Springer}
}
@article{kingma2014adam,
	title={Adam: A method for stochastic optimization},
	author={Kingma, Diederik P and Ba, Jimmy},
	journal={arXiv preprint arXiv:1412.6980},
	year={2014}
}
@InProceedings{Ding_2019_ICCV,
	author = {Ding, Xiaohan and Guo, Yuchen and Ding, Guiguang and Han, Jungong},
	title = {ACNet: Strengthening the Kernel Skeletons for Powerful CNN via Asymmetric Convolution Blocks},
	booktitle = {The IEEE International Conference on Computer Vision (ICCV)},
	month = {October},
	year = {2019}
}
@inproceedings{ding2021diverse,
	title={Diverse Branch Block: Building a Convolution as an Inception-like Unit},
	author={Ding, Xiaohan and Zhang, Xiangyu and Han, Jungong and Ding, Guiguang},
	booktitle={Proceedings of the IEEE/CVF Conference on Computer Vision and Pattern Recognition},
	pages={10886--10895},
	year={2021}
}
@inproceedings{zhang2021edge,
	title={Edge-oriented Convolution Block for Real-time Super Resolution on Mobile Devices},
	author={Zhang, Xindong and Zeng, Hui and Zhang, Lei},
	booktitle={Proceedings of the 29th ACM International Conference on Multimedia},
	pages={4034--4043},
	year={2021}
}
@article{agaian2007transform,
	title={Transform coefficient histogram-based image enhancement algorithms using contrast entropy},
	author={Agaian, Sos S and Silver, Blair and Panetta, Karen A},
	journal={IEEE transactions on image processing},
	volume={16},
	number={3},
	pages={741--758},
	year={2007},
	publisher={IEEE}
}
@article{shannon1948mathematical,
	title={A mathematical theory of communication},
	author={Shannon, Claude Elwood},
	journal={The Bell system technical journal},
	volume={27},
	number={3},
	pages={379--423},
	year={1948},
	publisher={Nokia Bell Labs}
}
@article{wang2013naturalness,
	title={Naturalness preserved enhancement algorithm for non-uniform illumination images},
	author={Wang, Shuhang and Zheng, Jin and Hu, Hai-Miao and Li, Bo},
	journal={IEEE transactions on image processing},
	volume={22},
	number={9},
	pages={3538--3548},
	year={2013},
	publisher={IEEE}
}
@inproceedings{zhang2018unreasonable,
	title={The unreasonable effectiveness of deep features as a perceptual metric},
	author={Zhang, Richard and Isola, Phillip and Efros, Alexei A and Shechtman, Eli and Wang, Oliver},
	booktitle={Proceedings of the IEEE conference on computer vision and pattern recognition},
	pages={586--595},
	year={2018}
}
@article{rahman2004retinex,
	title={Retinex processing for automatic image enhancement},
	author={Rahman, Zia-ur and Jobson, Daniel J and Woodell, Glenn A},
	journal={Journal of Electronic imaging},
	volume={13},
	number={1},
	pages={100--110},
	year={2004},
	publisher={SPIE}
}
@article{liang2019darts+,
	title={Darts+: Improved differentiable architecture search with early stopping},
	author={Liang, Hanwen and Zhang, Shifeng and Sun, Jiacheng and He, Xingqiu and Huang, Weiran and Zhuang, Kechen and Li, Zhenguo},
	journal={arXiv preprint arXiv:1909.06035},
	year={2019}
}
@article{liu2018darts,
	title={Darts: Differentiable architecture search},
	author={Liu, Hanxiao and Simonyan, Karen and Yang, Yiming},
	journal={arXiv preprint arXiv:1806.09055},
	year={2018}
}
@article{xu2019pc,
	title={Pc-darts: Partial channel connections for memory-efficient architecture search},
	author={Xu, Yuhui and Xie, Lingxi and Zhang, Xiaopeng and Chen, Xin and Qi, Guo-Jun and Tian, Qi and Xiong, Hongkai},
	journal={arXiv preprint arXiv:1907.05737},
	year={2019}
}
@article{zhang2021beyond,
	title={Beyond brightening low-light images},
	author={Zhang, Yonghua and Guo, Xiaojie and Ma, Jiayi and Liu, Wei and Zhang, Jiawan},
	journal={International Journal of Computer Vision},
	volume={129},
	number={4},
	pages={1013--1037},
	year={2021},
	publisher={Springer}
}
@article{fan2018image,
	title={Image smoothing via unsupervised learning},
	author={Fan, Qingnan and Yang, Jiaolong and Wipf, David and Chen, Baoquan and Tong, Xin},
	journal={ACM Transactions on Graphics (TOG)},
	volume={37},
	number={6},
	pages={1--14},
	year={2018},
	publisher={ACM New York, NY, USA}
}