@InProceedings{Kim_2021_ICCV,
	author    = {Kim, Hanul and Choi, Su-Min and Kim, Chang-Su and Koh, Yeong Jun},
	title     = {Representative Color Transform for Image Enhancement},
	booktitle = {Proceedings of the IEEE/CVF International Conference on Computer Vision (ICCV)},
	month     = {October},
	year      = {2021},
	pages     = {4459-4468}
}

@InProceedings{Wu_2022_CVPR,
	author    = {Wu, Wenhui and Weng, Jian and Zhang, Pingping and Wang, Xu and Yang, Wenhan and Jiang, Jianmin},
	title     = {URetinex-Net: Retinex-Based Deep Unfolding Network for Low-Light Image Enhancement},
	booktitle = {Proceedings of the IEEE/CVF Conference on Computer Vision and Pattern Recognition (CVPR)},
	month     = {June},
	year      = {2022},
	pages     = {5901-5910}
}

@InProceedings{Xu_2020_CVPR,
	author = {Xu, Ke and Yang, Xin and Yin, Baocai and Lau, Rynson W.H.},
	title = {Learning to Restore Low-Light Images via Decomposition-and-Enhancement},
	booktitle = {Proceedings of the IEEE/CVF Conference on Computer Vision and Pattern Recognition (CVPR)},
	month = {June},
	year = {2020}
}

@inproceedings{Zero-DCE++,
	author = {Li, Chongyi and Guo, Chunle Guo and Loy, Chen Change},
	title = {Learning to Enhance Low-Light Image via Zero-Reference Deep Curve Estimation},
	booktitle = {IEEE Transactions on Pattern Analysis and Machine Intelligence},
	pages    = {},
	month = {},
	year = {2021}
	doi={10.1109/TPAMI.2021.3063604}
}

@InProceedings{Zheng_2021_ICCV,
	author    = {Zheng, Chuanjun and Shi, Daming and Shi, Wentian},
	title     = {Adaptive Unfolding Total Variation Network for Low-Light Image Enhancement},
	booktitle = {Proceedings of the IEEE/CVF International Conference on Computer Vision (ICCV)},
	month     = {October},
	year      = {2021},
	pages     = {4439-4448}
}

@inproceedings{cai2017joint,
	title={A Joint Intrinsic-Extrinsic Prior Model for Retinex},
	author={Cai, Bolun and Xu, Xianming and Guo, Kailing and Jia, Kui and Hu, Bin and Tao, Dacheng},
	booktitle={Proceedings of the IEEE/CVF International Conference on Computer Vision},
	year={2017}
}

@inproceedings{fan2020integrating,
	title={Integrating semantic segmentation and retinex model for low-light image enhancement},
	author={Fan, Minhao and Wang, Wenjing and Yang, Wenhan and Liu, Jiaying},
	booktitle={Proceedings of the 28th ACM international conference on multimedia},
	pages={2317--2325},
	year={2020}
}

@article{fu2015probabilistic,
	title={A probabilistic method for image enhancement with simultaneous illumination and reflectance estimation},
	author={Fu, Xueyang and Liao, Yinghao and Zeng, Delu and Huang, Yue and Zhang, Xiao-Ping and Ding, Xinghao},
	journal={IEEE Transactions on Image Processing},
	volume={24},
	number={12},
	pages={4965--4977},
	year={2015},
}

@inproceedings{fu2016weighted,
	title={A weighted variational model for simultaneous reflectance and illumination estimation},
	author={Fu, Xueyang and Zeng, Delu and Huang, Yue and Zhang, Xiao-Ping and Ding, Xinghao},
	booktitle={Proceedings of the IEEE/CVF Conference on Computer Vision and Pattern Recognition},
	year={2016}
}

@article{fu2023continual,
	title={Continual image deraining with hypergraph convolutional networks},
	author={Fu, Xueyang and Xiao, Jie and Zhu, Yurui and Liu, Aiping and Wu, Feng and Zha, Zheng-Jun},
	journal={IEEE Transactions on Pattern Analysis and Machine Intelligence},
	year={2023},
	publisher={IEEE}
}

@inproceedings{fu2023learning,
	title={Learning a Simple Low-Light Image Enhancer From Paired Low-Light Instances},
	author={Fu, Zhenqi and Yang, Yan and Tu, Xiaotong and Huang, Yue and Ding, Xinghao and Ma, Kai-Kuang},
	booktitle={Proceedings of the IEEE/CVF Conference on Computer Vision and Pattern Recognition},
	pages={22252--22261},
	year={2023}
}

@article{gu2019novel,
	title={A novel retinex-based fractional-order variational model for images with severely low light},
	author={Gu, Zhihao and Li, Fang and Fang, Faming and Zhang, Guixu},
	journal={IEEE Transactions on Image Processing},
	volume={29},
	pages={3239--3253},
	year={2019},
	publisher={IEEE}
}

@article{guo2017lime,
	title={LIME: Low-light image enhancement via illumination map estimation},
	author={Guo, Xiaojie and Li, Yu and Ling, Haibin},
	journal={IEEE Transactions on Image Processing},
	volume={26},
	number={2},
	pages={982--993},
	year={2017},
}

@inproceedings{guo2020zero,
	title={Zero-reference deep curve estimation for low-light image enhancement},
	author={Guo, Chunle and Li, Chongyi and Guo, Jichang and Loy, Chen Change and Hou, Junhui and Kwong, Sam and Cong, Runmin},
	booktitle={Proceedings of the IEEE/CVF Conference on Computer Vision and Pattern Recognition},
	pages={1780--1789},
	year={2020}
}

@inproceedings{he2022masked,
	title={Masked autoencoders are scalable vision learners},
	author={He, Kaiming and Chen, Xinlei and Xie, Saining and Li, Yanghao and Doll{\'a}r, Piotr and Girshick, Ross},
	booktitle={Proceedings of the IEEE/CVF conference on computer vision and pattern recognition},
	pages={16000--16009},
	year={2022}
}

@article{he2023low,
	title={Low-Light Image Enhancement with Multi-Scale Attention and Frequency-Domain Optimization},
	author={He, Zhiquan and Ran, Wu and Liu, Shulin and Li, Kehua and Lu, Jiawen and Xie, Changyong and Liu, Yong and Lu, Hong},
	journal={IEEE Transactions on Circuits and Systems for Video Technology},
	year={2023},
	publisher={IEEE}
}

@article{hou2024global,
	title={Global structure-aware diffusion process for low-light image enhancement},
	author={Hou, Jinhui and Zhu, Zhiyu and Hou, Junhui and Liu, Hui and Zeng, Huanqiang and Yuan, Hui},
	journal={Advances in Neural Information Processing Systems},
	volume={36},
	year={2024}
}

@article{huang2019convolutional,
	title={Convolutional networks with dense connectivity},
	author={Huang, Gao and Liu, Zhuang and Pleiss, Geoff and Van Der Maaten, Laurens and Weinberger, Kilian Q},
	journal={IEEE transactions on pattern analysis and machine intelligence},
	volume={44},
	number={12},
	pages={8704--8716},
	year={2019},
	publisher={IEEE}
}

@inproceedings{jin2021bridging,
	title={Bridging the gap between low-light scenes: Bilevel learning for fast adaptation},
	author={Jin, Dian and Ma, Long and Liu, Risheng and Fan, Xin},
	booktitle={Proceedings of the 29th ACM international conference on multimedia},
	pages={2401--2409},
	year={2021}
}

@article{kandula2023illumination,
	title={Illumination-adaptive unpaired low-light enhancement},
	author={Kandula, Praveen and Suin, Maitreya and Rajagopalan, AN},
	journal={IEEE Transactions on Circuits and Systems for Video Technology},
	year={2023},
	publisher={IEEE}
}

@article{land1971lightness,
	title={Lightness and retinex theory},
	author={Land, Edwin H and McCann, John J},
	journal={Journal of the Optical Society of America},
	year={1971},
}

@article{li2018structure,
	title={Structure-Revealing Low-Light Image Enhancement Via Robust Retinex Model},
	author={Li, Mading and Liu, Jiaying and Yang, Wenhan and Sun, Xiaoyan and Guo, Zongming},
	journal={IEEE Transactions on Image Processing},
	volume={27},
	number={6},
	pages={2828--2841},
	year={2018},
}

@inproceedings{liu2021swin,
	title={Swin transformer: Hierarchical vision transformer using shifted windows},
	author={Liu, Ze and Lin, Yutong and Cao, Yue and Hu, Han and Wei, Yixuan and Zhang, Zheng and Lin, Stephen and Guo, Baining},
	booktitle={Proceedings of the IEEE/CVF international conference on computer vision},
	pages={10012--10022},
	year={2021}
}

@article{liu2022learning,
	title={Learning with nested scene modeling and cooperative architecture search for low-light vision},
	author={Liu, Risheng and Ma, Long and Ma, Tengyu and Fan, Xin and Luo, Zhongxuan},
	journal={IEEE Transactions on Pattern Analysis and Machine Intelligence},
	year={2022},
	publisher={IEEE}
}

@article{liu2023low,
	title={Low-light image enhancement by retinex-based algorithm unrolling and adjustment},
	author={Liu, Xinyi and Xie, Qi and Zhao, Qian and Wang, Hong and Meng, Deyu},
	journal={IEEE Transactions on Neural Networks and Learning Systems},
	year={2023},
	publisher={IEEE}
}

@article{liu2024efficient,
	title={Efficient Retinex-Based Framework for Low-Light Image Enhancement without Additional Networks},
	author={Liu, Chunxiao and Wang, Zelong and Birch, Philip and Wang, Xun},
	journal={IEEE Transactions on Circuits and Systems for Video Technology},
	year={2024},
	publisher={IEEE}
}

@article{ma2022low,
	title={Low-light image enhancement via self-reinforced retinex projection model},
	author={Ma, Long and Liu, Risheng and Wang, Yiyang and Fan, Xin and Luo, Zhongxuan},
	journal={IEEE Transactions on Multimedia},
	year={2022},
	publisher={IEEE}
}

@inproceedings{ma2022toward,
	title={Toward Fast, Flexible, and Robust Low-Light Image Enhancement},
	author={Ma, Long and Ma, Tengyu and Liu, Risheng and Fan, Xin and Luo, Zhongxuan},
	booktitle={Proceedings of the IEEE/CVF Conference on Computer Vision and Pattern Recognition},
	pages={5637--5646},
	year={2022}
}

@article{osher2005iterative,
	title={An iterative regularization method for total variation-based image restoration},
	author={Osher, Stanley and Burger, Martin and Goldfarb, Donald and Xu, Jinjun and Yin, Wotao},
	journal={Multiscale Modeling \& Simulation},
	volume={4},
	number={2},
	pages={460--489},
	year={2005},
	publisher={SIAM}
}

@article{rahman2004retinex,
	title={Retinex processing for automatic image enhancement},
	author={Rahman, Zia-ur and Jobson, Daniel J and Woodell, Glenn A},
	journal={Journal of Electronic imaging},
	volume={13},
	number={1},
	pages={100--110},
	year={2004},
	publisher={SPIE}
}

@article{ren2020lr3m,
	title={LR3M: Robust low-light enhancement via low-rank regularized retinex model},
	author={Ren, Xutong and Yang, Wenhan and Cheng, Wen-Huang and Liu, Jiaying},
	journal={IEEE Transactions on Image Processing},
	volume={29},
	pages={5862--5876},
	year={2020},
	publisher={IEEE}
}

@inproceedings{shi2024zero,
	title={ZERO-IG: Zero-Shot Illumination-Guided Joint Denoising and Adaptive Enhancement for Low-Light Images},
	author={Shi, Yiqi and Liu, Duo and Zhang, Liguo and Tian, Ye and Xia, Xuezhi and Fu, Xiaojing},
	booktitle={Proceedings of the IEEE/CVF Conference on Computer Vision and Pattern Recognition},
	pages={3015--3024},
	year={2024}
}

@article{tsmoothing2012,
	author = {Li Xu and Qiong Yan and Yang Xia and Jiaya Jia},
	title = {Structure Extraction from Texture via Relative Total Variation},
	journal = {ACM Transactions on Graphics},
	year = {2012}, 
}

@inproceedings{wang2022low,
	title={Low-light image enhancement with normalizing flow},
	author={Wang, Yufei and Wan, Renjie and Yang, Wenhan and Li, Haoliang and Chau, Lap-Pui and Kot, Alex},
	booktitle={Proceedings of the AAAI conference on artificial intelligence},
	volume={36},
	number={3},
	pages={2604--2612},
	year={2022}
}

@article{wang2023lldiffusion,
	title={LLDiffusion: Learning degradation representations in diffusion models for low-light image enhancement},
	author={Wang, Tao and Zhang, Kaihao and Shao, Ziqian and Luo, Wenhan and Stenger, Bjorn and Kim, Tae-Kyun and Liu, Wei and Li, Hongdong},
	journal={arXiv preprint arXiv:2307.14659},
	year={2023}
}

@inproceedings{wang2023ultra,
	title={Ultra-high-definition low-light image enhancement: A benchmark and transformer-based method},
	author={Wang, Tao and Zhang, Kaihao and Shen, Tianrun and Luo, Wenhan and Stenger, Bjorn and Lu, Tong},
	booktitle={Proceedings of the AAAI Conference on Artificial Intelligence},
	volume={37},
	number={3},
	pages={2654--2662},
	year={2023}
}

@article{wei2018deep,
	title={Deep retinex decomposition for low-light enhancement},
	author={Wei, Chen and Wang, Wenjing and Yang, Wenhan and Liu, Jiaying},
	journal={arXiv preprint arXiv:1808.04560},
	year={2018}
}

@article{wu2021one,
	title={A one-stage domain adaptation network with image alignment for unsupervised nighttime semantic segmentation},
	author={Wu, Xinyi and Wu, Zhenyao and Ju, Lili and Wang, Song},
	journal={IEEE Transactions on Pattern Analysis and Machine Intelligence},
	volume={45},
	number={1},
	pages={58--72},
	year={2021},
	publisher={IEEE}
}

@inproceedings{wu2022uretinex,
	title={Uretinex-net: Retinex-based deep unfolding network for low-light image enhancement},
	author={Wu, Wenhui and Weng, Jian and Zhang, Pingping and Wang, Xu and Yang, Wenhan and Jiang, Jianmin},
	booktitle={Proceedings of the IEEE/CVF conference on computer vision and pattern recognition},
	pages={5901--5910},
	year={2022}
}

@article{xu2020star,
	title={Star: A structure and texture aware retinex model},
	author={Xu, Jun and Hou, Yingkun and Ren, Dongwei and Liu, Li and Zhu, Fan and Yu, Mengyang and Wang, Haoqian and Shao, Ling},
	journal={IEEE Transactions on Image Processing},
	volume={29},
	pages={5022--5037},
	year={2020},
	publisher={IEEE}
}

@article{yang2021sparse,
	title={Sparse gradient regularized deep retinex network for robust low-light image enhancement},
	author={Yang, Wenhan and Wang, Wenjing and Huang, Haofeng and Wang, Shiqi and Liu, Jiaying},
	journal={IEEE Transactions on Image Processing},
	volume={30},
	pages={2072--2086},
	year={2021},
	publisher={IEEE}
}

@inproceedings{zhang2018high,
	title={High-Quality Exposure Correction of Underexposed Photos},
	author={Zhang, Qing and Yuan, Ganzhao and Xiao, Chunxia and Zhu, Lei and Zheng, Wei-Shi},
	booktitle={ACM Multimedia},
	pages={582--590},
	year={2018},
}

@article{zhang2020enhancing,
	title={Enhancing underexposed photos using perceptually bidirectional similarity},
	author={Zhang, Qing and Nie, Yongwei and Zhu, Lei and Xiao, Chunxia and Zheng, Wei-Shi},
	journal={IEEE Transactions on Multimedia},
	volume={23},
	pages={189--202},
	year={2020},
	publisher={IEEE}
}

@article{zhang2021beyond,
	title={Beyond brightening low-light images},
	author={Zhang, Yonghua and Guo, Xiaojie and Ma, Jiayi and Liu, Wei and Zhang, Jiawan},
	journal={International Journal of Computer Vision},
	volume={129},
	number={4},
	pages={1013--1037},
	year={2021},
	publisher={Springer}
}

@article{zhang2021beyond_kind,
	title={Beyond brightening low-light images},
	author={Zhang, Yonghua and Guo, Xiaojie and Ma, Jiayi and Liu, Wei and Zhang, Jiawan},
	journal={International Journal of Computer Vision},
	volume={129},
	number={4},
	pages={1013--1037},
	year={2021},
	publisher={Springer}
}

@inproceedings{zhang2022deep,
	title={Deep color consistent network for low-light image enhancement},
	author={Zhang, Zhao and Zheng, Huan and Hong, Richang and Xu, Mingliang and Yan, Shuicheng and Wang, Meng},
	booktitle={Proceedings of the IEEE/CVF conference on computer vision and pattern recognition},
	pages={1899--1908},
	year={2022}
}

@article{zhang2023learning,
	title={Learning a single convolutional layer model for low light image enhancement},
	author={Zhang, Yuantong and Teng, Baoxin and Yang, Daiqin and Chen, Zhenzhong and Ma, Haichuan and Li, Gang and Ding, Wenpeng},
	journal={IEEE Transactions on Circuits and Systems for Video Technology},
	year={2023},
	publisher={IEEE}
}

@inproceedings{zheng2021adaptive,
	title={Adaptive unfolding total variation network for low-light image enhancement},
	author={Zheng, Chuanjun and Shi, Daming and Shi, Wentian},
	booktitle={Proceedings of the IEEE/CVF international conference on computer vision},
	pages={4439--4448},
	year={2021}
}

@inproceedings{zimmermann2021contrastive,
	title={Contrastive learning inverts the data generating process},
	author={Zimmermann, Roland S and Sharma, Yash and Schneider, Steffen and Bethge, Matthias and Brendel, Wieland},
	booktitle={International Conference on Machine Learning},
	pages={12979--12990},
	year={2021},
	organization={PMLR}
}

