@misc{Aloe,
      title={Aloe: A Family of Fine-tuned Open Healthcare LLMs}, 
      author={Ashwin Kumar Gururajan and Enrique Lopez-Cuena and Jordi Bayarri-Planas and Adrian Tormos and Daniel Hinjos and Pablo Bernabeu-Perez and Anna Arias-Duart and Pablo Agustin Martin-Torres and Lucia Urcelay-Ganzabal and Marta Gonzalez-Mallo and Sergio Alvarez-Napagao and Eduard Ayguadé-Parra and Ulises Cortés Dario Garcia-Gasulla},
      year={2024},
      eprint={2405.01886},
      archivePrefix={arXiv},
      primaryClass={cs.CL},
      url={https://arxiv.org/abs/2405.01886}, 
}

@article{CLA,
  author       = {William Brandon and
                  Mayank Mishra and
                  Aniruddha Nrusimha and
                  Rameswar Panda and
                  Jonathan Ragan{-}Kelley},
  title        = {Reducing Transformer Key-Value Cache Size with Cross-Layer Attention},
  journal      = {CoRR},
  volume       = {abs/2405.12981},
  year         = {2024},
  url          = {https://doi.org/10.48550/arXiv.2405.12981},
  doi          = {10.48550/ARXIV.2405.12981},
  eprinttype    = {arXiv},
  eprint       = {2405.12981},
  timestamp    = {Tue, 18 Jun 2024 09:26:34 +0200},
  biburl       = {https://dblp.org/rec/journals/corr/abs-2405-12981.bib},
  bibsource    = {dblp computer science bibliography, https://dblp.org}
}

@inproceedings{GQA,
  author       = {Joshua Ainslie and
                  James Lee{-}Thorp and
                  Michiel de Jong and
                  Yury Zemlyanskiy and
                  Federico Lebr{\'{o}}n and
                  Sumit Sanghai},
  editor       = {Houda Bouamor and
                  Juan Pino and
                  Kalika Bali},
  title        = {{GQA:} Training Generalized Multi-Query Transformer Models from Multi-Head
                  Checkpoints},
  booktitle    = {Proceedings of the 2023 Conference on Empirical Methods in Natural
                  Language Processing, {EMNLP} 2023, Singapore, December 6-10, 2023},
  pages        = {4895--4901},
  publisher    = {Association for Computational Linguistics},
  year         = {2023},
  url          = {https://doi.org/10.18653/v1/2023.emnlp-main.298},
  doi          = {10.18653/V1/2023.EMNLP-MAIN.298},
  timestamp    = {Fri, 12 Apr 2024 13:11:50 +0200},
  biburl       = {https://dblp.org/rec/conf/emnlp/AinslieLJZLS23.bib},
  bibsource    = {dblp computer science bibliography, https://dblp.org}
}

@article{Gemma2,
  author       = {Morgane Rivi{\`{e}}re and
                  Shreya Pathak and
                  Pier Giuseppe Sessa and
                  Cassidy Hardin and
                  Surya Bhupatiraju and
                  L{\'{e}}onard Hussenot and
                  Thomas Mesnard and
                  Bobak Shahriari and
                  Alexandre Ram{\'{e}} and
                  Johan Ferret and
                  Peter Liu and
                  Pouya Tafti and
                  Abe Friesen and
                  Michelle Casbon and
                  Sabela Ramos and
                  Ravin Kumar and
                  Charline Le Lan and
                  Sammy Jerome and
                  Anton Tsitsulin and
                  Nino Vieillard and
                  Piotr Stanczyk and
                  Sertan Girgin and
                  Nikola Momchev and
                  Matt Hoffman and
                  Shantanu Thakoor and
                  Jean{-}Bastien Grill and
                  Behnam Neyshabur and
                  Olivier Bachem and
                  Alanna Walton and
                  Aliaksei Severyn and
                  Alicia Parrish and
                  Aliya Ahmad and
                  Allen Hutchison and
                  Alvin Abdagic and
                  Amanda Carl and
                  Amy Shen and
                  Andy Brock and
                  Andy Coenen and
                  Anthony Laforge and
                  Antonia Paterson and
                  Ben Bastian and
                  Bilal Piot and
                  Bo Wu and
                  Brandon Royal and
                  Charlie Chen and
                  Chintu Kumar and
                  Chris Perry and
                  Chris Welty and
                  Christopher A. Choquette{-}Choo and
                  Danila Sinopalnikov and
                  David Weinberger and
                  Dimple Vijaykumar and
                  Dominika Rogozinska and
                  Dustin Herbison and
                  Elisa Bandy and
                  Emma Wang and
                  Eric Noland and
                  Erica Moreira and
                  Evan Senter and
                  Evgenii Eltyshev and
                  Francesco Visin and
                  Gabriel Rasskin and
                  Gary Wei and
                  Glenn Cameron and
                  Gus Martins and
                  Hadi Hashemi and
                  Hanna Klimczak{-}Plucinska and
                  Harleen Batra and
                  Harsh Dhand and
                  Ivan Nardini and
                  Jacinda Mein and
                  Jack Zhou and
                  James Svensson and
                  Jeff Stanway and
                  Jetha Chan and
                  Jin Peng Zhou and
                  Joana Carrasqueira and
                  Joana Iljazi and
                  Jocelyn Becker and
                  Joe Fernandez and
                  Joost van Amersfoort and
                  Josh Gordon and
                  Josh Lipschultz and
                  Josh Newlan and
                  Ju{-}yeong Ji and
                  Kareem Mohamed and
                  Kartikeya Badola and
                  Kat Black and
                  Katie Millican and
                  Keelin McDonell and
                  Kelvin Nguyen and
                  Kiranbir Sodhia and
                  Kish Greene and
                  Lars Lowe Sj{\"{o}}sund and
                  Lauren Usui and
                  Laurent Sifre and
                  Lena Heuermann and
                  Leticia Lago and
                  Lilly McNealus},
  title        = {Gemma 2: Improving Open Language Models at a Practical Size},
  journal      = {CoRR},
  volume       = {abs/2408.00118},
  year         = {2024},
  url          = {https://doi.org/10.48550/arXiv.2408.00118},
  doi          = {10.48550/ARXIV.2408.00118},
  eprinttype    = {arXiv},
  eprint       = {2408.00118},
  timestamp    = {Mon, 30 Sep 2024 07:53:51 +0200},
  biburl       = {https://dblp.org/rec/journals/corr/abs-2408-00118.bib},
  bibsource    = {dblp computer science bibliography, https://dblp.org}
}

@misc{Goat,
      title={Goat: Fine-tuned LLaMA Outperforms GPT-4 on Arithmetic Tasks}, 
      author={Tiedong Liu and Bryan Kian Hsiang Low},
      year={2023},
      eprint={2305.14201},
      archivePrefix={arXiv},
      primaryClass={cs.LG},
      url={https://arxiv.org/abs/2305.14201}, 
}

@misc{Hermes,
      title={Hermes 3 Technical Report}, 
      author={Ryan Teknium and Jeffrey Quesnelle and Chen Guang},
      year={2024},
      eprint={2408.11857},
      archivePrefix={arXiv},
      primaryClass={cs.CL},
      url={https://arxiv.org/abs/2408.11857}, 
}

@misc{InfinityInstruct2024,
  title={Infinity Instruct},
  author={BAAI},
  url={https://github.com/FlagOpen/Infinity-Instruct},
  year={2024}
}

@article{LLaMA3,
  author       = {Abhimanyu Dubey and
                  Abhinav Jauhri and
                  Abhinav Pandey and
                  Abhishek Kadian and
                  Ahmad Al{-}Dahle and
                  Aiesha Letman and
                  Akhil Mathur and
                  Alan Schelten and
                  Amy Yang and
                  Angela Fan and
                  Anirudh Goyal and
                  Anthony Hartshorn and
                  Aobo Yang and
                  Archi Mitra and
                  Archie Sravankumar and
                  Artem Korenev and
                  Arthur Hinsvark and
                  Arun Rao and
                  Aston Zhang and
                  Aur{\'{e}}lien Rodriguez and
                  Austen Gregerson and
                  Ava Spataru and
                  Baptiste Rozi{\`{e}}re and
                  Bethany Biron and
                  Binh Tang and
                  Bobbie Chern and
                  Charlotte Caucheteux and
                  Chaya Nayak and
                  Chloe Bi and
                  Chris Marra and
                  Chris McConnell and
                  Christian Keller and
                  Christophe Touret and
                  Chunyang Wu and
                  Corinne Wong and
                  Cristian Canton Ferrer and
                  Cyrus Nikolaidis and
                  Damien Allonsius and
                  Daniel Song and
                  Danielle Pintz and
                  Danny Livshits and
                  David Esiobu and
                  Dhruv Choudhary and
                  Dhruv Mahajan and
                  Diego Garcia{-}Olano and
                  Diego Perino and
                  Dieuwke Hupkes and
                  Egor Lakomkin and
                  Ehab AlBadawy and
                  Elina Lobanova and
                  Emily Dinan and
                  Eric Michael Smith and
                  Filip Radenovic and
                  Frank Zhang and
                  Gabriel Synnaeve and
                  Gabrielle Lee and
                  Georgia Lewis Anderson and
                  Graeme Nail and
                  Gr{\'{e}}goire Mialon and
                  Guan Pang and
                  Guillem Cucurell and
                  Hailey Nguyen and
                  Hannah Korevaar and
                  Hu Xu and
                  Hugo Touvron and
                  Iliyan Zarov and
                  Imanol Arrieta Ibarra and
                  Isabel M. Kloumann and
                  Ishan Misra and
                  Ivan Evtimov and
                  Jade Copet and
                  Jaewon Lee and
                  Jan Geffert and
                  Jana Vranes and
                  Jason Park and
                  Jay Mahadeokar and
                  Jeet Shah and
                  Jelmer van der Linde and
                  Jennifer Billock and
                  Jenny Hong and
                  Jenya Lee and
                  Jeremy Fu and
                  Jianfeng Chi and
                  Jianyu Huang and
                  Jiawen Liu and
                  Jie Wang and
                  Jiecao Yu and
                  Joanna Bitton and
                  Joe Spisak and
                  Jongsoo Park and
                  Joseph Rocca and
                  Joshua Johnstun and
                  Joshua Saxe and
                  Junteng Jia and
                  Kalyan Vasuden Alwala and
                  Kartikeya Upasani and
                  Kate Plawiak and
                  Ke Li and
                  Kenneth Heafield and
                  Kevin Stone and
                  et al.},
  title        = {The Llama 3 Herd of Models},
  journal      = {CoRR},
  volume       = {abs/2407.21783},
  year         = {2024},
  url          = {https://doi.org/10.48550/arXiv.2407.21783},
  doi          = {10.48550/ARXIV.2407.21783},
  eprinttype    = {arXiv},
  eprint       = {2407.21783},
  timestamp    = {Wed, 11 Dec 2024 17:20:48 +0100},
  biburl       = {https://dblp.org/rec/journals/corr/abs-2407-21783.bib},
  bibsource    = {dblp computer science bibliography, https://dblp.org}
}

@misc{LawGPT,
      title={LawGPT: A Chinese Legal Knowledge-Enhanced Large Language Model}, 
      author={Zhi Zhou and Jiang-Xin Shi and Peng-Xiao Song and Xiao-Wen Yang and Yi-Xuan Jin and Lan-Zhe Guo and Yu-Feng Li},
      year={2024},
      eprint={2406.04614},
      archivePrefix={arXiv},
      primaryClass={cs.CL},
      url={https://arxiv.org/abs/2406.04614}, 
}

@misc{LawyerLLaMA,
      title={Lawyer LLaMA Technical Report}, 
      author={Quzhe Huang and Mingxu Tao and Chen Zhang and Zhenwei An and Cong Jiang and Zhibin Chen and Zirui Wu and Yansong Feng},
      year={2023},
      eprint={2305.15062},
      archivePrefix={arXiv},
      primaryClass={cs.CL},
      url={https://arxiv.org/abs/2305.15062}, 
}

@misc{MQA,
      title={Fast Transformer Decoding: One Write-Head is All You Need}, 
      author={Noam Shazeer},
      year={2019},
      eprint={1911.02150},
      archivePrefix={arXiv},
      primaryClass={cs.NE},
      url={https://arxiv.org/abs/1911.02150}, 
}

@article{Mistral,
  author       = {Albert Q. Jiang and
                  Alexandre Sablayrolles and
                  Arthur Mensch and
                  Chris Bamford and
                  Devendra Singh Chaplot and
                  Diego de Las Casas and
                  Florian Bressand and
                  Gianna Lengyel and
                  Guillaume Lample and
                  Lucile Saulnier and
                  L{\'{e}}lio Renard Lavaud and
                  Marie{-}Anne Lachaux and
                  Pierre Stock and
                  Teven Le Scao and
                  Thibaut Lavril and
                  Thomas Wang and
                  Timoth{\'{e}}e Lacroix and
                  William El Sayed},
  title        = {Mistral 7B},
  journal      = {CoRR},
  volume       = {abs/2310.06825},
  year         = {2023},
  url          = {https://doi.org/10.48550/arXiv.2310.06825},
  doi          = {10.48550/ARXIV.2310.06825},
  eprinttype    = {arXiv},
  eprint       = {2310.06825},
  timestamp    = {Thu, 26 Oct 2023 16:46:26 +0200},
  biburl       = {https://dblp.org/rec/journals/corr/abs-2310-06825.bib},
  bibsource    = {dblp computer science bibliography, https://dblp.org}
}

@article{PMC,
  author       = {Chaoyi Wu and
                  Xiaoman Zhang and
                  Ya Zhang and
                  Yanfeng Wang and
                  Weidi Xie},
  title        = {PMC-LLaMA: Further Finetuning LLaMA on Medical Papers},
  journal      = {CoRR},
  volume       = {abs/2304.14454},
  year         = {2023},
  url          = {https://doi.org/10.48550/arXiv.2304.14454},
  doi          = {10.48550/ARXIV.2304.14454},
  eprinttype    = {arXiv},
  eprint       = {2304.14454},
  timestamp    = {Thu, 14 Nov 2024 17:10:37 +0100},
  biburl       = {https://dblp.org/rec/journals/corr/abs-2304-14454.bib},
  bibsource    = {dblp computer science bibliography, https://dblp.org}
}

@inproceedings{PYRA,
  author       = {Yizhe Xiong and
                  Hui Chen and
                  Tianxiang Hao and
                  Zijia Lin and
                  Jungong Han and
                  Yuesong Zhang and
                  Guoxin Wang and
                  Yongjun Bao and
                  Guiguang Ding},
  editor       = {Ales Leonardis and
                  Elisa Ricci and
                  Stefan Roth and
                  Olga Russakovsky and
                  Torsten Sattler and
                  G{\"{u}}l Varol},
  title        = {{PYRA:} Parallel Yielding Re-activation for Training-Inference Efficient
                  Task Adaptation},
  booktitle    = {Computer Vision - {ECCV} 2024 - 18th European Conference, Milan, Italy,
                  September 29-October 4, 2024, Proceedings, Part {IX}},
  series       = {Lecture Notes in Computer Science},
  volume       = {15067},
  pages        = {455--473},
  publisher    = {Springer},
  year         = {2024},
  url          = {https://doi.org/10.1007/978-3-031-72673-6\_25},
  doi          = {10.1007/978-3-031-72673-6\_25},
  timestamp    = {Sat, 30 Nov 2024 21:09:58 +0100},
  biburl       = {https://dblp.org/rec/conf/eccv/XiongCHLHZWBD24.bib},
  bibsource    = {dblp computer science bibliography, https://dblp.org}
}

@article{TULU3,
  author       = {Nathan Lambert and
                  Jacob Morrison and
                  Valentina Pyatkin and
                  Shengyi Huang and
                  Hamish Ivison and
                  Faeze Brahman and
                  Lester James V. Miranda and
                  Alisa Liu and
                  Nouha Dziri and
                  Shane Lyu and
                  Yuling Gu and
                  Saumya Malik and
                  Victoria Graf and
                  Jena D. Hwang and
                  Jiangjiang Yang and
                  Ronan Le Bras and
                  Oyvind Tafjord and
                  Chris Wilhelm and
                  Luca Soldaini and
                  Noah A. Smith and
                  Yizhong Wang and
                  Pradeep Dasigi and
                  Hannaneh Hajishirzi},
  title        = {T{\"{U}}LU 3: Pushing Frontiers in Open Language Model Post-Training},
  journal      = {CoRR},
  volume       = {abs/2411.15124},
  year         = {2024},
  url          = {https://doi.org/10.48550/arXiv.2411.15124},
  doi          = {10.48550/ARXIV.2411.15124},
  eprinttype    = {arXiv},
  eprint       = {2411.15124},
  timestamp    = {Wed, 01 Jan 2025 13:20:28 +0100},
  biburl       = {https://dblp.org/rec/journals/corr/abs-2411-15124.bib},
  bibsource    = {dblp computer science bibliography, https://dblp.org}
}

@inproceedings{ToMe,
  author       = {Daniel Bolya and
                  Cheng{-}Yang Fu and
                  Xiaoliang Dai and
                  Peizhao Zhang and
                  Christoph Feichtenhofer and
                  Judy Hoffman},
  title        = {Token Merging: Your ViT But Faster},
  booktitle    = {The Eleventh International Conference on Learning Representations,
                  {ICLR} 2023, Kigali, Rwanda, May 1-5, 2023},
  publisher    = {OpenReview.net},
  year         = {2023},
  url          = {https://openreview.net/forum?id=JroZRaRw7Eu},
  timestamp    = {Wed, 24 Jul 2024 16:50:34 +0200},
  biburl       = {https://dblp.org/rec/conf/iclr/BolyaFDZFH23.bib},
  bibsource    = {dblp computer science bibliography, https://dblp.org}
}

@article{YOCO,
  author       = {Yutao Sun and
                  Li Dong and
                  Yi Zhu and
                  Shaohan Huang and
                  Wenhui Wang and
                  Shuming Ma and
                  Quanlu Zhang and
                  Jianyong Wang and
                  Furu Wei},
  title        = {You Only Cache Once: Decoder-Decoder Architectures for Language Models},
  journal      = {CoRR},
  volume       = {abs/2405.05254},
  year         = {2024},
  url          = {https://doi.org/10.48550/arXiv.2405.05254},
  doi          = {10.48550/ARXIV.2405.05254},
  eprinttype    = {arXiv},
  eprint       = {2405.05254},
  timestamp    = {Fri, 04 Oct 2024 15:46:10 +0200},
  biburl       = {https://dblp.org/rec/journals/corr/abs-2405-05254.bib},
  bibsource    = {dblp computer science bibliography, https://dblp.org}
}

@misc{lian2024breakingstagebarriernovel,
      title={Breaking the Stage Barrier: A Novel Single-Stage Approach to Long Context Extension for Large Language Models}, 
      author={Haoran Lian and Junmin Chen and Wei Huang and Yizhe Xiong and Wenping Hu and Guiguang Ding and Hui Chen and Jianwei Niu and Zijia Lin and Fuzheng Zhang and Di Zhang},
      year={2024},
      eprint={2412.07171},
      archivePrefix={arXiv},
      primaryClass={cs.CL},
      url={https://arxiv.org/abs/2412.07171}, 
}

@misc{singhal2023expertlevelmedicalquestionanswering,
      title={Towards Expert-Level Medical Question Answering with Large Language Models}, 
      author={Karan Singhal and Tao Tu and Juraj Gottweis and Rory Sayres and Ellery Wulczyn and Le Hou and Kevin Clark and Stephen Pfohl and Heather Cole-Lewis and Darlene Neal and Mike Schaekermann and Amy Wang and Mohamed Amin and Sami Lachgar and Philip Mansfield and Sushant Prakash and Bradley Green and Ewa Dominowska and Blaise Aguera y Arcas and Nenad Tomasev and Yun Liu and Renee Wong and Christopher Semturs and S. Sara Mahdavi and Joelle Barral and Dale Webster and Greg S. Corrado and Yossi Matias and Shekoofeh Azizi and Alan Karthikesalingam and Vivek Natarajan},
      year={2023},
      eprint={2305.09617},
      archivePrefix={arXiv},
      primaryClass={cs.CL},
      url={https://arxiv.org/abs/2305.09617}, 
}

