@ARTICLE{Bruzzone2000diff,
	author={L. {Bruzzone} and D. F. {Prieto}},
	journal={IEEE Transactions on Geoscience and Remote Sensing}, 
	title={Automatic analysis of the difference image for unsupervised change detection}, 
	year={2000},
	volume={38},
	number={3},
	pages={1171-1182},}

@ARTICLE{Chen2022Unsupervised,
  author={Chen, Hongruixuan and Yokoya, Naoto and Wu, Chen and Du, Bo},
  journal={IEEE Transactions on Geoscience and Remote Sensing}, 
  title={Unsupervised Multimodal Change Detection Based on Structural Relationship Graph Representation Learning}, 
  year={2022},
  volume={60},
  number={},
  pages={1-18}
}

@ARTICLE{Du2019Unsupervised,
  author={Du, Bo and Ru, Lixiang and Wu, Chen and Zhang, Liangpei},
  journal={IEEE Transactions on Geoscience and Remote Sensing}, 
  title={Unsupervised Deep Slow Feature Analysis for Change Detection in Multi-Temporal Remote Sensing Images}, 
  year={2019},
  volume={57},
  number={12},
  pages={9976-9992},
}

@ARTICLE{Gao2016Automatic,
  author={Gao, Feng and Dong, Junyu and Li, Bo and Xu, Qizhi},
  journal={IEEE Geoscience and Remote Sensing Letters}, 
  title={Automatic Change Detection in Synthetic Aperture Radar Images Based on PCANet}, 
  year={2016},
  volume={13},
  number={12},
  pages={1792-1796}
}

@InProceedings{Kirillov2023Segment,
    author    = {Kirillov, Alexander and Mintun, Eric and Ravi, Nikhila and Mao, Hanzi and Rolland, Chloe and Gustafson, Laura and Xiao, Tete and Whitehead, Spencer and Berg, Alexander C. and Lo, Wan-Yen and Dollar, Piotr and Girshick, Ross},
    title     = {Segment Anything},
    booktitle = {Proceedings of the IEEE/CVF International Conference on Computer Vision (ICCV)},
    month     = {October},
    year      = {2023},
    pages     = {4015-4026}
}

@ARTICLE{Kondmann2022Spatial,
  author={Kondmann, Lukas and Toker, Aysim and Saha, Sudipan and Schölkopf, Bernhard and Leal-Taixé, Laura and Zhu, Xiao Xiang},
  journal={IEEE Transactions on Geoscience and Remote Sensing}, 
  title={Spatial Context Awareness for Unsupervised Change Detection in Optical Satellite Images}, 
  year={2022},
  volume={60},
  number={},
  pages={1-15},
  keywords={Remote sensing;Spatial resolution;Optical sensors;Optical imaging;Earth;Satellites;Mathematical models;Change detection (CD);multitemporal;optical images;unsupervised;urban analysis},
  doi={10.1109/TGRS.2021.3130842}
}

@ARTICLE{Luppino2024CAAE,
  author={Luppino, Luigi Tommaso and Hansen, Mads Adrian and Kampffmeyer, Michael and Bianchi, Filippo Maria and Moser, Gabriele and Jenssen, Robert and Anfinsen, Stian Normann},
  journal={IEEE Transactions on Neural Networks and Learning Systems}, 
  title={Code-Aligned Autoencoders for Unsupervised Change Detection in Multimodal Remote Sensing Images}, 
  year={2024},
  volume={35},
  number={1},
  pages={60-72},
  doi={10.1109/TNNLS.2022.3172183}}

@ARTICLE{Wu2014Slow,
  author={Wu, Chen and Du, Bo and Zhang, Liangpei},
  journal={IEEE Transactions on Geoscience and Remote Sensing}, 
  title={Slow Feature Analysis for Change Detection in Multispectral Imagery}, 
  year={2014},
  volume={52},
  number={5},
  pages={2858-2874}
}

@online{bandara2022revisiting,
  title = {Revisiting {{Consistency Regularization}} for {{Semi-supervised Change Detection}} in {{Remote Sensing Images}}},
  author = {Bandara, Wele Gedara Chaminda and Patel, Vishal M.},
  date = {2022-04-21},
  number = {arXiv:2204.08454},
  url = {http://arxiv.org/abs/2204.08454},
  urldate = {2023-08-26},
  pubstate = {prepublished}
}

@article{chen2021self,
  title={Self-Supervised Change Detection in Multiview Remote Sensing Images},
  author={Chen, Yuxing and Bruzzone, Lorenzo},
  journal={IEEE Transactions on Geoscience and Remote Sensing},
  volume={60},
  pages={1--12},
  year={2021},
  publisher={IEEE}
}

@article{chen2024change,
  title={Change Detection Between Optical Remote Sensing Imagery and Map Data via Segment Anything Model (SAM)},
  author={Chen, Hongruixuan and Song, Jian and Yokoya, Naoto},
  journal={arXiv preprint arXiv:2401.09019},
  year={2024}
}

@article{ding2024samcd,
title={Adapting Segment Anything Model for Change Detection in HR Remote Sensing Images},
author={Ding, Lei and Zhu, Kun and Peng, Daifeng and Tang, Hao and Yang, Kuiwu and Bruzzone, Lorenzo},
journal={IEEE Transactions on Geoscience and Remote Sensing}, 
year={2024},
volume={62},
pages={1-11},
doi={10.1109/TGRS.2024.3368168}
}

@article{dong2024changeclip,
  title={ChangeCLIP: Remote sensing change detection with multimodal vision-language representation learning},
  author={Dong, Sijun and Wang, Libo and Du, Bo and Meng, Xiaoliang},
  journal={ISPRS Journal of Photogrammetry and Remote Sensing},
  volume={208},
  pages={53--69},
  year={2024},
  publisher={Elsevier}
}

@inproceedings{guo2024skysense,
  title={Skysense: A multi-modal remote sensing foundation model towards universal interpretation for earth observation imagery},
  author={Guo, Xin and Lao, Jiangwei and Dang, Bo and Zhang, Yingying and Yu, Lei and Ru, Lixiang and Zhong, Liheng and Huang, Ziyuan and Wu, Kang and Hu, Dingxiang and others},
  booktitle={Proceedings of the IEEE/CVF Conference on Computer Vision and Pattern Recognition},
  pages={27672--27683},
  year={2024}
}

@article{hong2023cross,
  title={Cross-city matters: A multimodal remote sensing benchmark dataset for cross-city semantic segmentation using high-resolution domain adaptation networks},
  author={Hong, Danfeng and Zhang, Bing and Li, Hao and Li, Yuxuan and Yao, Jing and Li, Chenyu and Werner, Martin and Chanussot, Jocelyn and Zipf, Alexander and Zhu, Xiao Xiang},
  journal={Remote Sensing of Environment},
  volume={299},
  pages={113856},
  year={2023},
  publisher={Elsevier}
}

@article{hong2024spectralgpt,
  title={Spectralgpt: Spectral remote sensing foundation model},
  author={Hong, Danfeng and Zhang, Bing and Li, Xuyang and Li, Yuxuan and Li, Chenyu and Yao, Jing and Yokoya, Naoto and Li, Hao and Ghamisi, Pedram and Jia, Xiuping and Plaza, Antonio and Gamba, Paolo and Benediktsson, Jon Atli and Chanussot, Jocelyn},
  journal={IEEE Transactions on Pattern Analysis and Machine Intelligence},
  year={2024},
  note={DOI:10.1109/TPAMI.2024.3362475}
}

@misc{ji2024segment,
  title={Segment anything is not always perfect: An investigation of sam on different real-world applications},
  author={Ji, Wei and Li, Jingjing and Bi, Qi and Liu, Tingwei and Li, Wenbo and Cheng, Li},
  journal = {Machine Intelligence Research},
  volume  = {21},
  number = {4},
  pages = {617--630},
  year={2024},
  doi={10.1007/S11633-023-1385-0},
  publisher={Springer}
}

@ARTICLE{liu2018coupling,
  author={Liu, Jia and Gong, Maoguo and Qin, Kai and Zhang, Puzhao},
  journal={IEEE Transactions on Neural Networks and Learning Systems}, 
  title={A Deep Convolutional Coupling Network for Change Detection Based on Heterogeneous Optical and Radar Images}, 
  year={2018},
  volume={29},
  number={3},
  pages={545-559},
  keywords={Optical sensors;Optical imaging;Feature extraction;Neural networks;Couplings;Laser radar;Change detection;deep neural network;denoising autoencoder optical images;synthetic aperture radar images},
  doi={10.1109/TNNLS.2016.2636227}}

@ARTICLE{liu2019HyperCDReview,
  author={Liu, Sicong and Marinelli, Daniele and Bruzzone, Lorenzo and Bovolo, Francesca},
  journal={IEEE Geoscience and Remote Sensing Magazine}, 
  title={A Review of Change Detection in Multitemporal Hyperspectral Images: Current Techniques, Applications, and Challenges}, 
  year={2019},
  volume={7},
  number={2},
  pages={140-158},
  keywords={Sensors;Satellites;Image sensors;Hyperspectral imaging;Reflectivity},
  doi={10.1109/MGRS.2019.2898520}}

@ARTICLE{lv2022cdhetreview,
  author={Lv, ZhiYong and Huang, HaiTao and Li, Xinghua and Zhao, MingHua and Benediktsson, Jón Atli and Sun, WeiWei and Falco, Nicola},
  journal={Proceedings of the IEEE}, 
  title={Land Cover Change Detection With Heterogeneous Remote Sensing Images: Review, Progress, and Perspective}, 
  year={2022},
  volume={110},
  number={12},
  pages={1976-1991},
  keywords={Remote sensing;Optical sensors;Optical imaging;Terrain factors;Heterogeneous networks;Earthquakes;Adaptive optics;Cross-modal change detection;cross-sensor change detection;different resolution change detection;heterogeneous remote-sensing change detection;multimodality change detection;multiresolution change detection},
  doi={10.1109/JPROC.2022.3219376}}

@inproceedings{mall2023changeaware,
  title = {Change-{{Aware Sampling}} and {{Contrastive Learning}} for {{Satellite Images}}},
  booktitle = {2023 {{IEEE}}/{{CVF Conference}} on {{Computer Vision}} and {{Pattern Recognition}} ({{CVPR}})},
  author = {Mall, Utkarsh and Hariharan, Bharath and Bala, Kavita},
  date = {2023-06},
  pages = {5261--5270},
  publisher = {IEEE},
  location = {Vancouver, BC, Canada},
  doi = {10.1109/CVPR52729.2023.00509},
  isbn = {9798350301298}
}

@inproceedings{noh2022unsupervised,
  title={Unsupervised change detection based on image reconstruction loss},
  author={Noh, Hyeoncheol and Ju, Jingi and Seo, Minseok and Park, Jongchan and Choi, Dong-Geol},
  booktitle={Proceedings of the IEEE/CVF Conference on Computer Vision and Pattern Recognition},
  pages={1352--1361},
  year={2022}
}

@ARTICLE{prendes2015Multivariate,
  author={Prendes, Jorge and Chabert, Marie and Pascal, Frédéric and Giros, Alain and Tourneret, Jean-Yves},
  journal={IEEE Transactions on Image Processing}, 
  title={A New Multivariate Statistical Model for Change Detection in Images Acquired by Homogeneous and Heterogeneous Sensors}, 
  year={2015},
  volume={24},
  number={3},
  pages={799-812},
  keywords={Optical sensors;Image sensors;Optical imaging;Noise;Synthetic aperture radar;Adaptive optics;Optical images;SAR images;change detection;EM algorithm;mixture models;manifold learning;Optical images;SAR images;change detection;EM algorithm;mixture models;manifold learning},
  doi={10.1109/TIP.2014.2387013}}

@inproceedings{radford2021CLIP,
  title={Learning transferable visual models from natural language supervision},
  author={Radford, Alec and Kim, Jong Wook and Hallacy, Chris and Ramesh, Aditya and Goh, Gabriel and Agarwal, Sandhini and Sastry, Girish and Askell, Amanda and Mishkin, Pamela and Clark, Jack and others},
  booktitle={International conference on machine learning},
  pages={8748--8763},
  year={2021},
  organization={PMLR}
}

@article{saha2019unsupervised,
  title={Unsupervised deep change vector analysis for multiple-change detection in VHR images},
  author={Saha, Sudipan and Bovolo, Francesca and Bruzzone, Lorenzo},
  journal={IEEE Transactions on Geoscience and Remote Sensing},
  volume={57},
  number={6},
  pages={3677--3693},
  year={2019},
  publisher={IEEE}
}

@article{saha2021building,
  title = {Building {{Change Detection}} in {{VHR SAR Images}} via {{Unsupervised Deep Transcoding}}},
  author = {Saha, Sudipan and Bovolo, Francesca and Bruzzone, Lorenzo},
  date = {2021-03},
  journal = {IEEE Transactions on Geoscience and Remote Sensing},
  volume = {59},
  number = {3},
  pages = {1917--1929},
  doi = {10.1109/TGRS.2020.3000296}
}

@article{sohn2020fixmatch,
  title={Fixmatch: Simplifying semi-supervised learning with consistency and confidence},
  author={Sohn, Kihyuk and Berthelot, David and Carlini, Nicholas and Zhang, Zizhao and Zhang, Han and Raffel, Colin A and Cubuk, Ekin Dogus and Kurakin, Alexey and Li, Chun-Liang},
  journal={Advances in neural information processing systems},
  volume={33},
  pages={596--608},
  year={2020}
}

@ARTICLE{sun2021itertivegraph,
  author={Sun, Yuli and Lei, Lin and Guan, Dongdong and Kuang, Gangyao},
  journal={IEEE Transactions on Image Processing}, 
  title={Iterative Robust Graph for Unsupervised Change Detection of Heterogeneous Remote Sensing Images}, 
  year={2021},
  volume={30},
  number={},
  pages={6277-6291},
  keywords={Radar polarimetry;Optical imaging;Image segmentation;Image sensors;Transforms;Training;Optical sensors;Unsupervised change detection;heterogeneous data;self-similarity;K-nearest neighbor graph;co-segmentation},
  doi={10.1109/TIP.2021.3093766}}

@article{sun2024LPEM,
author={Sun, Yuli and Lei, Lin and Guan, Dongdong and Kuang, Gangyao and Li, Zhang and Liu, Li},
journal={IEEE Transactions on Neural Networks and Learning Systems},
title={Locality Preservation for Unsupervised Multimodal Change Detection in Remote Sensing Imagery},
year={2024},
volume={},
number={},
pages={1-15},
doi={10.1109/TNNLS.2024.3401696}
}

@article{touati2019multimodal,
  title={Multimodal change detection in remote sensing images using an unsupervised pixel pairwise-based Markov random field model},
  author={Touati, Redha and Mignotte, Max and Dahmane, Mohamed},
  journal={IEEE Transactions on Image Processing},
  volume={29},
  pages={757--767},
  year={2019},
  publisher={IEEE}
}

@article{wang2023cs,
  title={CS-WSCDNet: Class Activation Mapping and Segment Anything Model-Based Framework for Weakly Supervised Change Detection},
  author={Wang, Lukang and Zhang, Min and Shi, Wenzhong},
  journal={IEEE Transactions on Geoscience and Remote Sensing},
  year={2023},
  publisher={IEEE}
}

@article{wu2021unsupervised,
  title={Unsupervised change detection in multitemporal VHR images based on deep kernel PCA convolutional mapping network},
  author={Wu, Chen and Chen, Hongruixuan and Du, Bo and Zhang, Liangpei},
  journal={IEEE Transactions on Cybernetics},
  volume={52},
  number={11},
  pages={12084--12098},
  year={2022},
  publisher={IEEE}
}

@ARTICLE{wu2022CommonalityAE,
  author={Wu, Yue and Li, Jiaheng and Yuan, Yongzhe and Qin, A. K. and Miao, Qi-Guang and Gong, Mao-Guo},
  journal={IEEE Transactions on Neural Networks and Learning Systems}, 
  title={Commonality Autoencoder: Learning Common Features for Change Detection From Heterogeneous Images}, 
  year={2022},
  volume={33},
  number={9},
  pages={4257-4270},
  keywords={Remote sensing;Feature extraction;Optical sensors;Optical imaging;Radar polarimetry;Image segmentation;Decoding;Change detection;commonality autoencoder;convolutional autoencoder (CAE);deep neural networks (DNNs)},
  doi={10.1109/TNNLS.2021.3056238}}

@article{wu2023fully,
  title = {Fully {{Convolutional Change Detection Framework With Generative Adversarial Network}} for {{Unsupervised}}, {{Weakly Supervised}} and {{Regional Supervised Change Detection}}},
  author = {Wu, Chen and Du, Bo and Zhang, Liangpei},
  journal={IEEE Transactions on Pattern Analysis and Machine Intelligence},
  year={2023},
  volume = {45},
  number = {8},
  pages = {9774--9788},
  doi = {10.1109/TPAMI.2023.3237896}
}

@inproceedings{yang2023revisiting,
  title = {Revisiting {{Weak-to-Strong Consistency}} in {{Semi-Supervised Semantic Segmentation}}},
  booktitle = {2023 {{IEEE}}/{{CVF Conference}} on {{Computer Vision}} and {{Pattern Recognition}} ({{CVPR}})},
  author = {Yang, Lihe and Qi, Lei and Feng, Litong and Zhang, Wayne and Shi, Yinghuan},
  date = {2023-06},
  pages = {7236--7246},
  publisher = {IEEE},
  location = {Vancouver, BC, Canada},
  doi = {10.1109/CVPR52729.2023.00699},
  isbn = {9798350301298}
}

@article{zhao2024pixellevel,
  title = {Beyond {{Pixel-Level Annotation}}: {{Exploring Self-Supervised Learning}} for {{Change Detection With Image-Level Supervision}}},
  author = {Zhao, Maofan and Hu, Xinli and Zhang, Linlin and Meng, Qingyan and Chen, Yuxing and Bruzzone, Lorenzo},
  date = {2024},
  journal = {IEEE Transactions on Geoscience and Remote Sensing},
  volume = {62},
  pages = {1--16},
  doi = {10.1109/TGRS.2024.3379431}
}

@article{zheng2024segment,
  title={Segment Any Change},
  author={Zheng, Zhuo and Zhong, Yanfei and Zhang, Liangpei and Ermon, Stefano},
  journal={Advances in Neural Information Processing Systems},
  year={2024}
}

