@String(PAMI = {IEEE Trans. Pattern Anal. Mach. Intell.})
@String(IJCV = {Int. J. Comput. Vis.})
@String(CVPR= {IEEE Conf. Comput. Vis. Pattern Recog.})
@String(ICCV= {Int. Conf. Comput. Vis.})
@String(ECCV= {Eur. Conf. Comput. Vis.})
@String(NIPS= {Adv. Neural Inform. Process. Syst.})
@String(ICPR = {Int. Conf. Pattern Recog.})
@String(BMVC= {Brit. Mach. Vis. Conf.})
@String(TOG= {ACM Trans. Graph.})
@String(TIP  = {IEEE Trans. Image Process.})
@String(TVCG  = {IEEE Trans. Vis. Comput. Graph.})
@String(TMM  = {IEEE Trans. Multimedia})
@String(ACMMM= {ACM Int. Conf. Multimedia})
@String(ICME = {Int. Conf. Multimedia and Expo})
@String(ICASSP=	{ICASSP})
@String(ICIP = {IEEE Int. Conf. Image Process.})
@String(ACCV  = {ACCV})
@String(ICLR = {Int. Conf. Learn. Represent.})
@String(IJCAI = {IJCAI})
@String(PR   = {Pattern Recognition})
@String(AAAI = {AAAI})
@String(CVPRW= {IEEE Conf. Comput. Vis. Pattern Recog. Worksh.})
@String(CSVT = {IEEE Trans. Circuit Syst. Video Technol.})

@String(SPL	= {IEEE Sign. Process. Letters})
@String(VR   = {Vis. Res.})
@String(JOV	 = {J. Vis.})
@String(TVC  = {The Vis. Comput.})
@String(JCST  = {J. Comput. Sci. Tech.})
@String(CGF  = {Comput. Graph. Forum})
@String(CVM = {Computational Visual Media})


@String(PAMI  = {IEEE TPAMI})
@String(IJCV  = {IJCV})
@String(CVPR  = {CVPR})
@String(ICCV  = {ICCV})
@String(ECCV  = {ECCV})
@String(NIPS  = {NeurIPS})
@String(ICPR  = {ICPR})
@String(BMVC  =	{BMVC})
@String(TOG   = {ACM TOG})
@String(TIP   = {IEEE TIP})
@String(TVCG  = {IEEE TVCG})
@String(TCSVT = {IEEE TCSVT})
@String(TMM   =	{IEEE TMM})
@String(ACMMM = {ACM MM})
@String(ICME  =	{ICME})
@String(ICASSP=	{ICASSP})
@String(ICIP  = {ICIP})
@String(ACCV  = {ACCV})
@String(ICLR  = {ICLR})
@String(IJCAI = {IJCAI})
@String(PR = {PR})
@String(AAAI = {AAAI})
@String(CVPRW= {CVPRW})
@String(CSVT = {IEEE TCSVT})

@inproceedings{wang2017residual,
  title={Residual attention network for image classification},
  author={Wang, Fei and Jiang, Mengqing and Qian, Chen and Yang, Shuo and Li, Cheng and Zhang, Honggang and Wang, Xiaogang and Tang, Xiaoou},
  booktitle={CVPR},
  year={2017}
}
@inproceedings{nam2017dual,
  title={Dual attention networks for multimodal reasoning and matching},
  author={Nam, Hyeonseob and Ha, Jung-Woo and Kim, Jeonghee},
  booktitle={Proceedings of the IEEE conference on computer vision and pattern recognition},
  pages={299--307},
  year={2017}
}

@ARTICLE{Chan2015PCANet,
  author={Chan, Tsung-Han and Jia, Kui and Gao, Shenghua and Lu, Jiwen and Zeng, Zinan and Ma, Yi},
  journal={IEEE Transactions on Image Processing}, 
  title={PCANet: A Simple Deep Learning Baseline for Image Classification?}, 
  year={2015},
  volume={24},
  number={12},
  pages={5017-5032}
}

@article{bandara2023deep,
  title={Deep Metric Learning for Unsupervised Remote Sensing Change Detection},
  author={Bandara, Wele Gedara Chaminda and Patel, Vishal M},
  journal={arXiv preprint arXiv:2303.09536},
  year={2023}
}

@ARTICLE{Kondmann2022Spatial,
  author={Kondmann, Lukas and Toker, Aysim and Saha, Sudipan and Schölkopf, Bernhard and Leal-Taixé, Laura and Zhu, Xiao Xiang},
  journal={IEEE Transactions on Geoscience and Remote Sensing}, 
  title={Spatial Context Awareness for Unsupervised Change Detection in Optical Satellite Images}, 
  year={2022},
  volume={60},
  number={},
  pages={1-15},
  keywords={Remote sensing;Spatial resolution;Optical sensors;Optical imaging;Earth;Satellites;Mathematical models;Change detection (CD);multitemporal;optical images;unsupervised;urban analysis},
  doi={10.1109/TGRS.2021.3130842}
}

@ARTICLE{Gong2016Change,
  author={Gong, Maoguo and Zhao, Jiaojiao and Liu, Jia and Miao, Qiguang and Jiao, Licheng},
  journal={IEEE Transactions on Neural Networks and Learning Systems}, 
  title={Change Detection in Synthetic Aperture Radar Images Based on Deep Neural Networks}, 
  year={2016},
  volume={27},
  number={1},
  pages={125-138}
}

@article{Gong2017Feature,
title = {Feature learning and change feature classification based on deep learning for ternary change detection in SAR images},
journal = {ISPRS Journal of Photogrammetry and Remote Sensing},
volume = {129},
pages = {212-225},
year = {2017},
issn = {0924-2716},
author = {Maoguo Gong and Hailun Yang and Puzhao Zhang},
}


@Article{Song2018Change,
AUTHOR = {Song, Ahram and Choi, Jaewan and Han, Youkyung and Kim, Yongil},
TITLE = {Change Detection in Hyperspectral Images Using Recurrent 3D Fully Convolutional Networks},
JOURNAL = {Remote Sensing},
VOLUME = {10},
YEAR = {2018},
NUMBER = {11},
ARTICLE-NUMBER = {1827},
ISSN = {2072-4292},
}

@article{Xv2019Combining,
author = {Junfeng Xv and Baoming Zhang and Haitao Guo and Jun Lu and Yuzhun Lin},
title = {{Combining iterative slow feature analysis and deep feature learning for change detection in high-resolution remote sensing images}},
volume = {13},
journal = {Journal of Applied Remote Sensing},
number = {2},
publisher = {SPIE},
pages = {024506},
year = {2019}
}

@ARTICLE{Gong2017Superpixel,
  author={Gong, Maoguo and Zhan, Tao and Zhang, Puzhao and Miao, Qiguang},
  journal={IEEE Transactions on Geoscience and Remote Sensing}, 
  title={Superpixel-Based Difference Representation Learning for Change Detection in Multispectral Remote Sensing Images}, 
  year={2017},
  volume={55},
  number={5},
  pages={2658-2673}
}


@ARTICLE{Du2019Unsupervised,
  author={Du, Bo and Ru, Lixiang and Wu, Chen and Zhang, Liangpei},
  journal={IEEE Transactions on Geoscience and Remote Sensing}, 
  title={Unsupervised Deep Slow Feature Analysis for Change Detection in Multi-Temporal Remote Sensing Images}, 
  year={2019},
  volume={57},
  number={12},
  pages={9976-9992},
}

@ARTICLE{Liu2019Local,
  author={Liu, Fang and Jiao, Licheng and Tang, Xu and Yang, Shuyuan and Ma, Wenping and Hou, Biao},
  journal={IEEE Transactions on Neural Networks and Learning Systems}, 
  title={Local Restricted Convolutional Neural Network for Change Detection in Polarimetric SAR Images}, 
  year={2019},
  volume={30},
  number={3},
  pages={818-833}
}

@ARTICLE{Geng2019Saliency,
  author={Geng, Jie and Ma, Xiaorui and Zhou, Xiaojun and Wang, Hongyu},
  journal={IEEE Transactions on Geoscience and Remote Sensing}, 
  title={Saliency-Guided Deep Neural Networks for SAR Image Change Detection}, 
  year={2019},
  volume={57},
  number={10},
  pages={7365-7377}
}

@ARTICLE{Gao2016Automatic,
  author={Gao, Feng and Dong, Junyu and Li, Bo and Xu, Qizhi},
  journal={IEEE Geoscience and Remote Sensing Letters}, 
  title={Automatic Change Detection in Synthetic Aperture Radar Images Based on PCANet}, 
  year={2016},
  volume={13},
  number={12},
  pages={1792-1796}
}

@article{saha2019unsupervised,
  title={Unsupervised deep change vector analysis for multiple-change detection in VHR images},
  author={Saha, Sudipan and Bovolo, Francesca and Bruzzone, Lorenzo},
  journal={IEEE Transactions on Geoscience and Remote Sensing},
  volume={57},
  number={6},
  pages={3677--3693},
  year={2019},
  publisher={IEEE}
}

@ARTICLE{Sun2022AGSCC,
  author={Sun, Yuli and Lei, Lin and Guan, Dongdong and Wu, Junzheng and Kuang, Gangyao and Liu, Li},
  journal={IEEE Transactions on Neural Networks and Learning Systems}, 
  title={Image Regression With Structure Cycle Consistency for Heterogeneous Change Detection}, 
  year={2024},
  volume={35},
  number={2},
  pages={1613-1627},
  doi={10.1109/TNNLS.2022.3184414}}

@ARTICLE{Luppino2024CAAE,
  author={Luppino, Luigi Tommaso and Hansen, Mads Adrian and Kampffmeyer, Michael and Bianchi, Filippo Maria and Moser, Gabriele and Jenssen, Robert and Anfinsen, Stian Normann},
  journal={IEEE Transactions on Neural Networks and Learning Systems}, 
  title={Code-Aligned Autoencoders for Unsupervised Change Detection in Multimodal Remote Sensing Images}, 
  year={2024},
  volume={35},
  number={1},
  pages={60-72},
  doi={10.1109/TNNLS.2022.3172183}}

@article{hong2024multimodal,
title = {Multimodal artificial intelligence foundation models: Unleashing the power of remote sensing big data in earth observation},
author = {Danfeng Hong and Chenyu Li and Bing Zhang and Naoto Yokoya and Jon Atli Benediktsson and Jocelyn Chanussot},
journal = {The Innovation Geoscience},
volume = {2},
number = {1},
pages = {100055},
year = {2024}
}
@article{zheng2024segment,
  title={Segment Any Change},
  author={Zheng, Zhuo and Zhong, Yanfei and Zhang, Liangpei and Ermon, Stefano},
  journal={Advances in Neural Information Processing Systems},
  year={2024}
}
@article{hong2024spectralgpt,
  title={Spectralgpt: Spectral remote sensing foundation model},
  author={Hong, Danfeng and Zhang, Bing and Li, Xuyang and Li, Yuxuan and Li, Chenyu and Yao, Jing and Yokoya, Naoto and Li, Hao and Ghamisi, Pedram and Jia, Xiuping and Plaza, Antonio and Gamba, Paolo and Benediktsson, Jon Atli and Chanussot, Jocelyn},
  journal={IEEE Transactions on Pattern Analysis and Machine Intelligence},
  year={2024},
  note={DOI:10.1109/TPAMI.2024.3362475}
}
@article{zuo2024robust,
  title = {Robust {{Instance-Based Semi-Supervised Learning Change Detection}} for {{Remote Sensing Images}}},
  author = {Zuo, Yi and Li, Lingling and Liu, Xu and Gao, Zihan and Jiao, Licheng and Liu, Fang and Yang, Shuyuan},
  date = {2024},
  journaltitle = {IEEE Transactions on Geoscience and Remote Sensing},
  volume = {62},
  pages = {1--15},
  doi = {10.1109/TGRS.2024.3379223}
}

@article{ding2024scannet,
  title={Joint spatio-temporal modeling for semantic change detection in remote sensing images},
  author={Ding, Lei and Zhang, Jing and Guo, Haitao and Zhang, Kai and Liu, Bing and Bruzzone, Lorenzo},
  journal={IEEE Transactions on Geoscience and Remote Sensing},
  year={2024},
  publisher={IEEE}
}
@article{he2024timeseries,
  title = {Time-Series Land Cover Change Detection Using Deep Learning-Based Temporal Semantic Segmentation},
  author = {He, Haixu and Yan, Jining and Liang, Dong and Sun, Zhongchang and Li, Jun and Wang, Lizhe},
  date = {2024-05},
  journal = {Remote Sensing of Environment},
  volume = {305},
  pages = {114101},
  doi = {10.1016/j.rse.2024.114101}
}

@article{zheng2022changemask,
  title={ChangeMask: Deep multi-task encoder-transformer-decoder architecture for semantic change detection},
  author={Zheng, Zhuo and Zhong, Yanfei and Tian, Shiqi and Ma, Ailong and Zhang, Liangpei},
  journal={ISPRS Journal of Photogrammetry and Remote Sensing},
  volume={183},
  pages={228--239},
  year={2022},
  publisher={Elsevier}
}
@article{chen2022self,
  title={A self-supervised approach to pixel-level change detection in bi-temporal RS images},
  author={Chen, Yuxing and Bruzzone, Lorenzo},
  journal={IEEE Transactions on Geoscience and Remote Sensing},
  volume={60},
  pages={1--11},
  year={2022},
  publisher={IEEE}
}

@article{Chen2019Fast,
title = {Fast unsupervised deep fusion network for change detection of multitemporal SAR images},
journal = {Neurocomputing},
volume = {332},
pages = {56-70},
year = {2019},
issn = {0925-2312}
}

@article{Liu2019Stacked,
title = {Stacked Fisher autoencoder for SAR change detection},
journal = {Pattern Recognition},
volume = {96},
pages = {106971},
year = {2019},
issn = {0031-3203},
author = {Ganchao Liu and Lingling Li and Licheng Jiao and Yongsheng Dong and Xuelong Li}
}

@ARTICLE{Lv2018Deep,
  author={Lv, Ning and Chen, Chen and Qiu, Tie and Sangaiah, Arun Kumar},
  journal={IEEE Transactions on Industrial Informatics}, 
  title={Deep Learning and Superpixel Feature Extraction Based on Contractive Autoencoder for Change Detection in SAR Images}, 
  year={2018},
  volume={14},
  number={12},
  pages={5530-5538}
}

@misc{oquab2024dinov2,
  title={DINOv2: Learning Robust Visual Features without Supervision},
  author={Oquab, Maxime and Darcet, Timothée and Moutakanni, Theo and Vo, Huy V. and Szafraniec, Marc and Khalidov, Vasil and Fernandez, Pierre and Haziza, Daniel and Massa, Francisco and El-Nouby, Alaaeldin and Howes, Russell and Huang, Po-Yao and Xu, Hu and Sharma, Vasu and Li, Shang-Wen and Galuba, Wojciech and Rabbat, Mike and Assran, Mido and Ballas, Nicolas and Synnaeve, Gabriel and Misra, Ishan and Jegou, Herve and Mairal, Julien and Labatut, Patrick and Joulin, Armand and Bojanowski, Piotr},
  journal={arXiv:2304.07193},
  year={2023}
}

@online{zhao2023fast,
  title = {Fast {{Segment Anything}}},
  author = {Zhao, Xu and Ding, Wenchao and An, Yongqi and Du, Yinglong and Yu, Tao and Li, Min and Tang, Ming and Wang, Jinqiao},
  date = {2023-06-21},
  number = {arXiv:2306.12156},
  url = {http://arxiv.org/abs/2306.12156},
  urldate = {2024-11-14},
  pubstate = {prepublished}
}

@inproceedings{mall2023changeaware,
  title = {Change-{{Aware Sampling}} and {{Contrastive Learning}} for {{Satellite Images}}},
  booktitle = {2023 {{IEEE}}/{{CVF Conference}} on {{Computer Vision}} and {{Pattern Recognition}} ({{CVPR}})},
  author = {Mall, Utkarsh and Hariharan, Bharath and Bala, Kavita},
  date = {2023-06},
  pages = {5261--5270},
  publisher = {IEEE},
  location = {Vancouver, BC, Canada},
  doi = {10.1109/CVPR52729.2023.00509},
  isbn = {9798350301298}
}

@article{bruzzone2012novel,
  title={A novel framework for the design of change-detection systems for very-high-resolution remote sensing images},
  author={Bruzzone, Lorenzo and Bovolo, Francesca},
  journal={Proceedings of the IEEE},
  volume={101},
  number={3},
  pages={609--630},
  year={2012},
  publisher={IEEE}
}

@ARTICLE{Hu2023Binary,
  author={Hu, Meiqi and Wu, Chen and Du, Bo and Zhang, Liangpei},
  journal={IEEE Transactions on Image Processing}, 
  title={Binary Change Guided Hyperspectral Multiclass Change Detection}, 
  year={2023},
  volume={32},
  number={},
  pages={791-806}
}

@inproceedings{deuser2023sample4geo,
  title={Sample4geo: Hard negative sampling for cross-view geo-localisation},
  author={Deuser, Fabian and Habel, Konrad and Oswald, Norbert},
  booktitle={Proceedings of the IEEE/CVF International Conference on Computer Vision},
  pages={16847--16856},
  year={2023}
}

@ARTICLE{Chen2022Unsupervised,
  author={Chen, Hongruixuan and Yokoya, Naoto and Wu, Chen and Du, Bo},
  journal={IEEE Transactions on Geoscience and Remote Sensing}, 
  title={Unsupervised Multimodal Change Detection Based on Structural Relationship Graph Representation Learning}, 
  year={2022},
  volume={60},
  number={},
  pages={1-18}
}

@article{sun2024LPEM,
author={Sun, Yuli and Lei, Lin and Guan, Dongdong and Kuang, Gangyao and Li, Zhang and Liu, Li},
journal={IEEE Transactions on Neural Networks and Learning Systems},
title={Locality Preservation for Unsupervised Multimodal Change Detection in Remote Sensing Imagery},
year={2024},
volume={},
number={},
pages={1-15},
doi={10.1109/TNNLS.2024.3401696}
}

@ARTICLE{lv2022cdhetreview,
  author={Lv, ZhiYong and Huang, HaiTao and Li, Xinghua and Zhao, MingHua and Benediktsson, Jón Atli and Sun, WeiWei and Falco, Nicola},
  journal={Proceedings of the IEEE}, 
  title={Land Cover Change Detection With Heterogeneous Remote Sensing Images: Review, Progress, and Perspective}, 
  year={2022},
  volume={110},
  number={12},
  pages={1976-1991},
  keywords={Remote sensing;Optical sensors;Optical imaging;Terrain factors;Heterogeneous networks;Earthquakes;Adaptive optics;Cross-modal change detection;cross-sensor change detection;different resolution change detection;heterogeneous remote-sensing change detection;multimodality change detection;multiresolution change detection},
  doi={10.1109/JPROC.2022.3219376}}

@article{SUN2022Iterative,
author = {Yuli Sun and Lin Lei and Dongdong Guan and Junzheng Wu and Gangyao Kuang},
title = {Iterative structure transformation and conditional random field based method for unsupervised multimodal change detection},
journal = {Pattern Recognition},
volume = {131},
pages = {108845},
year = {2022},
issn = {0031-3203},
doi = {https://doi.org/10.1016/j.patcog.2022.108845},
}



@ARTICLE{wu2022CommonalityAE,
  author={Wu, Yue and Li, Jiaheng and Yuan, Yongzhe and Qin, A. K. and Miao, Qi-Guang and Gong, Mao-Guo},
  journal={IEEE Transactions on Neural Networks and Learning Systems}, 
  title={Commonality Autoencoder: Learning Common Features for Change Detection From Heterogeneous Images}, 
  year={2022},
  volume={33},
  number={9},
  pages={4257-4270},
  keywords={Remote sensing;Feature extraction;Optical sensors;Optical imaging;Radar polarimetry;Image segmentation;Decoding;Change detection;commonality autoencoder;convolutional autoencoder (CAE);deep neural networks (DNNs)},
  doi={10.1109/TNNLS.2021.3056238}}


@ARTICLE{prendes2015Multivariate,
  author={Prendes, Jorge and Chabert, Marie and Pascal, Frédéric and Giros, Alain and Tourneret, Jean-Yves},
  journal={IEEE Transactions on Image Processing}, 
  title={A New Multivariate Statistical Model for Change Detection in Images Acquired by Homogeneous and Heterogeneous Sensors}, 
  year={2015},
  volume={24},
  number={3},
  pages={799-812},
  keywords={Optical sensors;Image sensors;Optical imaging;Noise;Synthetic aperture radar;Adaptive optics;Optical images;SAR images;change detection;EM algorithm;mixture models;manifold learning;Optical images;SAR images;change detection;EM algorithm;mixture models;manifold learning},
  doi={10.1109/TIP.2014.2387013}}


@ARTICLE{sun2021itertivegraph,
  author={Sun, Yuli and Lei, Lin and Guan, Dongdong and Kuang, Gangyao},
  journal={IEEE Transactions on Image Processing}, 
  title={Iterative Robust Graph for Unsupervised Change Detection of Heterogeneous Remote Sensing Images}, 
  year={2021},
  volume={30},
  number={},
  pages={6277-6291},
  keywords={Radar polarimetry;Optical imaging;Image segmentation;Image sensors;Transforms;Training;Optical sensors;Unsupervised change detection;heterogeneous data;self-similarity;K-nearest neighbor graph;co-segmentation},
  doi={10.1109/TIP.2021.3093766}}

@ARTICLE{liu2018coupling,
  author={Liu, Jia and Gong, Maoguo and Qin, Kai and Zhang, Puzhao},
  journal={IEEE Transactions on Neural Networks and Learning Systems}, 
  title={A Deep Convolutional Coupling Network for Change Detection Based on Heterogeneous Optical and Radar Images}, 
  year={2018},
  volume={29},
  number={3},
  pages={545-559},
  keywords={Optical sensors;Optical imaging;Feature extraction;Neural networks;Couplings;Laser radar;Change detection;deep neural network;denoising autoencoder optical images;synthetic aperture radar images},
  doi={10.1109/TNNLS.2016.2636227}}

@ARTICLE{liu2019HyperCDReview,
  author={Liu, Sicong and Marinelli, Daniele and Bruzzone, Lorenzo and Bovolo, Francesca},
  journal={IEEE Geoscience and Remote Sensing Magazine}, 
  title={A Review of Change Detection in Multitemporal Hyperspectral Images: Current Techniques, Applications, and Challenges}, 
  year={2019},
  volume={7},
  number={2},
  pages={140-158},
  keywords={Sensors;Satellites;Image sensors;Hyperspectral imaging;Reflectivity},
  doi={10.1109/MGRS.2019.2898520}}

@article{chen2023exchange,
  title={Exchange means change: An unsupervised single-temporal change detection framework based on intra-and inter-image patch exchange},
  author={Chen, Hongruixuan and Song, Jian and Wu, Chen and Du, Bo and Yokoya, Naoto},
  journal={ISPRS Journal of Photogrammetry and Remote Sensing},
  volume={206},
  pages={87--105},
  year={2023},
  publisher={Elsevier}
}

@article{corley2024change,
  title={A Change Detection Reality Check},
  author={Corley, Isaac and Robinson, Caleb and Ortiz, Anthony},
  journal={arXiv preprint arXiv:2402.06994},
  year={2024}
}

@article{Zhange2016mapping,
title = {Change detection based on deep feature representation and mapping transformation for multi-spatial-resolution remote sensing images},
journal = {ISPRS Journal of Photogrammetry and Remote Sensing},
volume = {116},
pages = {24-41},
year = {2016},
issn = {0924-2716},
author = {Puzhao Zhang and Maoguo Gong and Linzhi Su and Jia Liu and Zhizhou Li}
}


@article{zheng2021building,
  title={Building damage assessment for rapid disaster response with a deep object-based semantic change detection framework: From natural disasters to man-made disasters},
  author={Zheng, Zhuo and Zhong, Yanfei and Wang, Junjue and Ma, Ailong and Zhang, Liangpei},
  journal={Remote Sensing of Environment},
  volume={265},
  pages={112636},
  year={2021},
  publisher={Elsevier}
}
@inproceedings{he2016resnet,
  title={Deep residual learning for image recognition},
  author={He, Kaiming and Zhang, Xiangyu and Ren, Shaoqing and Sun, Jian},
  booktitle={Proceedings of the IEEE conference on computer vision and pattern recognition},
  pages={770--778},
  year={2016}
}
@article{peng2021scdnet,
  title={SCDNET: A novel convolutional network for semantic change detection in high resolution optical remote sensing imagery},
  author={Peng, Daifeng and Bruzzone, Lorenzo and Zhang, Yongjun and Guan, Haiyan and He, Pengfei},
  journal={International Journal of Applied Earth Observation and Geoinformation},
  volume={103},
  pages={102465},
  year={2021},
  publisher={Elsevier}
}
@article{niu2023smnet,
  title={SMNet: Symmetric Multi-Task Network for Semantic Change Detection in Remote Sensing Images Based on CNN and Transformer},
  author={Niu, Yiting and Guo, Haitao and Lu, Jun and Ding, Lei and Yu, Donghang},
  journal={Remote Sensing},
  volume={15},
  number={4},
  pages={949},
  year={2023},
  publisher={MDPI}
}
@article{ding2022bi,
  title={Bi-Temporal Semantic Reasoning for the Semantic Change Detection in HR Remote Sensing Images},
  author={Ding, Lei and Guo, Haitao and Liu, Sicong and Mou, Lichao and Zhang, Jing and Bruzzone, Lorenzo},
  journal={IEEE Transactions on Geoscience and Remote Sensing},
  volume={60},
  pages={1--14},
  year={2022},
  publisher={IEEE}
}
@article{ding2022looking,
  title={Looking outside the window: Wide-context transformer for the semantic segmentation of high-resolution remote sensing images},
  author={Ding, Lei and Lin, Dong and Lin, Shaofu and Zhang, Jing and Cui, Xiaojie and Wang, Yuebin and Tang, Hao and Bruzzone, Lorenzo},
  journal={IEEE Transactions on Geoscience and Remote Sensing},
  volume={60},
  pages={1--13},
  year={2022},
  publisher={IEEE}
}
@article{tong2020land,
  title={Land-cover classification with high-resolution remote sensing images using transferable deep models},
  author={Tong, Xin-Yi and Xia, Gui-Song and Lu, Qikai and Shen, Huanfeng and Li, Shengyang and You, Shucheng and Zhang, Liangpei},
  journal={Remote Sensing of Environment},
  volume={237},
  pages={111322},
  year={2020},
  publisher={Elsevier}
}
@article{bruzzone1999neural,
  title={A neural-statistical approach to multitemporal and multisource remote-sensing image classification},
  author={Bruzzone, Lorenzo and Prieto, Diego F and Serpico, Sebastiano B},
  journal={IEEE Transactions on Geoscience and remote Sensing},
  volume={37},
  number={3},
  pages={1350--1359},
  year={1999},
  publisher={IEEE}
}

@article{LiuGQZ18,
  author    = {Jia Liu and
               Maoguo Gong and
               A. Kai Qin and
               Puzhao Zhang},
  title     = {A Deep Convolutional Coupling Network for Change Detection Based on Heterogeneous Optical and Radar Images},
  journal   = {{IEEE} Trans. Neural Networks Learn. Syst.},
  volume    = {29},
  number    = {3},
  pages     = {545--559},
  year      = {2018},
}

@article{Zhan2018Iterative,
title = {Iterative feature mapping network for detecting multiple changes in multi-source remote sensing images},
journal = {ISPRS Journal of Photogrammetry and Remote Sensing},
volume = {146},
pages = {38-51},
year = {2018},
issn = {0924-2716},
author = {Tao Zhan and Maoguo Gong and Jia Liu and Puzhao Zhang},
}

@ARTICLE{Zhan2018Log,
  author={Zhan, Tao and Gong, Maoguo and Jiang, Xiangming and Li, Shuwei},
  journal={IEEE Geoscience and Remote Sensing Letters}, 
  title={Log-Based Transformation Feature Learning for Change Detection in Heterogeneous Images}, 
  year={2018},
  volume={15},
  number={9},
  pages={1352-1356}
}

@ARTICLE{Hu2021Hyperspectral,
  author={Hu, Meiqi and Wu, Chen and Zhang, Liangpei and Du, Bo},
  journal={IEEE Journal of Selected Topics in Applied Earth Observations and Remote Sensing}, 
  title={Hyperspectral Anomaly Change Detection Based on Autoencoder}, 
  year={2021},
  volume={14},
  number={},
  pages={3750-3762}
}

@article{touati2019multimodal,
  title={Multimodal change detection in remote sensing images using an unsupervised pixel pairwise-based Markov random field model},
  author={Touati, Redha and Mignotte, Max and Dahmane, Mohamed},
  journal={IEEE Transactions on Image Processing},
  volume={29},
  pages={757--767},
  year={2019},
  publisher={IEEE}
}

@ARTICLE{Touati2020Anomaly,
  author={Touati, Redha and Mignotte, Max and Dahmane, Mohamed},
  journal={IEEE Journal of Selected Topics in Applied Earth Observations and Remote Sensing}, 
  title={Anomaly Feature Learning for Unsupervised Change Detection in Heterogeneous Images: A Deep Sparse Residual Model}, 
  year={2020},
  volume={13},
  number={},
  pages={588-600}
}

@ARTICLE{Wu2022Commonality,
  author={Wu, Yue and Li, Jiaheng and Yuan, Yongzhe and Qin, A. K. and Miao, Qi-Guang and Gong, Mao-Guo},
  journal={IEEE Transactions on Neural Networks and Learning Systems}, 
  title={Commonality Autoencoder: Learning Common Features for Change Detection From Heterogeneous Images}, 
  year={2022},
  volume={33},
  number={9},
  pages={4257-4270}
}

@ARTICLE{Bergamasco2022Unsupervised,
  author={Bergamasco, Luca and Saha, Sudipan and Bovolo, Francesca and Bruzzone, Lorenzo},
  journal={IEEE Transactions on Geoscience and Remote Sensing}, 
  title={Unsupervised Change Detection Using Convolutional-Autoencoder Multiresolution Features}, 
  year={2022},
  volume={60},
  number={},
  pages={1-19}
}

@article{wu2017post,
  title={A post-classification change detection method based on iterative slow feature analysis and Bayesian soft fusion},
  author={Wu, Chen and Du, Bo and Cui, Xiaohui and Zhang, Liangpei},
  journal={Remote Sensing of Environment},
  volume={199},
  pages={241--255},
  year={2017},
  publisher={Elsevier}
}
@article{xian2009updating,
  title={Updating the 2001 National Land Cover Database land cover classification to 2006 by using Landsat imagery change detection methods},
  author={Xian, George and Homer, Collin and Fry, Joyce},
  journal={Remote Sensing of Environment},
  volume={113},
  number={6},
  pages={1133--1147},
  year={2009},
  publisher={Elsevier}
}
@article{li2022remote,
  title={Remote Sensing Change Detection via Temporal Feature Interaction and Guided Refinement},
  author={Li, Zhenglai and Tang, Chang and Wang, Lizhe and Zomaya, Albert Y},
  journal={IEEE Transactions on Geoscience and Remote Sensing},
  volume={60},
  pages={1--11},
  year={2022},
  publisher={IEEE}
}
@article{hou2021high,
  title={High-resolution triplet network with dynamic multiscale feature for change detection on satellite images},
  author={Hou, Xuan and Bai, Yunpeng and Li, Ying and Shang, Changjing and Shen, Qiang},
  journal={ISPRS Journal of Photogrammetry and Remote Sensing},
  volume={177},
  pages={103--115},
  year={2021},
  publisher={Elsevier}
}
@article{shi2021deeply,
  title={A deeply supervised attention metric-based network and an open aerial image dataset for remote sensing change detection},
  author={Shi, Qian and Liu, Mengxi and Li, Shengchen and Liu, Xiaoping and Wang, Fei and Zhang, Liangpei},
  journal={IEEE transactions on geoscience and remote sensing},
  volume={60},
  pages={1--16},
  year={2021},
  publisher={IEEE}
}
@article{yuan2022landsatscd,
  title={A transformer-based Siamese network and an open optical dataset for semantic change detection of remote sensing images},
  author={Yuan, Panli and Zhao, Qingzhan and Zhao, Xingbiao and Wang, Xuewen and Long, Xuefeng and Zheng, Yuchen},
  journal={International Journal of Digital Earth},
  volume={15},
  number={1},
  pages={1506--1525},
  year={2022},
  publisher={Taylor \& Francis}
}
@article{ding2021adversarial,
  title={Adversarial shape learning for building extraction in VHR remote sensing images},
  author={Ding, Lei and Tang, Hao and Liu, Yahui and Shi, Yilei and Zhu, Xiao Xiang and Bruzzone, Lorenzo},
  journal={IEEE Transactions on Image Processing},
  volume={31},
  pages={678--690},
  year={2021},
  publisher={IEEE}
}
@article{chen2020dasnet,
  title={DASNet: Dual attentive fully convolutional Siamese networks for change detection in high-resolution satellite images},
  author={Chen, Jie and Yuan, Ziyang and Peng, Jian and Chen, Li and Huang, Haozhe and Zhu, Jiawei and Liu, Yu and Li, Haifeng},
  journal={IEEE Journal of Selected Topics in Applied Earth Observations and Remote Sensing},
  volume={14},
  pages={1194--1206},
  year={2020},
  publisher={IEEE}
}
@inproceedings{dong2022cswin,
  title={Cswin transformer: A general vision transformer backbone with cross-shaped windows},
  author={Dong, Xiaoyi and Bao, Jianmin and Chen, Dongdong and Zhang, Weiming and Yu, Nenghai and Yuan, Lu and Chen, Dong and Guo, Baining},
  booktitle={Proceedings of the IEEE/CVF Conference on Computer Vision and Pattern Recognition},
  pages={12124--12134},
  year={2022}
}
@article{wen2021change,
  title={Change detection from very-high-spatial-resolution optical remote sensing images: Methods, applications, and future directions},
  author={Wen, Dawei and Huang, Xin and Bovolo, Francesca and Li, Jiayi and Ke, Xinli and Zhang, Anlu and Benediktsson, Jon Atli},
  journal={IEEE Geoscience and Remote Sensing Magazine},
  volume={9},
  number={4},
  pages={68--101},
  year={2021},
  publisher={IEEE}
}
@inproceedings{esser2021taming,
  title={Taming transformers for high-resolution image synthesis},
  author={Esser, Patrick and Rombach, Robin and Ommer, Bjorn},
  booktitle={Proceedings of the IEEE/CVF conference on computer vision and pattern recognition},
  pages={12873--12883},
  year={2021}
}
@article{han2021transformer,
  title={Transformer in transformer},
  author={Han, Kai and Xiao, An and Wu, Enhua and Guo, Jianyuan and Xu, Chunjing and Wang, Yunhe},
  journal={Advances in Neural Information Processing Systems},
  volume={34},
  pages={15908--15919},
  year={2021}
}
@article{chu2021twins,
  title={Twins: Revisiting the design of spatial attention in vision transformers},
  author={Chu, Xiangxiang and Tian, Zhi and Wang, Yuqing and Zhang, Bo and Ren, Haibing and Wei, Xiaolin and Xia, Huaxia and Shen, Chunhua},
  journal={Advances in Neural Information Processing Systems},
  volume={34},
  pages={9355--9366},
  year={2021}
}
@inproceedings{carion2020end,
  title={End-to-end object detection with transformers},
  author={Carion, Nicolas and Massa, Francisco and Synnaeve, Gabriel and Usunier, Nicolas and Kirillov, Alexander and Zagoruyko, Sergey},
  booktitle={European conference on computer vision},
  pages={213--229},
  year={2020},
  organization={Springer}
}
@inproceedings{bandara2022transformer,
  title={A transformer-based siamese network for change detection},
  author={Bandara, Wele Gedara Chaminda and Patel, Vishal M},
  booktitle={IGARSS 2022-2022 IEEE International Geoscience and Remote Sensing Symposium},
  pages={207--210},
  year={2022},
  organization={IEEE}
}

@article{chen2021remote,
  title={Remote sensing image change detection with transformers},
  author={Chen, Hao and Qi, Zipeng and Shi, Zhenwei},
  journal={IEEE Transactions on Geoscience and Remote Sensing},
  volume={60},
  pages={1--14},
  year={2021},
  publisher={IEEE}
}
@article{wu2021multiscale,
  title={A multiscale graph convolutional network for change detection in homogeneous and heterogeneous remote sensing images},
  author={Wu, Junzheng and Li, Biao and Qin, Yao and Ni, Weiping and Zhang, Han and Fu, Ruigang and Sun, Yuli},
  journal={International Journal of Applied Earth Observation and Geoinformation},
  volume={105},
  pages={102615},
  year={2021},
  publisher={Elsevier}
}
@inproceedings{daudt2018urban,
  title={Urban change detection for multispectral earth observation using convolutional neural networks},
  author={Daudt, Rodrigo Caye and Le Saux, Bertr and Boulch, Alexandre and Gousseau, Yann},
  booktitle={IGARSS 2018-2018 IEEE International Geoscience and Remote Sensing Symposium},
  pages={2115--2118},
  year={2018},
  organization={Ieee}
}
@article{qu2024featurea,
  title = {Feature {{Mutual Representation-Based Graph Domain Adaptive Network}} for {{Unsupervised Hyperspectral Change Detection}}},
  author = {Qu, Jiahui and Zhao, Jingyu and Dong, Wenqian and Xiao, Song and Li, Yunsong and Du, Qian},
  date = {2024},
  journaltitle = {IEEE Transactions on Geoscience and Remote Sensing},
  volume = {62},
  pages = {1--14},
  doi = {10.1109/TGRS.2023.3341893}
}
@article{yan2023domain,
  title = {Domain {{Knowledge-Guided Self-Supervised Change Detection}} for {{Remote Sensing Images}}},
  author = {Yan, Li and Yang, Jianbing and Wang, Jian},
  date = {2023},
  journal = {IEEE Journal of Selected Topics in Applied Earth Observations and Remote Sensing},
  volume = {16},
  pages = {4167--4179},
  doi = {10.1109/JSTARS.2023.3270498}
}

@Article{Chen2020,
AUTHOR = {Chen, Hao and Shi, Zhenwei},
TITLE = {A Spatial-Temporal Attention-Based Method and a New Dataset for Remote Sensing Image Change Detection},
JOURNAL = {Remote Sensing},
VOLUME = {12},
YEAR = {2020},
NUMBER = {10},
ARTICLE-NUMBER = {1662},
ISSN = {2072-4292},
DOI = {10.3390/rs12101662}
}

@article{ji2018fully,
  title={Fully convolutional networks for multisource building extraction from an open aerial and satellite imagery data set},
  author={Ji, Shunping and Wei, Shiqing and Lu, Meng},
  journal={IEEE Transactions on geoscience and remote sensing},
  volume={57},
  number={1},
  pages={574--586},
  year={2018},
  publisher={IEEE}
}
@article{ma2023eatder,
  title={EATDer: Edge-Assisted Adaptive Transformer Detector for Remote Sensing Change Detection},
  author={Ma, Jingjing and Duan, Junyi and Tang, Xu and Zhang, Xiangrong and Jiao, Licheng},
  journal={IEEE Transactions on Geoscience and Remote Sensing},
  year={2023},
  publisher={IEEE}
}
@article{dosovitskiy2020image,
  title={An image is worth 16x16 words: Transformers for image recognition at scale},
  author={Dosovitskiy, Alexey and Beyer, Lucas and Kolesnikov, Alexander and Weissenborn, Dirk and Zhai, Xiaohua and Unterthiner, Thomas and Dehghani, Mostafa and Minderer, Matthias and Heigold, Georg and Gelly, Sylvain and others},
  journal={arXiv preprint arXiv:2010.11929},
  year={2020}
}
@article{yang2022asymmetric,
  title = {Asymmetric {{Siamese Networks}} for {{Semantic Change Detection}} in {{Aerial Images}}},
  author = {Yang, Kunping and Xia, Gui-Song and Liu, Zicheng and Du, Bo and Yang, Wen and Pelillo, Marcello and Zhang, Liangpei},
  date = {2022},
  journal = {IEEE Transactions on Geoscience and Remote Sensing},
  volume = {60},
  pages = {1--18},
  doi = {10.1109/TGRS.2021.3113912}
}
@article{chen2020spatialtemporal,
  title = {A {{Spatial-Temporal Attention-Based Method}} and a {{New Dataset}} for {{Remote Sensing Image Change Detection}}},
  author = {Chen, Hao and Shi, Zhenwei},
  date = {2020-05-22},
  journaltitle = {Remote Sensing},
  volume = {12},
  number = {10},
  pages = {1662},
  doi = {10.3390/rs12101662}
}

@article{zhu2022landuse,
  title = {Land-{{Use}}/{{Land-Cover}} Change Detection Based on a {{Siamese}} Global Learning Framework for High Spatial Resolution Remote Sensing Imagery},
  author = {Zhu, Qiqi and Guo, Xi and Deng, Weihuan and Shi, Sunan and Guan, Qingfeng and Zhong, Yanfei and Zhang, Liangpei and Li, Deren},
  date = {2022-02-01},
  journal = {ISPRS Journal of Photogrammetry and Remote Sensing},
  volume = {184},
  pages = {63--78},
  doi = {10.1016/j.isprsjprs.2021.12.005}
}
@article{xiaDeepSiamesePostclassification2022,
  title = {A {{Deep Siamese Postclassification Fusion Network}} for {{Semantic Change Detection}}},
  author = {Xia, Hao and Tian, Yugang and Zhang, Lihao and Li, Shuangliang},
  date = {2022},
  journal = {IEEE Transactions on Geoscience and Remote Sensing},
  volume = {60},
  pages = {1--16},
  doi = {10.1109/TGRS.2022.3171067}
}

@article{tangMulticlassChangeDetection2022,
  title = {Multi-Class Change Detection of Remote Sensing Images Based on Class Rebalancing},
  author = {Tang, Huakang and Wang, Honglei and Zhang, Xiaoping},
  date = {2022-12-31},
  journal = {International Journal of Digital Earth},
  volume = {15},
  number = {1},
  pages = {1377--1394},
  doi = {10.1080/17538947.2022.2108921}
}
@article{lv2022land,
  title = {Land {{Cover Change Detection Techniques}}: {{Very-high-resolution}} Optical Images: {{A}} Review},
  author = {Lv, Zhiyong and Liu, Tongfei and Benediktsson, Jon Atli and Falco, Nicola},
  date = {2022-03},
  journal = {IEEE Geoscience and Remote Sensing Magazine},
  volume = {10},
  number = {1},
  pages = {44--63},
  doi = {10.1109/MGRS.2021.3088865}
}
@article{gao2024building,
  title={A building change detection framework with patch-pairing single-temporal supervised learning and metric guided attention mechanism},
  author={Gao, Song and Sun, Kaimin and Li, Wenzhuo and Li, Deren and Tan, Yingjiao and Wei, Jinjiang and Li, Wangbin},
  journal={International Journal of Applied Earth Observation and Geoinformation},
  volume={129},
  pages={103785},
  year={2024},
  publisher={Elsevier}
}
@article{shi2020change,
  title = {Change {{Detection Based}} on {{Artificial Intelligence}}: {{State-of-the-Art}} and {{Challenges}}},
  author = {Shi, Wenzhong and Zhang, Min and Zhang, Rui and Chen, Shanxiong and Zhan, Zhao},
  date = {2020-05-25},
  journal = {Remote Sensing},
  volume = {12},
  number = {10},
  pages = {1688},
  doi = {10.3390/rs12101688}
}
@article{chen2024change,
  title={Change Detection Between Optical Remote Sensing Imagery and Map Data via Segment Anything Model (SAM)},
  author={Chen, Hongruixuan and Song, Jian and Yokoya, Naoto},
  journal={arXiv preprint arXiv:2401.09019},
  year={2024}
}
@article{shen2021s2looking,
  title={S2Looking: A satellite side-looking dataset for building change detection},
  author={Shen, Li and Lu, Yao and Chen, Hao and Wei, Hao and Xie, Donghai and Yue, Jiabao and Chen, Rui and Lv, Shouye and Jiang, Bitao},
  journal={Remote Sensing},
  volume={13},
  number={24},
  pages={5094},
  year={2021},
  publisher={MDPI}
}
@online{cheng2023change,
  title = {Change {{Detection Methods}} for {{Remote Sensing}} in the {{Last Decade}}: {{A Comprehensive Review}}},
  author = {Cheng, Guangliang and Huang, Yunmeng and Li, Xiangtai and Lyu, Shuchang and Xu, Zhaoyang and Zhao, Qi and Xiang, Shiming},
  date = {2023-05-09},
  number = {arXiv:2305.05813},
  url = {http://arxiv.org/abs/2305.05813},
  urldate = {2023-08-01},
  pubstate = {preprint}
}
@article{lin2023hyperspectral,
  title={Hyperspectral change detection using semi-supervised graph neural network and convex deep learning},
  author={Lin, Tzu-Hsuan and Lin, Chia-Hsiang},
  journal={IEEE Transactions on Geoscience and Remote Sensing},
  year={2023},
  publisher={IEEE}
}
@article{wang2021dynamic,
  title={Dynamic graph-level neural network for SAR image change detection},
  author={Wang, Rongfang and Wang, Liang and Wei, Xiaohui and Chen, Jia-Wei and Jiao, Licheng},
  journal={IEEE Geoscience and Remote Sensing Letters},
  volume={19},
  pages={1--5},
  year={2021},
  publisher={IEEE}
}

@article{tang2022unsupervised,
  title = {An {{Unsupervised Remote Sensing Change Detection Method Based}} on {{Multiscale Graph Convolutional Network}} and {{Metric Learning}}},
  author = {Tang, Xu and Zhang, Huayu and Mou, Lichao and Liu, Fang and Zhang, Xiangrong and Zhu, Xiao Xiang and Jiao, Licheng},
  date = {2022},
  journal = {IEEE Transactions on Geoscience and Remote Sensing},
  volume = {60},
  pages = {1--15},
  doi = {10.1109/TGRS.2021.3106381}
}

@article{li2021deep,
  title={A deep translation (GAN) based change detection network for optical and SAR remote sensing images},
  author={Li, Xinghua and Du, Zhengshun and Huang, Yanyuan and Tan, Zhenyu},
  journal={ISPRS Journal of Photogrammetry and Remote Sensing},
  volume={179},
  pages={14--34},
  year={2021},
  publisher={Elsevier}
}
@article{luppino2021deep,
  title={Deep image translation with an affinity-based change prior for unsupervised multimodal change detection},
  author={Luppino, Luigi Tommaso and Kampffmeyer, Michael and Bianchi, Filippo Maria and Moser, Gabriele and Serpico, Sebastiano Bruno and Jenssen, Robert and Anfinsen, Stian Normann},
  journal={IEEE Transactions on Geoscience and Remote Sensing},
  year={2021},
  publisher={IEEE}
}
@article{bovolo2015time,
  title={The time variable in data fusion: A change detection perspective},
  author={Bovolo, Francesca and Bruzzone, Lorenzo},
  journal={IEEE Geoscience and Remote Sensing Magazine},
  volume={3},
  number={3},
  pages={8--26},
  year={2015},
  publisher={IEEE}
}
@article{sun2022semisanet,
  title = {{{SemiSANet}}: {{A Semi-Supervised High-Resolution Remote Sensing Image Change Detection Model Using Siamese Networks}} with {{Graph Attention}}},
  author = {Sun, Chengzhe and Wu, Jiangjiang and Chen, Hao and Du, Chun},
  date = {2022-06-10},
  journaltitle = {Remote Sensing},
  volume = {14},
  number = {12},
  pages = {2801},
  doi = {10.3390/rs14122801}
}
@article{qu2023feature,
  title={Feature Mutual Representation Based Graph Domain Adaptive Network for Unsupervised Hyperspectral Change Detection},
  author={Qu, Jiahui and Zhao, Jingyu and Dong, Wenqian and Xiao, Song and Li, Yunsong and Du, Qian},
  journal={IEEE Transactions on Geoscience and Remote Sensing},
  year={2023},
  publisher={IEEE}
}
@article{bruzzone1997iterative,
  title={An iterative technique for the detection of land-cover transitions in multitemporal remote-sensing images},
  author={Bruzzone, Lorenzo and Serpico, Sebastiano B},
  journal={IEEE transactions on geoscience and remote sensing},
  volume={35},
  number={4},
  pages={858--867},
  year={1997},
  publisher={IEEE}
}
@article{singh1990digital,
  title={Digital change detection techniques using remotely-sensed data},
  author={Singh, A},
  journal={Int. J. Remote Sensing},
  volume={10},
  number={6},
  pages={989--1003},
  year={1989}
}
@article{demir2011detection,
  title={Detection of land-cover transitions in multitemporal remote sensing images with active-learning-based compound classification},
  author={Demir, Beg{\"u}m and Bovolo, Francesca and Bruzzone, Lorenzo},
  journal={IEEE Transactions on Geoscience and Remote Sensing},
  volume={50},
  number={5},
  pages={1930--1941},
  year={2011},
  publisher={IEEE}
}
@article{sublime2019automatic,
  title = {Automatic {{Post-Disaster Damage Mapping Using Deep-Learning Techniques}} for {{Change Detection}}: {{Case Study}} of the {{Tohoku Tsunami}}},
  author = {Sublime, Jérémie and Kalinicheva, Ekaterina},
  date = {2019-05-10},
  journal = {Remote Sensing},
  volume = {11},
  number = {9},
  pages = {1123},
  doi = {10.3390/rs11091123}
}
@article{sefrin2020deep,
  title = {Deep {{Learning}} for {{Land Cover Change Detection}}},
  author = {Sefrin, Oliver and Riese, Felix M. and Keller, Sina},
  date = {2020-12-28},
  journal = {Remote Sensing},
  volume = {13},
  number = {1},
  pages = {78},
  doi = {10.3390/rs13010078}
}
@article{kalinicheva2020unsupervised,
  title={Unsupervised change detection analysis in satellite image time series using deep learning combined with graph-based approaches},
  author={Kalinicheva, Ekaterina and Ienco, Dino and Sublime, J{\'e}r{\'e}mie and Trocan, Maria},
  journal={IEEE Journal of Selected Topics in Applied Earth Observations and Remote Sensing},
  volume={13},
  pages={1450--1466},
  year={2020},
  publisher={IEEE}
}

@article{meshkini2024multiannual,
  title = {Multiannual {{Change Detection Using}} a {{Weakly Supervised}} 3-{{D CNN}} in {{HR SITS}}},
  author = {Meshkini, Khatereh and Bovolo, Francesca and Bruzzone, Lorenzo},
  date = {2024},
  journal = {IEEE Geoscience and Remote Sensing Letters},
  volume = {21},
  pages = {1--5},
  doi = {10.1109/LGRS.2024.3359819}
}
@article{saha2022change,
  title = {Change {{Detection}} in {{Image Time-Series Using Unsupervised LSTM}}},
  author = {Saha, Sudipan and Bovolo, Francesca and Bruzzone, Lorenzo},
  date = {2022},
  journal = {IEEE Geoscience and Remote Sensing Letters},
  volume = {19},
  pages = {1--5},
  doi = {10.1109/LGRS.2020.3043822}
}
@article{liu2020convolutional,
  title = {Convolutional {{Neural Network-Based Transfer Learning}} for {{Optical Aerial Images Change Detection}}},
  author = {Liu, Junfu and Chen, Keming and Xu, Guangluan and Sun, Xian and Yan, Menglong and Diao, Wenhui and Han, Hongzhe},
  date = {2020},
  journal = {IEEE Geoscience and Remote Sensing Letters},
  volume = {17},
  number = {1},
  pages = {127--131},
  doi = {10.1109/LGRS.2019.2916601}
}
@article{zhu2023data,
  title = {Data {{Augmentation}} and {{Few-Shot Change Detection}} in {{Forest Remote Sensing}}},
  author = {Zhu, Songyu and Jing, Weipeng and Kang, Peilun and Emam, Mahmoud and Li, Chao},
  date = {2023},
  journal = {IEEE Journal of Selected Topics in Applied Earth Observations and Remote Sensing},
  volume = {16},
  pages = {5919--5934},
  doi = {10.1109/JSTARS.2023.3285389}
}
@article{saha2021building,
  title = {Building {{Change Detection}} in {{VHR SAR Images}} via {{Unsupervised Deep Transcoding}}},
  author = {Saha, Sudipan and Bovolo, Francesca and Bruzzone, Lorenzo},
  date = {2021-03},
  journal = {IEEE Transactions on Geoscience and Remote Sensing},
  volume = {59},
  number = {3},
  pages = {1917--1929},
  doi = {10.1109/TGRS.2020.3000296}
}
@article{peng2021semicdnet,
  title = {{{SemiCDNet}}: {{A Semisupervised Convolutional Neural Network}} for {{Change Detection}} in {{High Resolution Remote-Sensing Images}}},
  author = {Peng, Daifeng and Bruzzone, Lorenzo and Zhang, Yongjun and Guan, Haiyan and Ding, Haiyong and Huang, Xu},
  date = {2021-07},
  journal = {IEEE Transactions on Geoscience and Remote Sensing},
  volume = {59},
  number = {7},
  pages = {5891--5906},
  doi = {10.1109/TGRS.2020.3011913}
}
@article{zhao2024pixellevel,
  title = {Beyond {{Pixel-Level Annotation}}: {{Exploring Self-Supervised Learning}} for {{Change Detection With Image-Level Supervision}}},
  author = {Zhao, Maofan and Hu, Xinli and Zhang, Linlin and Meng, Qingyan and Chen, Yuxing and Bruzzone, Lorenzo},
  date = {2024},
  journal = {IEEE Transactions on Geoscience and Remote Sensing},
  volume = {62},
  pages = {1--16},
  doi = {10.1109/TGRS.2024.3379431}
}

@online{lu2024weakly,
  title = {Weakly {{Supervised Change Detection}} via {{Knowledge Distillation}} and {{Multiscale Sigmoid Inference}}},
  author = {Lu, Binghao and Ding, Caiwen and Bi, Jinbo and Song, Dongjin},
  date = {2024-03-09},
  number = {arXiv:2403.05796},
  url = {http://arxiv.org/abs/2403.05796},
  urldate = {2024-04-02},
  pubstate = {preprint}
}
@article{huang2023backgroundmixed,
  title = {Background-{{Mixed Augmentation}} for {{Weakly Supervised Change Detection}}},
  author = {Huang, Rui and Wang, Ruofei and Guo, Qing and Wei, Jieda and Zhang, Yuxiang and Fan, Wei and Liu, Yang},
  date = {2023-06-26},
  journal = {Proceedings of the AAAI Conference on Artificial Intelligence},
  volume = {37},
  number = {7},
  pages = {7919--7927},
  doi = {10.1609/aaai.v37i7.25958}
}
@article{wu2023fully,
  title = {Fully {{Convolutional Change Detection Framework With Generative Adversarial Network}} for {{Unsupervised}}, {{Weakly Supervised}} and {{Regional Supervised Change Detection}}},
  author = {Wu, Chen and Du, Bo and Zhang, Liangpei},
  journal={IEEE Transactions on Pattern Analysis and Machine Intelligence},
  year={2023},
  volume = {45},
  number = {8},
  pages = {9774--9788},
  doi = {10.1109/TPAMI.2023.3237896}
}
@inproceedings{zheng2021change,
  title = {Change Is {{Everywhere}}: {{Single-Temporal Supervised Object Change Detection}} in {{Remote Sensing Imagery}}},
  booktitle = {2021 {{IEEE}}/{{CVF International Conference}} on {{Computer Vision}} ({{ICCV}})},
  author = {Zheng, Zhuo and Ma, Ailong and Zhang, Liangpei and Zhong, Yanfei},
  date = {2021-10},
  pages = {15173--15182},
  publisher = {IEEE},
  location = {Montreal, QC, Canada},
  doi = {10.1109/ICCV48922.2021.01491},
  isbn = {978-1-66542-812-5}
}

@ARTICLE{Wen2024TransC,
  author={Wen, Yihan and Zhang, Zhuo and Cao, Qi and Niu, Guanchong},
  journal={IEEE Journal of Selected Topics in Applied Earth Observations and Remote Sensing}, 
  title={TransC-GD-CD: Transformer-Based Conditional Generative Diffusion Change Detection Model}, 
  year={2024},
  volume={17},
  number={},
  pages={7144-7158}
}

@ARTICLE{Wen2024GCD,
  author={Wen, Yihan and Ma, Xianping and Zhang, Xiaokang and Pun, Man-On},
  journal={IEEE Transactions on Geoscience and Remote Sensing}, 
  title={GCD-DDPM: A Generative Change Detection Model Based on Difference-Feature-Guided DDPM}, 
  year={2024},
  volume={62},
  number={},
  pages={1-16}
}

@ARTICLE{Wan2024Leveraging,
  author={Wan, Ran and Zhang, Jiaxin and Huang, Yiying and Li, Yunqin and Hu, Boya and Wang, Bowen},
  journal={IEEE Access}, 
  title={Leveraging Diffusion Modeling for Remote Sensing Change Detection in Built-Up Urban Areas}, 
  year={2024},
  volume={12},
  number={},
  pages={7028-7039}
}

@ARTICLE{Saha2022Patch,
  author={Saha, Sudipan and Zhu, Xiao Xiang},
  journal={IEEE Geoscience and Remote Sensing Letters}, 
  title={Patch-Level Unsupervised Planetary Change Detection}, 
  year={2022},
  volume={19},
  number={},
  pages={1-5}
}

@ARTICLE{Zhan2022Transfer,
  author={Zhan, Tao and Gong, Maoguo and Jiang, Xiangming and Zhao, Wei},
  journal={IEEE Geoscience and Remote Sensing Letters}, 
  title={Transfer Learning-Based Bilinear Convolutional Networks for Unsupervised Change Detection}, 
  year={2022},
  volume={19},
  number={},
  pages={1-5}
}

@inproceedings{Jonathan2020Denoising,
 author = {Ho, Jonathan and Jain, Ajay and Abbeel, Pieter},
 booktitle = {Advances in Neural Information Processing Systems},
 pages = {6840--6851},
 title = {Denoising Diffusion Probabilistic Models},
 volume = {33},
 year = {2020}
}


@article{bandara2024ddpmcd,
      title={DDPM-CD: Denoising Diffusion Probabilistic Models as Feature Extractors for Change Detection}, 
      author={Wele Gedara Chaminda Bandara and Nithin Gopalakrishnan Nair and Vishal M. Patel},
      year={2024},
      eprint={2206.11892},
      archivePrefix={arXiv},
      primaryClass={cs.CV}
}

@article{zhang2023relation,
  title={Relation Changes Matter: Cross-Temporal Difference Transformer for Change Detection in Remote Sensing Images},
  author={Zhang, Kai and Zhao, Xue and Zhang, Feng and Ding, Lei and Sun, Jiande and Bruzzone, Lorenzo},
  journal={IEEE Transactions on Geoscience and Remote Sensing},
  year={2023},
  publisher={IEEE}
}
@inproceedings{seo2023selfpair,
  title = {Self-{{Pair}}: {{Synthesizing Changes}} from {{Single Source}} for {{Object Change Detection}} in {{Remote Sensing Imagery}}},
  booktitle = {2023 {{IEEE}}/{{CVF Winter Conference}} on {{Applications}} of {{Computer Vision}} ({{WACV}})},
  author = {Seo, Minseok and Lee, Hakjin and Jeon, Yongjin and Seo, Junghoon},
  date = {2023-01},
  pages = {6363--6372},
  publisher = {IEEE},
  location = {Waikoloa, HI, USA},
  doi = {10.1109/WACV56688.2023.00631},
  isbn = {978-1-66549-346-8}
}
@article{wang2022reliable,
  title = {Reliable {{Contrastive Learning}} for {{Semi-Supervised Change Detection}} in {{Remote Sensing Images}}},
  author = {Wang, Jia-Xin and Li, Teng and Chen, Si-Bao and Tang, Jin and Luo, Bin and Wilson, Richard C.},
  date = {2022},
  journal = {IEEE Transactions on Geoscience and Remote Sensing},
  volume = {60},
  pages = {1--13},
  doi = {10.1109/TGRS.2022.3228016}
}
@article{noman2024remote,
  title={Remote sensing change detection with transformers trained from scratch},
  author={Noman, Mubashir and Fiaz, Mustansar and Cholakkal, Hisham and Narayan, Sanath and Anwer, Rao Muhammad and Khan, Salman and Khan, Fahad Shahbaz},
  journal={IEEE Transactions on Geoscience and Remote Sensing},
  year={2024},
  publisher={IEEE}
}
@article{cao2023multiscale,
  title = {A Multi-Scale Weakly Supervised Learning Method with Adaptive Online Noise Correction for High-Resolution Change Detection of Built-up Areas},
  author = {Cao, Yinxia and Huang, Xin and Weng, Qihao},
  date = {2023-11},
  journal = {Remote Sensing of Environment},
  volume = {297},
  pages = {113779},
  doi = {10.1016/j.rse.2023.113779}
}

@inproceedings{liu2019semisupervised,
  title = {Semi-{{Supervised Change Detection Based}} on {{Graphs}} with {{Generative Adversarial Networks}}},
  booktitle = {{{IGARSS}} 2019 - 2019 {{IEEE International Geoscience}} and {{Remote Sensing Symposium}}},
  author = {Liu, Junfu and Chen, Keming and Xu, Guangluan and Li, Hao and Yan, Menglong and Diao, Wenhui and Sun, Xian},
  date = {2019-07},
  pages = {74--77},
  publisher = {IEEE},
  location = {Yokohama, Japan},
  doi = {10.1109/IGARSS.2019.8898913},
  isbn = {978-1-5386-9154-0}
}
@article{saha2021semisupervised,
  title = {Semisupervised {{Change Detection Using Graph Convolutional Network}}},
  author = {Saha, Sudipan and Mou, Lichao and Zhu, Xiao Xiang and Bovolo, Francesca and Bruzzone, Lorenzo},
  date = {2021-04},
  journal = {IEEE Geoscience and Remote Sensing Letters},
  volume = {18},
  number = {4},
  pages = {607--611},
  doi = {10.1109/LGRS.2020.2985340}
}
@incollection{andermatt2021weakly,
  title = {A {{Weakly Supervised Convolutional Network}} for {{Change Segmentation}} and {{Classification}}},
  booktitle = {Computer {{Vision}} – {{ACCV}} 2020 {{Workshops}}},
  author = {Andermatt, Philipp and Timofte, Radu},
  editor = {Sato, Imari and Han, Bohyung},
  date = {2021},
  volume = {12628},
  pages = {103--119},
  publisher = {Springer International Publishing},
  location = {Cham},
  doi = {10.1007/978-3-030-69756-3_8},
  isbn = {978-3-030-69755-6 978-3-030-69756-3}
}
@incollection{kalita2021land,
  title = {Land {{Use Change Detection Using Deep Siamese Neural Networks}} and {{Weakly Supervised Learning}}},
  booktitle = {Computer {{Analysis}} of {{Images}} and {{Patterns}}},
  author = {Kalita, Indrajit and Karatsiolis, Savvas and Kamilaris, Andreas},
  editor = {Tsapatsoulis, Nicolas and Panayides, Andreas and Theocharides, Theo and Lanitis, Andreas and Pattichis, Constantinos and Vento, Mario},
  date = {2021},
  volume = {13053},
  pages = {24--35},
  publisher = {Springer International Publishing},
  location = {Cham},
  doi = {10.1007/978-3-030-89131-2_3},
  isbn = {978-3-030-89130-5 978-3-030-89131-2}
}

@inproceedings{daudt2019guided,
  title = {Guided {{Anisotropic Diffusion}} and {{Iterative Learning}} for {{Weakly Supervised Change Detection}}},
  booktitle = {2019 {{IEEE}}/{{CVF Conference}} on {{Computer Vision}} and {{Pattern Recognition Workshops}} ({{CVPRW}})},
  author = {Daudt, Rodrigo Caye and Le Saux, Bertrand and Boulch, Alexandre and Gousseau, Yann},
  date = {2019-06},
  pages = {1461--1470},
  publisher = {IEEE},
  location = {Long Beach, CA, USA},
  doi = {10.1109/CVPRW.2019.00187},
  isbn = {978-1-72812-506-0}
}

@article{khan2017forest,
  title = {Forest {{Change Detection}} in {{Incomplete Satellite Images With Deep Neural Networks}}},
  author = {Khan, Salman H. and He, Xuming and Porikli, Fatih and Bennamoun, Mohammed},
  date = {2017-09},
  journaltitle = {IEEE Transactions on Geoscience and Remote Sensing},
  volume = {55},
  number = {9},
  pages = {5407--5423},
  doi = {10.1109/TGRS.2017.2707528}
}
@article{wang2023cs,
  title={CS-WSCDNet: Class Activation Mapping and Segment Anything Model-Based Framework for Weakly Supervised Change Detection},
  author={Wang, Lukang and Zhang, Min and Shi, Wenzhong},
  journal={IEEE Transactions on Geoscience and Remote Sensing},
  year={2023},
  publisher={IEEE}
}
@article{dai2023siamese,
  title = {A {{Siamese Network Combining Multiscale Joint Supervision}} and {{Improved Consistency Regularization}} for {{Weakly Supervised Building Change Detection}}},
  author = {Dai, Yanshuai and Zhao, Kongyang and Shen, Li and Liu, Shichuan and Yan, Xin and Li, Zhilin},
  date = {2023},
  journal = {IEEE Journal of Selected Topics in Applied Earth Observations and Remote Sensing},
  volume = {16},
  pages = {4963--4982},
  doi = {10.1109/JSTARS.2023.3279863}
}
@inproceedings{radford2021CLIP,
  title={Learning transferable visual models from natural language supervision},
  author={Radford, Alec and Kim, Jong Wook and Hallacy, Chris and Ramesh, Aditya and Goh, Gabriel and Agarwal, Sandhini and Sastry, Girish and Askell, Amanda and Mishkin, Pamela and Clark, Jack and others},
  booktitle={International conference on machine learning},
  pages={8748--8763},
  year={2021},
  organization={PMLR}
}
@article{liu2022cnntransformer,
  title = {A {{CNN-Transformer Network With Multiscale Context Aggregation}} for {{Fine-Grained Cropland Change Detection}}},
  author = {Liu, Mengxi and Chai, Zhuoqun and Deng, Haojun and Liu, Rong},
  date = {2022},
  journaltitle = {IEEE Journal of Selected Topics in Applied Earth Observations and Remote Sensing},
  volume = {15},
  pages = {4297--4306},
  doi = {10.1109/JSTARS.2022.3177235}
}

@article{yang2024ecps,
  title={ECPS: Cross Pseudo Supervision Based on Ensemble Learning for Semi-Supervised Remote Sensing Change Detection},
  author={Yang, Yunqun and Tang, Xu and Ma, Jingjing and Zhang, Xiangrong and Pei, Shiji and Jiao, Licheng},
  journal={IEEE Transactions on Geoscience and Remote Sensing},
  year={2024},
  publisher={IEEE}
}
@article{chen2022selfsupervised,
  title = {A {{Self-Supervised Approach}} to {{Pixel-Level Change Detection}} in {{Bi-Temporal RS Images}}},
  author = {Chen, Yuxing and Bruzzone, Lorenzo},
  date = {2022},
  journal = {IEEE Transactions on Geoscience and Remote Sensing},
  volume = {60},
  pages = {1--11},
  doi = {10.1109/TGRS.2022.3203897}
}
@article{yan2019timeseries,
  title = {A Time-Series Classification Approach Based on Change Detection for Rapid Land Cover Mapping},
  author = {Yan, Jining and Wang, Lizhe and Song, Weijing and Chen, Yunliang and Chen, Xiaodao and Deng, Ze},
  date = {2019-12-01},
  journal = {ISPRS Journal of Photogrammetry and Remote Sensing},
  volume = {158},
  pages = {249--262},
  doi = {10.1016/j.isprsjprs.2019.10.003}
}
@article{yuan2020using,
  title = {Using {{An Attention-Based LSTM Encoder}}–{{Decoder Network}} for {{Near Real-Time Disturbance Detection}}},
  author = {Yuan, Yuan and Lin, Lei and Huo, Lian-Zhi and Kong, Yun-Long and Zhou, Zeng-Guang and Wu, Bin and Jia, Yan},
  date = {2020},
  journal = {IEEE Journal of Selected Topics in Applied Earth Observations and Remote Sensing},
  volume = {13},
  pages = {1819--1832},
  doi = {10.1109/JSTARS.2020.2988324}
}

@article{stahl2023automated,
  title = {Automated Attribution of Forest Disturbance Types from Remote Sensing Data: {{A}} Synthesis},
  author = {Stahl, Amanda T. and Andrus, Robert and Hicke, Jeffrey A. and Hudak, Andrew T. and Bright, Benjamin C. and Meddens, Arjan J.H.},
  date = {2023-02},
  journal = {Remote Sensing of Environment},
  volume = {285},
  pages = {113416},
  doi = {10.1016/j.rse.2022.113416}
}

@article{li2023sartscc,
  title = {{{SAR-TSCC}}: {{A Novel Approach}} for {{Long Time Series SAR Image Change Detection}} and {{Pattern Analysis}}},
  author = {Li, Weisong and Ma, Peifeng and Wang, Haipeng and Fang, Chaoyang},
  date = {2023},
  journal = {IEEE Transactions on Geoscience and Remote Sensing},
  volume = {61},
  pages = {1--16},
  doi = {10.1109/TGRS.2023.3243900}
}


@article{bruzzone2004detection,
  title={Detection of land-cover transitions by combining multidate classifiers},
  author={Bruzzone, Lorenzo and Cossu, Roberto and Vernazza, Gianni},
  journal={Pattern Recognition Letters},
  volume={25},
  number={13},
  pages={1491--1500},
  year={2004},
  publisher={Elsevier}
}
@article{daudt2019multitask,
  title={Multitask learning for large-scale semantic change detection},
  author={Daudt, Rodrigo Caye and Le Saux, Bertrand and Boulch, Alexandre and Gousseau, Yann},
  journal={Computer Vision and Image Understanding},
  volume={187},
  pages={102783},
  year={2019},
  publisher={Elsevier}
}
@article{ZhangL19,
  author    = {Wuxia Zhang and
               Xiaoqiang Lu},
  title     = {The Spectral-Spatial Joint Learning for Change Detection in Multispectral
               Imagery},
  journal   = {Remote Sensing},
  volume    = {11},
  number    = {3},
  pages     = {240},
  year      = {2019}
}

@article{yuan2022transformer,
  title={A transformer-based Siamese network and an open optical dataset for semantic change detection of remote sensing images},
  author={Yuan, Panli and Zhao, Qingzhan and Zhao, Xingbiao and Wang, Xuewen and Long, Xuefeng and Zheng, Yuchen},
  journal={International Journal of Digital Earth},
  volume={15},
  number={1},
  pages={1506--1525},
  year={2022},
  publisher={Taylor \& Francis}
}

@article{chen2019change,
  title={Change detection in multisource VHR images via deep siamese convolutional multiple-layers recurrent neural network},
  author={Chen, Hongruixuan and Wu, Chen and Du, Bo and Zhang, Liangpei and Wang, Le},
  journal={IEEE Transactions on Geoscience and Remote Sensing},
  volume={58},
  number={4},
  pages={2848--2864},
  year={2019},
  publisher={IEEE}
}

@article{ding2024samcd,
title={Adapting Segment Anything Model for Change Detection in HR Remote Sensing Images},
author={Ding, Lei and Zhu, Kun and Peng, Daifeng and Tang, Hao and Yang, Kuiwu and Bruzzone, Lorenzo},
journal={IEEE Transactions on Geoscience and Remote Sensing}, 
year={2024},
volume={62},
pages={1-11},
doi={10.1109/TGRS.2024.3368168}
}

@article{Liky2023Changer,
  title={Changer: Feature Interaction is What You Need for Change Detection}, 
  author={Fang, Sheng and Li, Kaiyu and Li, Zhe},
  journal={IEEE Transactions on Geoscience and Remote Sensing}, 
  year={2023},
  volume={61},
  number={},
  pages={1-11},
  doi={10.1109/TGRS.2023.3277496}
}

@inproceedings{wang2021pyramid,
  title={Pyramid vision transformer: A versatile backbone for dense prediction without convolutions},
  author={Wang, Wenhai and Xie, Enze and Li, Xiang and Fan, Deng-Ping and Song, Kaitao and Liang, Ding and Lu, Tong and Luo, Ping and Shao, Ling},
  booktitle={Proceedings of the IEEE/CVF International Conference on Computer Vision},
  pages={568--578},
  year={2021}
}

@inproceedings{liu2021swin,
  title={Swin transformer: Hierarchical vision transformer using shifted windows},
  author={Liu, Ze and Lin, Yutong and Cao, Yue and Hu, Han and Wei, Yixuan and Zhang, Zheng and Lin, Stephen and Guo, Baining},
  booktitle={Proceedings of the IEEE/CVF International Conference on Computer Vision},
  pages={10012--10022},
  year={2021}
}

@article{xie2021segformer,
  title={SegFormer: Simple and efficient design for semantic segmentation with transformers},
  author={Xie, Enze and Wang, Wenhai and Yu, Zhiding and Anandkumar, Anima and Alvarez, Jose M and Luo, Ping},
  journal={Advances in Neural Information Processing Systems},
  volume={34},
  pages={12077--12090},
  year={2021}
}

@article{zhu2022land,
  title={Land-Use/Land-Cover change detection based on a Siamese global learning framework for high spatial resolution remote sensing imagery},
  author={Zhu, Qiqi and Guo, Xi and Deng, Weihuan and Guan, Qingfeng and Zhong, Yanfei and Zhang, Liangpei and Li, Deren},
  journal={ISPRS Journal of Photogrammetry and Remote Sensing},
  volume={184},
  pages={63--78},
  year={2022},
  publisher={Elsevier}
}

@article{wang2022net,
  title={Y-Net: A Multiclass Change Detection Network for Bi-temporal Remote Sensing Images},
  author={Wang, Decheng and Zhao, Feng and Wang, Chao and Wang, Haoyue and Zheng, Fengjie and Chen, Xiangning},
  journal={International Journal of Remote Sensing},
  volume={43},
  number={2},
  pages={565--592},
  year={2022},
  publisher={Taylor \& Francis}
}

@article{DaudtSBG19,
  author    = {R. {Caye Daudt} and
               B. {Le Saux} and
               A. Boulch and
               Y. Gousseau},
  title     = {Multitask learning for large-scale semantic change detection},
  journal   = {Computer Vision and Image Understanding},
  pages     = {102783},
  volume    = {187},
  year      = {2019}
}

@article{ZhaoMCBE20,
  author    = {W. Zhao and
               L. Mou and
               J. Chen and
               Y. Bo and
               W. J. Emery},
  title     = {Incorporating Metric Learning and Adversarial Network for Seasonal Invariant Change Detection},
  journal   = {IEEE Transactions on Geoscience and Remote Sensing},
  volume    = {58},
  number    = {4},
  pages     = {2720--2731},
  year      = {2020}
}

@article{li2019deep,
  title={A deep learning method for change detection in synthetic aperture radar images},
  author={Li, Yangyang and Peng, Cheng and Chen, Yanqiao and Jiao, Licheng and Zhou, Linhao and Shang, Ronghua},
  journal={IEEE Transactions on Geoscience and Remote Sensing},
  volume={57},
  number={8},
  pages={5751--5763},
  year={2019}
}

@article{li2019unsupervised,
  title={Unsupervised deep noise modeling for hyperspectral image change detection},
  author={Li, Xuelong and Yuan, Zhenghang and Wang, Qi},
  journal={Remote Sensing},
  volume={11},
  number={3},
  pages={258},
  year={2019}
}

@article{yang2019transferred,
  title={Transferred deep learning-based change detection in remote sensing images},
  author={Yang, Meijuan and Jiao, Licheng and Liu, Fang and Hou, Biao and Yang, Shuyuan},
  journal={IEEE Transactions on Geoscience and Remote Sensing},
  volume={57},
  number={9},
  pages={6960--6973},
  year={2019}
}
@article{han2024c2fsemicd,
  title = {{{C2F-SemiCD}}: {{A Coarse-to-Fine Semi-Supervised Change Detection Method Based}} on {{Consistency Regularization}} in {{High-Resolution Remote Sensing Images}}},
  author = {Han, Chengxi and Hu, Meiqi and Chen, Hongruixuan},
  date = {2024},
  journaltitle = {IEEE TRANSACTIONS ON GEOSCIENCE AND REMOTE SENSING},
  volume = {62}
}

@inproceedings{wang2022semisupervised,
  title = {Semi-{{Supervised Semantic Segmentation Using Unreliable Pseudo-Labels}}},
  booktitle = {2022 {{IEEE}}/{{CVF Conference}} on {{Computer Vision}} and {{Pattern Recognition}} ({{CVPR}})},
  author = {Wang, Yuchao and Wang, Haochen and Shen, Yujun and Fei, Jingjing and Li, Wei and Jin, Guoqiang and Wu, Liwei and Zhao, Rui and Le, Xinyi},
  date = {2022-06},
  pages = {4238--4247},
  publisher = {IEEE},
  location = {New Orleans, LA, USA},
  doi = {10.1109/CVPR52688.2022.00421},
  isbn = {978-1-66546-946-3}
}
@online{bandara2022revisiting,
  title = {Revisiting {{Consistency Regularization}} for {{Semi-supervised Change Detection}} in {{Remote Sensing Images}}},
  author = {Bandara, Wele Gedara Chaminda and Patel, Vishal M.},
  date = {2022-04-21},
  number = {arXiv:2204.08454},
  url = {http://arxiv.org/abs/2204.08454},
  urldate = {2023-08-26},
  pubstate = {prepublished}
}

@article{li2020siamese,
  title={Siamese neural networks for continuous disease severity evaluation and change detection in medical imaging},
  author={Li, Matthew D and Chang, Ken and Bearce, Ben and Chang, Connie Y and Huang, Ambrose J and Campbell, J Peter and Brown, James M and Singh, Praveer and Hoebel, Katharina V and Erdo{\u{g}}mu{\c{s}}, Deniz and others},
  journal={NPJ digital medicine},
  volume={3},
  number={1},
  pages={48},
  year={2020},
  publisher={Nature Publishing Group UK London}
}

@article{brunner2010earthquake,
  title={Earthquake damage assessment of buildings using VHR optical and SAR imagery},
  author={Brunner, Dominik and Lemoine, Guido and Bruzzone, Lorenzo},
  journal={IEEE Transactions on Geoscience and Remote Sensing},
  volume={48},
  number={5},
  pages={2403--2420},
  year={2010},
  publisher={IEEE}
}

@article{sohn2020fixmatch,
  title={Fixmatch: Simplifying semi-supervised learning with consistency and confidence},
  author={Sohn, Kihyuk and Berthelot, David and Carlini, Nicholas and Zhang, Zizhao and Zhang, Han and Raffel, Colin A and Cubuk, Ekin Dogus and Kurakin, Alexey and Li, Chun-Liang},
  journal={Advances in neural information processing systems},
  volume={33},
  pages={596--608},
  year={2020}
}

@article{taneja2015geometric,
  title={Geometric change detection in urban environments using images},
  author={Taneja, Aparna and Ballan, Luca and Pollefeys, Marc},
  journal={IEEE transactions on pattern analysis and machine intelligence},
  volume={37},
  number={11},
  pages={2193--2206},
  year={2015},
  publisher={IEEE}
}

@article{robin2010contrario,
  title={An a-contrario approach for subpixel change detection in satellite imagery},
  author={Robin, Amandine and Moisan, Lionel and Le H{\'e}garat-Mascle, Sylvie},
  journal={IEEE Transactions on pattern analysis and machine intelligence},
  volume={32},
  number={11},
  pages={1977--1993},
  year={2010},
  publisher={IEEE}
}

@inproceedings{roth2022towards,
  title={Towards total recall in industrial anomaly detection},
  author={Roth, Karsten and Pemula, Latha and Zepeda, Joaquin and Sch{\"o}lkopf, Bernhard and Brox, Thomas and Gehler, Peter},
  booktitle={Proceedings of the IEEE/CVF conference on computer vision and pattern recognition},
  pages={14318--14328},
  year={2022}
}

@article{lanza2011statistical,
  title={Statistical change detection by the pool adjacent violators algorithm},
  author={Lanza, Alessandro and Di Stefano, Luigi},
  journal={IEEE transactions on pattern analysis and machine intelligence},
  volume={33},
  number={9},
  pages={1894--1910},
  year={2011},
  publisher={IEEE}
}

@article{benedek2011building,
  title={Building development monitoring in multitemporal remotely sensed image pairs with stochastic birth-death dynamics},
  author={Benedek, Csaba and Descombes, Xavier and Zerubia, Josiane},
  journal={IEEE Transactions on Pattern Analysis and Machine Intelligence},
  volume={34},
  number={1},
  pages={33--50},
  year={2011},
  publisher={IEEE}
}

@article{bruzzone2009domain,
  title={Domain adaptation problems: A DASVM classification technique and a circular validation strategy},
  author={Bruzzone, Lorenzo and Marconcini, Mattia},
  journal={IEEE transactions on pattern analysis and machine intelligence},
  volume={32},
  number={5},
  pages={770--787},
  year={2009},
  publisher={IEEE}
}

@inproceedings{yang2023revisiting,
  title = {Revisiting {{Weak-to-Strong Consistency}} in {{Semi-Supervised Semantic Segmentation}}},
  booktitle = {2023 {{IEEE}}/{{CVF Conference}} on {{Computer Vision}} and {{Pattern Recognition}} ({{CVPR}})},
  author = {Yang, Lihe and Qi, Lei and Feng, Litong and Zhang, Wayne and Shi, Yinghuan},
  date = {2023-06},
  pages = {7236--7246},
  publisher = {IEEE},
  location = {Vancouver, BC, Canada},
  doi = {10.1109/CVPR52729.2023.00699},
  isbn = {9798350301298}
}
@article{zhang2024remote,
  title={Remote Sensing Image Semantic Change Detection Boosted by Semi-supervised Contrastive Learning of Semantic Segmentation},
  author={Zhang, Xiuwei and Yang, Yizhe and Ran, Lingyan and Chen, Liang and Wang, Kangwei and Yu, Lei and Wang, Peng and Zhang, Yanning},
  journal={IEEE Transactions on Geoscience and Remote Sensing},
  year={2024},
  publisher={IEEE}
}

@article{shi2023multilayer,
  title = {Multi-Layer Composite Autoencoders for Semi-Supervised Change Detection in Heterogeneous Remote Sensing Images},
  author = {Shi, Jiao and Wu, Tiancheng and Yu, Hanwen and Qin, A. K. and Jeon, Gwanggil and Lei, Yu},
  date = {2023-04},
  journaltitle = {Science China Information Sciences},
  volume = {66},
  number = {4},
  pages = {140308},
  doi = {10.1007/s11432-022-3693-0}
}


@article{wang2019getnet,
  author={Wang, Q. and Yuan, Z. and Du, Q. and Li, X.},
  journal={IEEE Transactions on Geoscience and Remote Sensing}, 
  title={{GETNET}: A General End-to-End {2-D CNN} Framework for Hyperspectral Image Change Detection}, 
  year={2019},
  volume={57},
  number={1},
  pages={3-13}
}

@inproceedings{Goodfellow2014Generative,
 author = {Goodfellow, Ian and Pouget-Abadie, Jean and Mirza, Mehdi and Xu, Bing and Warde-Farley, David and Ozair, Sherjil and Courville, Aaron and Bengio, Yoshua},
 booktitle = {Advances in Neural Information Processing Systems},
 pages = {},
 title = {Generative Adversarial Nets},
 volume = {27},
 year = {2014}
}


@inproceedings{yuan2018robust,
  title={ROBUST PCANet for hyperspectral image change detection},
  author={Yuan, Zhenghang and Wang, Qi and Li, Xuelong},
  booktitle={2018 IEEE International Geoscience and Remote Sensing Symposium},
  pages={4931--4934},
  year={2018}
}

@article{lei2021aslnet,
  author={Ding, Lei and Tang, Hao and Liu, Yahui and Shi, Yilei and Zhu, Xiao Xiang and Bruzzone, Lorenzo},
  journal={IEEE Transactions on Image Processing}, 
  title={Adversarial Shape Learning for Building Extraction in VHR Remote Sensing Images}, 
  year={2021},
  doi={10.1109/TIP.2021.3134455}}

@article{hou2017change,
  title={Change detection based on deep features and low rank},
  author={Hou, B. and Wang, Y. and Liu, Q.},
  journal={IEEE Geoscience and Remote Sensing Letters},
  volume={14},
  number={12},
  pages={2418--2422},
  year={2017}
}

@article{zhan2017change,
  title={Change detection based on deep siamese convolutional network for optical aerial images},
  author={Zhan, Y. and Fu, K. and Yan, M. and Sun, X. and Wang, H. and Qiu, X.},
  journal={IEEE Geoscience and Remote Sensing Letters},
  volume={14},
  number={10},
  pages={1845--1849},
  year={2017}
}

@article{chen2023land,
  title={Land-cover change detection using paired OpenStreetMap data and optical high-resolution imagery via object-guided Transformer},
  author={Chen, Hongruixuan and Lan, Cuiling and Song, Jian and Broni-Bediako, Clifford and Xia, Junshi and Yokoya, Naoto},
  journal={arXiv preprint arXiv:2310.02674},
  year={2023}
}

@article{tian2023temporal,
  title={Temporal-agnostic change region proposal for semantic change detection},
  author={Tian, Shiqi and Tan, Xicheng and Ma, Ailong and Zheng, Zhuo and Zhang, Liangpei and Zhong, Yanfei},
  journal={ISPRS Journal of Photogrammetry and Remote Sensing},
  volume={204},
  pages={306--320},
  year={2023},
  publisher={Elsevier}
}

@article{wu2021unsupervised,
  title={Unsupervised change detection in multitemporal VHR images based on deep kernel PCA convolutional mapping network},
  author={Wu, Chen and Chen, Hongruixuan and Du, Bo and Zhang, Liangpei},
  journal={IEEE Transactions on Cybernetics},
  volume={52},
  number={11},
  pages={12084--12098},
  year={2022},
  publisher={IEEE}
}

@inproceedings{Mall2022Change,
 author = {Mall, Utkarsh and Hariharan, Bharath and Bala, Kavita},
 booktitle = {Advances in Neural Information Processing Systems},
 pages = {27484--27496},
 title = {Change Event Dataset for Discovery from Spatio-temporal Remote Sensing Imagery},
 volume = {35},
 year = {2022}
}


@Article{JiaChange2021,
AUTHOR = {Jia, Meng and Zhao, Zhiqiang},
TITLE = {Change Detection in Synthetic Aperture Radar Images Based on a Generalized Gamma Deep Belief Networks},
JOURNAL = {Sensors},
VOLUME = {21},
YEAR = {2021},
NUMBER = {24},
ARTICLE-NUMBER = {8290}
}



@ARTICLE{Zhang2016Feature,
  author={Zhang, Hui and Gong, Maoguo and Zhang, Puzhao and Su, Linzhi and Shi, Jiao},
  journal={IEEE Geoscience and Remote Sensing Letters}, 
  title={Feature-Level Change Detection Using Deep Representation and Feature Change Analysis for Multispectral Imagery}, 
  year={2016},
  volume={13},
  number={11},
  pages={1666-1670}
}

@ARTICLE{Zhao2017Discriminative,
  author={Zhao, Wei and Wang, Zhirui and Gong, Maoguo and Liu, Jia},
  journal={IEEE Transactions on Geoscience and Remote Sensing}, 
  title={Discriminative Feature Learning for Unsupervised Change Detection in Heterogeneous Images Based on a Coupled Neural Network}, 
  year={2017},
  volume={55},
  number={12},
  pages={7066-7080}
}


@ARTICLE{Zheng2022Unsupervised,
  author={Zheng, Xiangtao and Chen, Xiumei and Lu, Xiaoqiang and Sun, Bangyong},
  journal={IEEE Transactions on Geoscience and Remote Sensing}, 
  title={Unsupervised Change Detection by Cross-Resolution Difference Learning}, 
  year={2022},
  volume={60},
  number={},
  pages={1-16}
}


@article{Chen2023Fourier,
title = {Fourier domain structural relationship analysis for unsupervised multimodal change detection},
journal = {ISPRS Journal of Photogrammetry and Remote Sensing},
volume = {198},
pages = {99-114},
year = {2023},
issn = {0924-2716},
author = {Hongruixuan Chen and Naoto Yokoya and Marco Chini}
}

@ARTICLE{Luppino2022Deep,
  author={Luppino, Luigi Tommaso and Kampffmeyer, Michael and Bianchi, Filippo Maria and Moser, Gabriele and Serpico, Sebastiano Bruno and Jenssen, Robert and Anfinsen, Stian Normann},
  journal={IEEE Transactions on Geoscience and Remote Sensing}, 
  title={Deep Image Translation With an Affinity-Based Change Prior for Unsupervised Multimodal Change Detection}, 
  year={2022},
  volume={60},
  number={},
  pages={1-22}
}

@article{WangCD2024,
title = {CD-GAN: A robust fusion-based generative adversarial network for unsupervised remote sensing change detection with heterogeneous sensors},
journal = {Information Fusion},
volume = {107},
pages = {102313},
year = {2024},
issn = {1566-2535},
author = {Jin-Ju Wang and Nicolas Dobigeon and Marie Chabert and Ding-Cheng Wang and Ting-Zhu Huang and Jie Huang},
}


@ARTICLE{Shi2022Unsupervised,
  author={Shi, Jiao and Zhang, Zeping and Tan, Chunhui and Liu, Xiaodong and Lei, Yu},
  journal={IEEE Geoscience and Remote Sensing Letters}, 
  title={Unsupervised Multiple Change Detection in Remote Sensing Images via Generative Representation Learning Network}, 
  year={2022},
  volume={19},
  number={},
  pages={1-5}
}

@ARTICLE{Ren2021Unsupervised,
  author={Ren, Caijun and Wang, Xiangyu and Gao, Jian and Zhou, Xiren and Chen, Huanhuan},
  journal={IEEE Transactions on Geoscience and Remote Sensing}, 
  title={Unsupervised Change Detection in Satellite Images With Generative Adversarial Network}, 
  year={2021},
  volume={59},
  number={12},
  pages={10047-10061}
}

@article{Lei2021Spectral,
title = {Spectral mapping with adversarial learning for unsupervised hyperspectral change detection},
journal = {Neurocomputing},
volume = {465},
pages = {71-83},
year = {2021},
issn = {0925-2312},
author = {Jie Lei and Meiqi Li and Weiying Xie and Yunsong Li and Xiuping Jia}
}

@ARTICLE{Saha2021Unsupervised,
  author={Saha, Sudipan and Solano-Correa, Yady Tatiana and Bovolo, Francesca and Bruzzone, Lorenzo},
  journal={IEEE Geoscience and Remote Sensing Letters}, 
  title={Unsupervised Deep Transfer Learning-Based Change Detection for HR Multispectral Images}, 
  year={2021},
  volume={18},
  number={5},
  pages={856-860}
}

@ARTICLE{2019GenerativeGong,
  author={Gong, Maoguo and Yang, Yuelei and Zhan, Tao and Niu, Xudong and Li, Shuwei},
  journal={IEEE Journal of Selected Topics in Applied Earth Observations and Remote Sensing}, 
  title={A Generative Discriminatory Classified Network for Change Detection in Multispectral Imagery}, 
  year={2019},
  volume={12},
  number={1},
  pages={321-333}
}



@ARTICLE{Luppino2024Code,
  author={Luppino, Luigi Tommaso and Hansen, Mads Adrian and Kampffmeyer, Michael and Bianchi, Filippo Maria and Moser, Gabriele and Jenssen, Robert and Anfinsen, Stian Normann},
  journal={IEEE Transactions on Neural Networks and Learning Systems}, 
  title={Code-Aligned Autoencoders for Unsupervised Change Detection in Multimodal Remote Sensing Images}, 
  year={2024},
  volume={35},
  number={1},
  pages={60-72}
}

@ARTICLE{Liu2022Unsupervised,
  author={Liu, Zhun-Ga and Zhang, Zuo-Wei and Pan, Quan and Ning, Liang-Bo},
  journal={IEEE Transactions on Geoscience and Remote Sensing}, 
  title={Unsupervised Change Detection From Heterogeneous Data Based on Image Translation}, 
  year={2022},
  volume={60},
  number={},
  pages={1-13}
}

@ARTICLE{Anamaria2022Generative,
  author={Radoi, Anamaria},
  journal={IEEE Geoscience and Remote Sensing Letters}, 
  title={Generative Adversarial Networks Under CutMix Transformations for Multimodal Change Detection}, 
  year={2022},
  volume={19},
  number={},
  pages={1-5}
}

@ARTICLE{Niu2019Conditional,
  author={Niu, Xudong and Gong, Maoguo and Zhan, Tao and Yang, Yuelei},
  journal={IEEE Geoscience and Remote Sensing Letters}, 
  title={A Conditional Adversarial Network for Change Detection in Heterogeneous Images}, 
  year={2019},
  volume={16},
  number={1},
  pages={45-49}
}

@article{liu2015sequential,
  title={Sequential spectral change vector analysis for iteratively discovering and detecting multiple changes in hyperspectral images},
  author={Liu, Sicong and Bruzzone, Lorenzo and Bovolo, Francesca and Zanetti, Massimo and Du, Peijun},
  journal={IEEE transactions on geoscience and remote sensing},
  volume={53},
  number={8},
  pages={4363--4378},
  year={2015},
  publisher={IEEE}
}
@article{nemmour2010support,
  title={Support vector machines for automatic multi-class change detection in Algerian Capital using landsat TM imagery},
  author={Nemmour, Hassiba and Chibani, Youcef},
  journal={Journal of the Indian Society of Remote Sensing},
  volume={38},
  number={4},
  pages={585--591},
  year={2010},
  publisher={Springer}
}

@ARTICLE{Nielsen2007Regularized,
  author={Nielsen, Allan Aasbjerg},
  journal={IEEE Transactions on Image Processing}, 
  title={The Regularized Iteratively Reweighted MAD Method for Change Detection in Multi- and Hyperspectral Data}, 
  year={2007},
  volume={16},
  number={2},
  pages={463-478}
}

@ARTICLE{Wu2014Slow,
  author={Wu, Chen and Du, Bo and Zhang, Liangpei},
  journal={IEEE Transactions on Geoscience and Remote Sensing}, 
  title={Slow Feature Analysis for Change Detection in Multispectral Imagery}, 
  year={2014},
  volume={52},
  number={5},
  pages={2858-2874}
}

@article{kataoka2016semantic,
  title={Semantic change detection with hypermaps},
  author={Kataoka, Hirokatsu and Shirakabe, Soma and Miyashita, Yudai and Nakamura, Akio and Iwata, Kenji and Satoh, Yutaka},
  journal={arXiv preprint arXiv:1604.07513},
  volume={2},
  number={4},
  year={2016}
}

@inproceedings{wang2019PANet,
  title = {{{PANet}}: {{Few-Shot Image Semantic Segmentation With Prototype Alignment}}},
  booktitle = {2019 {{IEEE}}/{{CVF International Conference}} on {{Computer Vision}} ({{ICCV}})},
  author = {Wang, Kaixin and Liew, Jun Hao and Zou, Yingtian and Zhou, Daquan and Feng, Jiashi},
  date = {2019-10},
  pages = {9196--9205},
  publisher = {IEEE},
  location = {Seoul, Korea (South)},
  doi = {10.1109/ICCV.2019.00929},
  isbn = {978-1-72814-803-8}
}

@article{rahman2022polarity,
  title={Polarity loss: Improving visual-semantic alignment for zero-shot detection},
  author={Rahman, Shafin and Khan, Salman and Barnes, Nick},
  journal={IEEE Transactions on Neural Networks and Learning Systems},
  year={2022},
  publisher={IEEE}
}

@inproceedings{douillard2021plop,
  title={Plop: Learning without forgetting for continual semantic segmentation},
  author={Douillard, Arthur and Chen, Yifu and Dapogny, Arnaud and Cord, Matthieu},
  booktitle={Proceedings of the IEEE/CVF conference on computer vision and pattern recognition},
  pages={4040--4050},
  year={2021}
}

@inproceedings{lang2022learning,
  title={Learning what not to segment: A new perspective on few-shot segmentation},
  author={Lang, Chunbo and Cheng, Gong and Tu, Binfei and Han, Junwei},
  booktitle={Proceedings of the IEEE/CVF conference on computer vision and pattern recognition},
  pages={8057--8067},
  year={2022}
}

@article{vinyals2016matching,
  title={Matching networks for one shot learning},
  author={Vinyals, Oriol and Blundell, Charles and Lillicrap, Timothy and Wierstra, Daan and others},
  journal={Advances in neural information processing systems},
  volume={29},
  year={2016}
}

@InProceedings{Kirillov2023Segment,
    author    = {Kirillov, Alexander and Mintun, Eric and Ravi, Nikhila and Mao, Hanzi and Rolland, Chloe and Gustafson, Laura and Xiao, Tete and Whitehead, Spencer and Berg, Alexander C. and Lo, Wan-Yen and Dollar, Piotr and Girshick, Ross},
    title     = {Segment Anything},
    booktitle = {Proceedings of the IEEE/CVF International Conference on Computer Vision (ICCV)},
    month     = {October},
    year      = {2023},
    pages     = {4015-4026}
}

@article{zhang2023faster,
  title={Faster Segment Anything: Towards Lightweight SAM for Mobile Applications},
  author={Zhang, Chaoning and Han, Dongshen and Qiao, Yu and Kim, Jung Uk and Bae, Sung-Ho and Lee, Seungkyu and Hong, Choong Seon},
  journal={arXiv preprint arXiv:2306.14289},
  year={2023}
}
@article{tian2020hiucd,
  title={Hi-UCD: A large-scale dataset for urban semantic change detection in remote sensing imagery},
  author={Tian, Shiqi and Ma, Ailong and Zheng, Zhuo and Zhong, Yanfei},
  journal={arXiv preprint arXiv:2011.03247},
  year={2020}
}
@article{yang2021asymmetric,
  title={Asymmetric siamese networks for semantic change detection in aerial images},
  author={Yang, Kunping and Xia, Gui-Song and Liu, Zicheng and Du, Bo and Yang, Wen and Pelillo, Marcello and Zhang, Liangpei},
  journal={IEEE Transactions on Geoscience and Remote Sensing},
  volume={60},
  pages={1--18},
  year={2021},
  publisher={IEEE}
}
@inproceedings{daudt2018fully,
  title={Fully convolutional siamese networks for change detection},
  author={Daudt, Rodrigo Caye and Le Saux, Bertr and Boulch, Alexandre},
  booktitle={2018 25th IEEE International Conference on Image Processing (ICIP)},
  pages={4063--4067},
  year={2018},
  organization={IEEE}
}
@article{mou2018learning,
  title={Learning spectral-spatial-temporal features via a recurrent convolutional neural network for change detection in multispectral imagery},
  author={Mou, Lichao and Bruzzone, Lorenzo and Zhu, Xiao Xiang},
  journal={IEEE Transactions on Geoscience and Remote Sensing},
  volume={57},
  number={2},
  pages={924--935},
  year={2018},
  publisher={IEEE}
}
@inproceedings{min2019tased,
  title={TASED-Net: Temporally-Aggregating Spatial Encoder-Decoder Network for Video Saliency Detection},
  author={Min, Kyle and Corso, Jason J},
  booktitle={CVPR},
  year={2019}
}
@inproceedings{chen2018deeplabv3+,
  title={Encoder-decoder with atrous separable convolution for semantic image segmentation},
  author={Chen, Liang-Chieh and Zhu, Yukun and Papandreou, George and Schroff, Florian and Adam, Hartwig},
  booktitle={ECCV},
  year={2018}
}
@article{he2015spatial,
  title={Spatial pyramid pooling in deep convolutional networks for visual recognition},
  author={He, Kaiming and Zhang, Xiangyu and Ren, Shaoqing and Sun, Jian},
  journal={TPAMI},
  volume={37},
  number={9},
  pages={1904--1916},
  year={2015},
  publisher={IEEE}
}
@inproceedings{zhao2018psanet,
  title={Psanet: Point-wise spatial attention network for scene parsing},
  author={Zhao, Hengshuang and Zhang, Yi and Liu, Shu and Shi, Jianping and Change Loy, Chen and Lin, Dahua and Jia, Jiaya},
  booktitle={ECCV},
  year={2018}
}
@inproceedings{jiang2019crowd,
  title={Crowd Counting and Density Estimation by Trellis Encoder-Decoder Networks},
  author={Jiang, Xiaolong and Xiao, Zehao and Zhang, Baochang and Zhen, Xiantong and Cao, Xianbin and Doermann, David and Shao, Ling},
  booktitle={CVPR},
  year={2019}
}

@inproceedings{long2015fully,
  title={Fully convolutional networks for semantic segmentation},
  author={Long, Jonathan and Shelhamer, Evan and Darrell, Trevor},
  booktitle={Proceedings of the IEEE conference on computer vision and pattern recognition},
  pages={3431--3440},
  year={2015}
}

@inproceedings{chen2018encoder,
  title={Encoder-decoder with atrous separable convolution for semantic image segmentation},
  author={Chen, Liang-Chieh and Zhu, Yukun and Papandreou, George and Schroff, Florian and Adam, Hartwig},
  booktitle={ECCV},
  year={2018}
}

@inproceedings{lin2017feature,
  title={Feature pyramid networks for object detection},
  author={Lin, Tsung-Yi and Doll{\'a}r, Piotr and Girshick, Ross and He, Kaiming and Hariharan, Bharath and Belongie, Serge},
  booktitle={CVPR},
  year={2017}
}

@inproceedings{tang2019multi,
  title={Multi-channel attention selection gan with cascaded semantic guidance for cross-view image translation},
  author={Tang, Hao and Xu, Dan and Sebe, Nicu and Wang, Yanzhi and Corso, Jason J and Yan, Yan},
  booktitle={CVPR},
  year={2019}
}

@inproceedings{isola2017image,
  title={Image-to-image translation with conditional adversarial networks},
  author={Isola, Phillip and Zhu, Jun-Yan and Zhou, Tinghui and Efros, Alexei A},
  booktitle={CVPR},
  year={2017}
}
@inproceedings{hu2018squeeze,
  title={Squeeze-and-excitation networks},
  author={Hu, Jie and Shen, Li and Sun, Gang},
  booktitle={CVPR},
  year={2018}
}
@article{badrinarayanan2017segnet,
  title={Segnet: A deep convolutional encoder-decoder architecture for image segmentation},
  author={Badrinarayanan, Vijay and Kendall, Alex and Cipolla, Roberto},
  journal={TPAMI},
  volume={39},
  number={12},
  pages={2481--2495},
  year={2017},
  publisher={IEEE}
}
@inproceedings{ronneberger2015unet,
  title={U-Net: Convolutional networks for biomedical image segmentation},
  author={Ronneberger, Olaf and Fischer, Philipp and Brox, Thomas},
  booktitle={International Conference on Medical image computing and computer-assisted intervention},
  year={2015},
  organization={Springer}
}
@article{liu2017hourglass,
  title={Hourglass-shapenetwork based semantic segmentation for high resolution aerial imagery},
  author={Liu, Yu and Minh Nguyen, Duc and Deligiannis, Nikos and Ding, Wenrui and Munteanu, Adrian},
  journal={Remote Sensing},
  volume={9},
  number={6},
  pages={522},
  year={2017},
  publisher={Multidisciplinary Digital Publishing Institute}
}
@inproceedings{lin2017refinenet,
  title={Refinenet: Multi-path refinement networks for high-resolution semantic segmentation},
  author={Lin, Guosheng and Milan, Anton and Shen, Chunhua and Reid, Ian},
  booktitle={CVPR},
  year={2017}
}
@inproceedings{zhang2018exfuse,
  title={Exfuse: Enhancing feature fusion for semantic segmentation},
  author={Zhang, Zhenli and Zhang, Xiangyu and Peng, Chao and Xue, Xiangyang and Sun, Jian},
  booktitle={ECCV},
  year={2018}
}
@article{panboonyuen2019semantic,
  title={Semantic segmentation on remotely sensed images using an enhanced global convolutional network with channel attention and domain specific transfer learning},
  author={Panboonyuen, Teerapong and Jitkajornwanich, Kulsawasd and Lawawirojwong, Siam and Srestasathiern, Panu and Vateekul, Peerapon},
  journal={Remote Sensing},
  volume={11},
  number={1},
  pages={83},
  year={2019},
  publisher={Multidisciplinary Digital Publishing Institute}
}
@inproceedings{Simonyan2015vgg,
  author    = {Karen Simonyan and
               Andrew Zisserman},
  editor    = {Yoshua Bengio and
               Yann LeCun},
  title     = {Very Deep Convolutional Networks for Large-Scale Image Recognition},
  booktitle = {3rd International Conference on Learning Representations, {ICLR} 2015,
               San Diego, CA, USA, May 7-9, 2015, Conference Track Proceedings},
  year      = {2015},
  timestamp = {Wed, 17 Jul 2019 10:40:54 +0200},
  bibsource = {dblp computer science bibliography, https://dblp.org}
}
@article{zhang2020feature,
  title={A feature difference convolutional neural network-based change detection method},
  author={Zhang, Min and Shi, Wenzhong},
  journal={IEEE Transactions on Geoscience and Remote Sensing},
  volume={58},
  number={10},
  pages={7232--7246},
  year={2020},
  publisher={IEEE}
}
@article{zhang2020deeply,
  title={A deeply supervised image fusion network for change detection in high resolution bi-temporal remote sensing images},
  author={Zhang, Chenxiao and Yue, Peng and Tapete, Deodato and Jiang, Liangcun and Shangguan, Boyi and Huang, Li and Liu, Guangchao},
  journal={ISPRS Journal of Photogrammetry and Remote Sensing},
  volume={166},
  pages={183--200},
  year={2020},
  publisher={Elsevier}
}
@article{luo2019high,
  title={High-Resolution Aerial Images Semantic Segmentation Using Deep Fully Convolutional Network With Channel Attention Mechanism},
  author={Luo, Haifeng and Chen, Chongcheng and Fang, Lina and Zhu, Xi and Lu, Lijing},
  journal={IEEE Journal of Selected Topics in Applied Earth Observations and Remote Sensing},
  volume={12},
  number={9},
  pages={3492--3507},
  year={2019},
  publisher={IEEE}
}
@article{zhang2020multi,
  title={Multi-Scale Context Aggregation for Semantic Segmentation of Remote Sensing Images},
  author={Zhang, Jing and Lin, Shaofu and Ding, Lei and Bruzzone, Lorenzo},
  journal={Remote Sensing},
  volume={12},
  number={4},
  pages={701},
  year={2020},
  publisher={Multidisciplinary Digital Publishing Institute}
}
@inproceedings{zhang2018context,
  title={Context encoding for semantic segmentation},
  author={Zhang, Hang and Dana, Kristin and Shi, Jianping and Zhang, Zhongyue and Wang, Xiaogang and Tyagi, Ambrish and Agrawal, Amit},
  booktitle={CVPR},
  year={2018}
}
@inproceedings{woo2018cbam,
  title={Cbam: Convolutional block attention module},
  author={Woo, Sanghyun and Park, Jongchan and Lee, Joon-Young and So Kweon, In},
  booktitle={ECCV},
  year={2018}
}
@inproceedings{wang2018nonlocal,
  title={Non-local neural networks},
  author={Wang, Xiaolong and Girshick, Ross and Gupta, Abhinav and He, Kaiming},
  booktitle={Proceedings of the IEEE conference on computer vision and pattern recognition},
  pages={7794--7803},
  year={2018}
}
@article{park2018bam,
  title={Bam: Bottleneck attention module},
  author={Park, Jongchan and Woo, Sanghyun and Lee, Joon-Young and Kweon, In So},
  journal={arXiv preprint arXiv:1807.06514},
  year={2018}
}
@article{wang2019dense,
  title={Dense Semantic Labeling with Atrous Spatial Pyramid Pooling and Decoder for High-Resolution Remote Sensing Imagery},
  author={Wang, Yuhao and Liang, Binxiu and Ding, Meng and Li, Jiangyun},
  journal={Remote Sensing},
  volume={11},
  number={1},
  pages={20},
  year={2019},
  publisher={Multidisciplinary Digital Publishing Institute}
}
@article{marmanis2018boundarydetection,
  title={Classification with an edge: Improving semantic image segmentation with boundary detection},
  author={Marmanis, Dimitrios and Schindler, Konrad and Wegner, Jan Dirk and Galliani, Silvano and Datcu, Mihai and Stilla, Uwe},
  journal={ISPRS Journal of Photogrammetry and Remote Sensing},
  volume={135},
  pages={158--172},
  year={2018},
  publisher={Elsevier}
}
@inproceedings{chen2019glore,
  title={Graph-based global reasoning networks},
  author={Chen, Yunpeng and Rohrbach, Marcus and Yan, Zhicheng and Shuicheng, Yan and Feng, Jiashi and Kalantidis, Yannis},
  booktitle={CVPR},
  year={2019}
}
@article{ding2020diresnet,
  title={Diresnet: Direction-aware residual network for road extraction in vhr remote sensing images},
  author={Ding, Lei and Bruzzone, Lorenzo},
  journal={IEEE Transactions on Geoscience and Remote Sensing},
  year={2020},
  publisher={IEEE}
}
@article{ding2020lanet,
  title={Lanet: Local attention embedding to improve the semantic segmentation of remote sensing images},
  author={Ding, Lei and Tang, Hao and Bruzzone, Lorenzo},
  journal={IEEE Transactions on Geoscience and Remote Sensing},
  volume={59},
  number={1},
  pages={426--435},
  year={2020},
  publisher={IEEE}
}
@article{ding2020semantic,
  title={Semantic Segmentation of Large-Size VHR Remote Sensing Images Using a Two-Stage Multiscale Training Architecture},
  author={Ding, Lei and Zhang, Jing and Bruzzone, Lorenzo},
  journal={IEEE Transactions on Geoscience and Remote Sensing},
  year={2020},
  publisher={IEEE}
}
@inproceedings{zhao2017pyramid,
  title={Pyramid scene parsing network},
  author={Zhao, Hengshuang and Shi, Jianping and Qi, Xiaojuan and Wang, Xiaogang and Jia, Jiaya},
  booktitle={Proceedings of the IEEE conference on computer vision and pattern recognition},
  pages={2881--2890},
  year={2017}
}
@article{yu2018PSPResnet,
  title={Semantic segmentation for high spatial resolution remote sensing images based on convolution neural network and pyramid pooling module},
  author={Yu, Bo and Yang, Lu and Chen, Fang},
  journal={IEEE Journal of Selected Topics in Applied Earth Observations and Remote Sensing},
  number={99},
  pages={1--10},
  year={2018},
  publisher={IEEE}
}
@inproceedings{paisitkriangkrai2015CNNhc,
  title={Effective semantic pixel labelling with convolutional networks and conditional random fields},
  author={Paisitkriangkrai, Sakrapee and Sherrah, Jamie and Janney, Pranam and Hengel, Van-Den and others},
  booktitle={Proceedings of the IEEE Conference on Computer Vision and Pattern Recognition Workshops},
  pages={36--43},
  year={2015}
}
@inproceedings{su2019semantic,
  title={Semantic Segmentation of High Resolution Remote Sensing Image Based on Batch-Attention Mechanism},
  author={Su, Yanzhou and Wu, Yongjian and Wang, Min and Wang, Feng and Cheng, Jian},
  booktitle={2019 IEEE International Geoscience and Remote Sensing Symposium},
  pages={3856--3859},
  year={2019},
  organization={IEEE}
}
@article{cui2019multi,
  title={Multi-Scale Semantic Segmentation and Spatial Relationship Recognition of Remote Sensing Images Based on an Attention Model},
  author={Cui, Wei and Wang, Fei and He, Xin and Zhang, Dongyou and Xu, Xuxiang and Yao, Meng and Wang, Ziwei and Huang, Jiejun},
  journal={Remote Sensing},
  volume={11},
  number={9},
  pages={1044},
  year={2019},
  publisher={Multidisciplinary Digital Publishing Institute}
}
@article{li2018pyramid,
  title={Pyramid attention network for semantic segmentation},
  author={Li, Hanchao and Xiong, Pengfei and An, Jie and Wang, Lingxue},
  journal={arXiv preprint arXiv:1805.10180},
  year={2018}
}
@article{zhang2018cnnmrf,
  title={VPRS-based regional decision fusion of CNN and MRF classifications for very fine resolution remotely sensed images},
  author={Zhang, Ce and Sargent, Isabel and Pan, Xin and Gardiner, Andy and Hare, Jonathon and Atkinson, Peter M},
  journal={IEEE Transactions on Geoscience and Remote Sensing},
  year={2018},
  publisher={IEEE}
}
@article{ding2020twostage,
  title={Semantic Segmentation of Large-Size VHR Remote Sensing Images Using a Two-Stage Multiscale Training Architecture},
  author={Ding, Lei and Zhang, Jing and Bruzzone, Lorenzo},
  journal={IEEE Transactions on Geoscience and Remote Sensing},
  year={2020},
  publisher={IEEE}
}
@article{peng2019end,
  title={End-to-end change detection for high resolution satellite images using improved UNet++},
  author={Peng, Daifeng and Zhang, Yongjun and Guan, Haiyan},
  journal={Remote Sensing},
  volume={11},
  number={11},
  pages={1382},
  year={2019},
  publisher={Multidisciplinary Digital Publishing Institute}
}
@article{liu2018edgeloss,
  title={ERN: Edge Loss Reinforced Semantic Segmentation Network for Remote Sensing Images},
  author={Liu, Shuo and Ding, Wenrui and Liu, Chunhui and Liu, Yu and Wang, Yufeng and Li, Hongguang},
  journal={Remote Sensing},
  volume={10},
  number={9},
  pages={1339},
  year={2018},
  publisher={Multidisciplinary Digital Publishing Institute}
}
@article{kaiser2017osmpretrain,
  title={Learning aerial image segmentation from online maps},
  author={Kaiser, Pascal and Wegner, Jan Dirk and Lucchi, Aur{\'e}lien and Jaggi, Martin and Hofmann, Thomas and Schindler, Konrad},
  journal={IEEE Transactions on Geoscience and Remote Sensing},
  volume={55},
  number={11},
  pages={6054--6068},
  year={2017},
  publisher={IEEE}
}
@inproceedings{audebert2017OSMinput,
  title={Joint learning from earth observation and openstreetmap data to get faster better semantic maps},
  author={Audebert, Nicolas and Le Saux, Bertrand and Lef{\`e}vre, S{\'e}bastien}
}
@article{cao2019endDSM,
  title={End-to-End DSM Fusion Networks for Semantic Segmentation in High-Resolution Aerial Images},
  author={Cao, Zhiying and Fu, Kun and Lu, Xiaode and Diao, Wenhui and Sun, Hao and Yan, Menglong and Yu, Hongfeng and Sun, Xian},
  journal={IEEE Geoscience and Remote Sensing Letters},
  volume={16},
  number={11},
  pages={1766--1770},
  year={2019},
  publisher={IEEE}
}
@article{sun2018DSMrefine,
  title={Fully Convolutional Networks for Semantic Segmentation of Very High Resolution Remotely Sensed Images Combined With DSM},
  author={Sun, Weiwei and Wang, Ruisheng},
  journal={IEEE Geoscience and Remote Sensing Letters},
  volume={15},
  number={3},
  pages={474--478},
  year={2018},
  publisher={IEEE}
}
@inproceedings{nair2010relu,
  title={Rectified linear units improve restricted boltzmann machines},
  author={Nair, Vinod and Hinton, Geoffrey E},
  booktitle={ICML},
  year={2010}
}
@inproceedings{mou2019relation,
  title={A relation-augmented fully convolutional network for semantic segmentation in aerial scenes},
  author={Mou, Lichao and Hua, Yuansheng and Zhu, Xiao Xiang},
  booktitle={Proceedings of the IEEE/CVF Conference on Computer Vision and Pattern Recognition},
  pages={12416--12425},
  year={2019}
}
@article{audebert2018beyondrgb,
  title={Beyond RGB: Very high resolution urban remote sensing with multimodal deep networks},
  author={Audebert, Nicolas and Le Saux, Bertrand and Lef{\`e}vre, S{\'e}bastien},
  journal={ISPRS Journal of Photogrammetry and Remote Sensing},
  volume={140},
  pages={20--32},
  year={2018},
  publisher={Elsevier}
}

@article{lu2004change,
  title={Change detection techniques},
  author={Lu, Dengsheng and Mausel, Paul and Brondizio, Eduardo and Moran, Emilio},
  journal={International journal of remote sensing},
  volume={25},
  number={12},
  pages={2365--2401},
  year={2004},
  publisher={Taylor \& Francis}
}

@Inbook{Ban2016,
	author={Ban, Yifang	and Yousif, Osama},
	editor={Ban, Yifang},
	title={Change Detection Techniques: A Review},
	bookTitle={Multitemporal Remote Sensing: Methods and Applications},
	year={2016},
	publisher={Springer International Publishing},
	address={Cham},
	pages={19--43},
	isbn={978-3-319-47037-5},
}
@article{paris2019novel,
  title={A novel approach to the unsupervised update of land-cover maps by classification of time series of multispectral images},
  author={Paris, Claudia and Bruzzone, Lorenzo and Fern{\'a}ndez-Prieto, Diego},
  journal={IEEE Transactions on Geoscience and Remote Sensing},
  volume={57},
  number={7},
  pages={4259--4277},
  year={2019},
  publisher={IEEE}
}

@article{wu2020geo,
  title={Geo-object-based land cover map update for high-spatial-resolution remote sensing images via change detection and label transfer},
  author={Wu, Tianjun and Luo, Jiancheng and Zhou, Ya’nan and Wang, Changpeng and Xi, Jiangbo and Fang, Jianwu},
  journal={Remote Sensing},
  volume={12},
  number={1},
  pages={174},
  year={2020},
  publisher={MDPI}
}


@ARTICLE{Liu2019reviewHSI,
	author={S. Liu and D. Marinelli and L. Bruzzone and F. Bovolo},
	journal={IEEE Geoscience and Remote Sensing Magazine}, 
	title={A Review of Change Detection in Multitemporal Hyperspectral Images: Current Techniques, Applications, and Challenges}, 
	year={2019},
	volume={7},
	number={2},
	pages={140-158},}

@ARTICLE{Bovolo2007p-CVA,
	author={F. {Bovolo} and L. {Bruzzone}},
	journal={IEEE Transactions on Geoscience and Remote Sensing}, 
	title={A Theoretical Framework for Unsupervised Change Detection Based on Change Vector Analysis in the Polar Domain}, 
	year={2007},
	volume={45},
	number={1},
	pages={218-236},}

@inproceedings{malila1980change,
  title={Change vector analysis: an approach for detecting forest changes with Landsat},
  author={Malila, William A},
  booktitle={LARS symposia},
  pages={385},
  year={1980}
}

@ARTICLE{Bruzzone2000diff,
	author={L. {Bruzzone} and D. F. {Prieto}},
	journal={IEEE Transactions on Geoscience and Remote Sensing}, 
	title={Automatic analysis of the difference image for unsupervised change detection}, 
	year={2000},
	volume={38},
	number={3},
	pages={1171-1182},}

@ARTICLE{Bovolo2012C2VA,
	author={F. {Bovolo} and S. {Marchesi} and L. {Bruzzone}},
	journal={IEEE Transactions on Geoscience and Remote Sensing}, 
	title={A Framework for Automatic and Unsupervised Detection of Multiple Changes in Multitemporal Images}, 
	year={2012},
	volume={50},
	number={6},
	pages={2196-2212},}

@ARTICLE{Liu2017M2C2VA,
	author={S. {Liu} and Q. {Du} and X. {Tong} and A. {Samat} and L. {Bruzzone} and F. {Bovolo}},
	journal={IEEE Journal of Selected Topics in Applied Earth Observations and Remote Sensing}, 
	title={Multiscale Morphological Compressed Change Vector Analysis for Unsupervised Multiple Change Detection}, 
	year={2017},
	volume={10},
	number={9},
	pages={4124-4137},}

@article{Nielsen1998MAD,
	title = "Multivariate Alteration Detection (MAD) and MAF Postprocessing in Multispectral, Bitemporal Image Data: New Approaches to Change Detection Studies",
	journal = "Remote Sensing of Environment",
	volume = "64",
	number = "1",
	pages = "1 - 19",
	year = "1998",
	author = "Allan A. Nielsen and Knut Conradsen and James J. Simpson",
}

@ARTICLE{Nielsen2007IRMAD,
	author={A. A. {Nielsen}},
	journal={IEEE Transactions on Image Processing}, 
	title={The Regularized Iteratively Reweighted MAD Method for Change Detection in Multi- and Hyperspectral Data}, 
	year={2007},
	volume={16},
	number={2},
	pages={463-478},}

@ARTICLE{Zhang2018semi-CD,
	author={W. {Zhang} and X. {Lu} and X. {Li}},
	journal={IEEE Transactions on Geoscience and Remote Sensing}, 
	title={A Coarse-to-Fine Semi-Supervised Change Detection for Multispectral Images},
	year={2018},
	volume={56}, 
	number={6},
	pages={3587-3599},}

@inproceedings{liu2017novel,
  title={A novel semisupervised framework for multiple change detection in hyperspectral images},
  author={Liu, Sicong and Tong, Xiaohua and Bruzzone, Lorenzo and Du, Peijun},
  booktitle={2017 IEEE International Geoscience and Remote Sensing Symposium},
  pages={173--176},
  year={2017},
  organization={IEEE}
}

@ARTICLE{Wang2020RS,
	 author={Wang, Xin and Du, Peijun and Chen, Dongmei and Liu, Sicong and Zhang, Wei and Li, Erzhu},
	 journal={IEEE Journal of Selected Topics in Applied Earth Observations and Remote Sensing}, 
	 title={Change Detection Based on Low-Level to High-Level Features Integration With Limited Samples}, 
	 year={2020}, 
	 volume={13}, 
	 number={}, 
	 pages={6260-6276},}
 
 @Article{Wang2018RS,
 	AUTHOR = {Wang, Xin and Liu, Sicong and Du, Peijun and Liang, Hao and Xia, Junshi and Li, Yunfeng},
 	TITLE = {Object-Based Change Detection in Urban Areas from High Spatial Resolution Images Based on Multiple Features and Ensemble Learning},
 	JOURNAL = {Remote Sensing},
 	VOLUME = {10},
 	YEAR = {2018},
 	NUMBER = {2},
 	ARTICLE-NUMBER = {276},
 	ISSN = {2072-4292},
 }

@ARTICLE{Liu2019bexpand,  
	author={Liu, Sicong and Du, Qian and Tong, Xiaohua and Samat, Alim and Bruzzone, Lorenzo},  
	journal={IEEE Journal of Selected Topics in Applied Earth Observations and Remote Sensing},   
	title={Unsupervised Change Detection in Multispectral Remote Sensing Images via Spectral-Spatial Band Expansion},   year={2019},  
	volume={12},  
	number={9},  
	pages={3578-3587},}
@article{Volpi2012kernel,
	author    = {Michele Volpi and Devis Tuia and Gustavo Camps{-}Valls and
	Mikhail F. Kanevski},
	title     = {Unsupervised Change Detection With Kernels},
	journal   = {IEEE Geoscience Remote Sensing Letter},
	volume    = {9},
	number    = {6},
	pages     = {1026-1030},
	year      = {2012},
}

@INPROCEEDINGS{Du2012IGARSS,
	author={P. Du and S. Liu and L. Bruzzone and F. Bovolo},
	booktitle={2012 IEEE International Geoscience and Remote Sensing Symposium},
	title={Target-driven change detection based on data transformation and similarity measures},
	year={2012},
	volume={},
	number={},
	pages={2016-2019},
	ISSN={2153-6996},
	month={July},}

### Zhaomaofan
@article{zou2023transformer,
  title={A Transformer-Based Neural Network with Improved Pyramid Pooling Module for Change Detection in Ecological Redline Monitoring},
  author={Zou, Yunjia and Shen, Ting and Chen, Zhengchao and Chen, Pan and Yang, Xuan and Zan, Luyang},
  journal={Remote Sensing},
  volume={15},
  number={3},
  pages={588},
  year={2023},
  publisher={MDPI}
}
@article{ou2022hyperspectral,
  title={A hyperspectral image change detection framework with self-supervised contrastive learning pretrained model},
  author={Ou, Xianfeng and Liu, Liangzhen and Tan, Shulun and Zhang, Guoyun and Li, Wujing and Tu, Bing},
  journal={IEEE Journal of Selected Topics in Applied Earth Observations and Remote Sensing},
  volume={15},
  pages={7724--7740},
  year={2022},
  publisher={IEEE}
}

@article{wang2021attention,
  title={Attention-based spatial and spectral network with PCA-guided self-supervised feature extraction for change detection in hyperspectral images},
  author={Wang, Zhao and Jiang, Fenlong and Liu, Tongfei and Xie, Fei and Li, Peng},
  journal={Remote Sensing},
  volume={13},
  number={23},
  pages={4927},
  year={2021},
  publisher={MDPI}
}
@inproceedings{yacoob2023change,
  title={Change Detection Based on Ordinal Entropy of Self-Supervised Segmentation},
  author={Yacoob, Yaser},
  booktitle={IGARSS 2023-2023 IEEE International Geoscience and Remote Sensing Symposium},
  pages={5782--5785},
  year={2023},
  organization={IEEE}
}
@article{muhtar2023cmid,
  title={Cmid: A unified self-supervised learning framework for remote sensing image understanding},
  author={Muhtar, Dilxat and Zhang, Xueliang and Xiao, Pengfeng and Li, Zhenshi and Gu, Feng},
  journal={IEEE Transactions on Geoscience and Remote Sensing},
  year={2023},
  publisher={IEEE}
}
@article{huang2023contrastive,
  title={Contrastive self-supervised two-domain residual attention network with random augmentation pool for hyperspectral change detection},
  author={Huang, Yixiang and Zhang, Lifu and Qi, Wenchao and Huang, Changping and Song, Ruoxi},
  journal={Remote Sensing},
  volume={15},
  number={15},
  pages={3739},
  year={2023},
  publisher={MDPI}
}
@article{zheng2024detail,
  title={Detail Enhanced Change Detection in VHR Images Using A Self-Supervised Multi-Scale Hybrid Network},
  author={Zheng, Dalong and Wu, Zebin and Liu, Jia and Hung, Chih-Cheng and Wei, Zhihui},
  journal={IEEE Journal of Selected Topics in Applied Earth Observations and Remote Sensing},
  year={2024},
  publisher={IEEE}
}
@inproceedings{adebayo2023detecting,
  title={Detecting Land Cover Changes between Satellite Image Time Series by Exploiting Self-Supervised Representation Learning Capabilities},
  author={Adebayo, Adebowale Daniel and Pelletier, Charlotte and Lang, Stefan and Valero, Silvia},
  booktitle={IGARSS 2023-2023 IEEE International Geoscience and Remote Sensing Symposium},
  pages={7168--7171},
  year={2023},
  organization={IEEE}
}
@article{feng2023detection,
  title={Detection of Changes in Buildings in Remote Sensing Images via Self-Supervised Contrastive Pre-Training and Historical Geographic Information System Vector Maps},
  author={Feng, Wenqing and Guan, Fangli and Tu, Jihui and Sun, Chenhao and Xu, Wei},
  journal={Remote Sensing},
  volume={15},
  number={24},
  pages={5670},
  year={2023},
  publisher={MDPI}
}
@article{kuzu2024forest,
  title={Forest Disturbance Detection via Self-supervised and Transfer Learning with Sentinel-1\&2 Images},
  author={Kuzu, R{\i}dvan Salih and Antropov, Oleg and Molinier, Matthieu and Dumitru, Corneliu Octavian and Saha, Sudipan and Zhu, Xiao Xiang},
  journal={IEEE Journal of Selected Topics in Applied Earth Observations and Remote Sensing},
  year={2024},
  publisher={IEEE}
}
@inproceedings{cui2023hybrid,
  title={Hybrid Transformer Network for Change Detection Under Self-Supervised Pretraining},
  author={Cui, Yongjing and Zhuang, Yin and Dong, Shan and Zhang, Xinyi and Gao, Peng and Chen, He and Chen, Liang},
  booktitle={IGARSS 2023-2023 IEEE International Geoscience and Remote Sensing Symposium},
  pages={6652--6655},
  year={2023},
  organization={IEEE}
}
@article{qu2023tdsscd,
  title = {{{TD-SSCD}}: {{A Novel Network}} by {{Fusing Temporal}} and {{Differential Information}} for {{Self-Supervised Remote Sensing Image Change Detection}}},
  author = {Qu, Yang and Li, Jiayi and Huang, Xin and Wen, Dawei},
  date = {2023},
  journaltitle = {IEEE Transactions on Geoscience and Remote Sensing},
  volume = {61},
  pages = {1--15},
  doi = {10.1109/TGRS.2023.3319961}
}

@article{zhang2023selfsupervised,
  title = {Self-{{Supervised Pretraining}} via {{Multimodality Images With Transformer}} for {{Change Detection}}},
  author = {Zhang, Yuxiang and Zhao, Yang and Dong, Yanni and Du, Bo},
  date = {2023},
  journaltitle = {IEEE Transactions on Geoscience and Remote Sensing},
  volume = {61},
  pages = {1--11},
  doi = {10.1109/TGRS.2023.3271024}
}

@article{hu2022hypernet,
  title={HyperNet: Self-supervised hyperspectral spatial--spectral feature understanding network for hyperspectral change detection},
  author={Hu, Meiqi and Wu, Chen and Zhang, Liangpei},
  journal={IEEE Transactions on Geoscience and Remote Sensing},
  volume={60},
  pages={1--17},
  year={2022},
  publisher={IEEE}
}
@article{yang2023multicue,
  title={Multicue Contrastive Self-Supervised Learning for Change Detection in Remote Sensing},
  author={Yang, Meijuan and Jiao, Licheng and Liu, Fang and Hou, Biao and Yang, Shuyuan and Zhang, Yake and Wang, Jianlong},
  journal={IEEE Transactions on Geoscience and Remote Sensing},
  volume={61},
  pages={1--14},
  year={2023},
  publisher={IEEE}
}
@article{zong2024multi,
  title={Multi-Scale Self-Supervised SAR Image Change Detection Based on Wavelet Transform},
  author={Zong, He and Zhang, Erlei and Li, Xinyu and Zhang, Hongming},
  journal={IEEE Geoscience and Remote Sensing Letters},
  year={2024},
  publisher={IEEE}
}
@article{zhan2023s,
  title={S 3 Net: Superpixel-Guided Self-Supervised Learning Network for Multitemporal Image Change Detection},
  author={Zhan, Tao and Gong, Maoguo and Jiang, Xiangming and Zhang, Erlei},
  journal={IEEE Geoscience and Remote Sensing Letters},
  year={2023},
  publisher={IEEE}
}
@article{dong2020self,
  title={Self-supervised representation learning for remote sensing image change detection based on temporal prediction},
  author={Dong, Huihui and Ma, Wenping and Wu, Yue and Zhang, Jun and Jiao, Licheng},
  journal={Remote Sensing},
  volume={12},
  number={11},
  pages={1868},
  year={2020},
  publisher={MDPI}
}
@online{ismail2022bldnet,
  title = {{{BLDNet}}: {{A Semi-supervised Change Detection Building Damage Framework}} Using {{Graph Convolutional Networks}} and {{Urban Domain Knowledge}}},
  author = {Ismail, Ali and Awad, Mariette},
  date = {2022-01-25},
  number = {arXiv:2201.10389},
  url = {http://arxiv.org/abs/2201.10389},
  urldate = {2024-05-16},
  pubstate = {preprint}
}

@inproceedings{zheng2023scalable,
  title = {Scalable {{Multi-Temporal Remote Sensing Change Data Generation}} via {{Simulating Stochastic Change Process}}},
  booktitle = {2023 {{IEEE}}/{{CVF International Conference}} on {{Computer Vision}} ({{ICCV}})},
  author = {Zheng, Zhuo and Tian, Shiqi and Ma, Ailong and Zhang, Liangpei and Zhong, Yanfei},
  date = {2023-10-01},
  pages = {21761--21770},
  publisher = {IEEE},
  location = {Paris, France},
  doi = {10.1109/ICCV51070.2023.01994},
  isbn = {9798350307184}
}

@article{quan2023unified,
  title={Unified building change detection pre-training method with masked semantic annotations},
  author={Quan, Yujun and Yu, Anzhu and Guo, Wenyue and Lu, Xuanbei and Jiang, Bingchun and Zheng, Shulei and He, Peipei},
  journal={International Journal of Applied Earth Observation and Geoinformation},
  volume={120},
  pages={103346},
  year={2023},
  publisher={Elsevier}
}
@article{sun2022ringmo,
  title={RingMo: A remote sensing foundation model with masked image modeling},
  author={Sun, Xian and Wang, Peijin and Lu, Wanxuan and Zhu, Zicong and Lu, Xiaonan and He, Qibin and Li, Junxi and Rong, Xuee and Yang, Zhujun and Chang, Hao and others},
  journal={IEEE Transactions on Geoscience and Remote Sensing},
  year={2022},
  publisher={IEEE}
}
@article{chen2021self,
  title={Self-Supervised Change Detection in Multiview Remote Sensing Images},
  author={Chen, Yuxing and Bruzzone, Lorenzo},
  journal={IEEE Transactions on Geoscience and Remote Sensing},
  volume={60},
  pages={1--12},
  year={2021},
  publisher={IEEE}
}
@inproceedings{xiong2024efficientsam,
  title = {{{EfficientSAM}}: {{Leveraged Masked Image Pretraining}} for {{Efficient Segment Anything}}},
  booktitle = {2024 {{IEEE}}/{{CVF Conference}} on {{Computer Vision}} and {{Pattern Recognition}} ({{CVPR}})},
  author = {Xiong, Yunyang and Varadarajan, Bala and Wu, Lemeng and Xiang, Xiaoyu and Xiao, Fanyi and Zhu, Chenchen and Dai, Xiaoliang and Wang, Dilin and Sun, Fei and Iandola, Forrest and Krishnamoorthi, Raghuraman and Chandra, Vikas},
  date = {2024-06-16},
  pages = {16111--16121},
  publisher = {IEEE},
  location = {Seattle, WA, USA},
  doi = {10.1109/CVPR52733.2024.01525},
  isbn = {9798350353006}
}
@online{hu2021lora,
  title = {{{LoRA}}: {{Low-Rank Adaptation}} of {{Large Language Models}}},
  author = {Hu, Edward J. and Shen, Yelong and Wallis, Phillip and Allen-Zhu, Zeyuan and Li, Yuanzhi and Wang, Shean and Wang, Lu and Chen, Weizhu},
  date = {2021-10-16},
  number = {arXiv:2106.09685},
  url = {http://arxiv.org/abs/2106.09685},
  urldate = {2024-10-31},
  pubstate = {prepublished}
}

@article{jiang2023self,
  title={Self-supervised global--local contrastive learning for fine-grained change detection in VHR images},
  author={Jiang, Fenlong and Gong, Maoguo and Zheng, Hanhong and Liu, Tongfei and Zhang, Mingyang and Liu, Jialu},
  journal={IEEE Transactions on Geoscience and Remote Sensing},
  volume={61},
  pages={1--13},
  year={2023},
  publisher={IEEE}
}

@misc{ji2024segment,
  title={Segment anything is not always perfect: An investigation of sam on different real-world applications},
  author={Ji, Wei and Li, Jingjing and Bi, Qi and Liu, Tingwei and Li, Wenbo and Cheng, Li},
  journal = {Machine Intelligence Research},
  volume  = {21},
  number = {4},
  pages = {617--630},
  year={2024},
  doi={10.1007/S11633-023-1385-0},
  publisher={Springer}
}

@article{dong2024changeclip,
  title={ChangeCLIP: Remote sensing change detection with multimodal vision-language representation learning},
  author={Dong, Sijun and Wang, Libo and Du, Bo and Meng, Xiaoliang},
  journal={ISPRS Journal of Photogrammetry and Remote Sensing},
  volume={208},
  pages={53--69},
  year={2024},
  publisher={Elsevier}
}
@article{li2024new,
  title={A new learning paradigm for foundation model-based remote-sensing change detection},
  author={Li, Kaiyu and Cao, Xiangyong and Meng, Deyu},
  journal={IEEE Transactions on Geoscience and Remote Sensing},
  volume={62},
  pages={1--12},
  year={2024},
  publisher={IEEE}
}
@article{wang2023sdcdnet,
  title={SDCDNet: A semi-dual change detection network framework with super-weak label for remote sensing image},
  author={Wang, Jiahao and Liu, Fang and Wang, Hao and Liu, Xu and Jiao, Licheng and Yang, Hua and Li, Lingling and Chen, Puhua},
  journal={IEEE Transactions on Geoscience and Remote Sensing},
  volume={61},
  pages={1--14},
  year={2023},
  publisher={IEEE}
}
@inproceedings{mendieta2023gfm,
  title={Towards geospatial foundation models via continual pretraining},
  author={Mendieta, Mat{\'\i}as and Han, Boran and Shi, Xingjian and Zhu, Yi and Chen, Chen},
  booktitle={Proceedings of the IEEE/CVF International Conference on Computer Vision},
  pages={16806--16816},
  year={2023}
}
@article{zhang2024semi,
  title={Semi-supervised Change Detection with Fourier-based Frequency Transformation},
  author={Zhang, Ze and Jiang, Xue and Zhou, Yue and Liu, Xingzhao},
  journal={IEEE Journal of Selected Topics in Applied Earth Observations and Remote Sensing},
  year={2024},
  publisher={IEEE}
}
@inproceedings{guo2024skysense,
  title={Skysense: A multi-modal remote sensing foundation model towards universal interpretation for earth observation imagery},
  author={Guo, Xin and Lao, Jiangwei and Dang, Bo and Zhang, Yingying and Yu, Lei and Ru, Lixiang and Zhong, Liheng and Huang, Ziyuan and Wu, Kang and Hu, Dingxiang and others},
  booktitle={Proceedings of the IEEE/CVF Conference on Computer Vision and Pattern Recognition},
  pages={27672--27683},
  year={2024}
}
@article{wang2023self,
  title={Self-supervised learning for high-resolution remote sensing images change detection with variational information bottleneck},
  author={Wang, Congcong and Du, Shouhang and Sun, Wenbin and Fan, Deqin},
  journal={IEEE Journal of Selected Topics in Applied Earth Observations and Remote Sensing},
  year={2023},
  publisher={IEEE}
}
@ARTICLE{9538396,
  author={Saha, Sudipan and Ebel, Patrick and Zhu, Xiao Xiang},
  journal={IEEE Transactions on Geoscience and Remote Sensing}, 
  title={Self-Supervised Multisensor Change Detection}, 
  year={2022},
  volume={60},
  number={},
  pages={1-10},
  keywords={Optical sensors;Optical imaging;Training;Earth;Synthetic aperture radar;Deep learning;Spatial resolution;Change detection (CD);deep learning;multisensor analysis;self-supervised learning},
  doi={10.1109/TGRS.2021.3109957}}
@article{zhang2023self,
  title={Self-supervised pre-training via multi-modality images with transformer for change detection},
  author={Zhang, Yuxiang and Zhao, Yang and Dong, Yanni and Du, Bo},
  journal={IEEE Transactions on Geoscience and Remote Sensing},
  year={2023},
  publisher={IEEE}
}
@article{kondmann2023semisiroc,
  title = {{{SemiSiROC}}: {{Semisupervised Change Detection With Optical Imagery}} and an {{Unsupervised Teacher Model}}},
  author = {Kondmann, Lukas and Saha, Sudipan and Zhu, Xiao Xiang},
  date = {2023},
  journaltitle = {IEEE Journal of Selected Topics in Applied Earth Observations and Remote Sensing},
  volume = {16},
  pages = {3879--3891},
  doi = {10.1109/JSTARS.2023.3268104}
}

@inproceedings{noh2022unsupervised,
  title={Unsupervised change detection based on image reconstruction loss},
  author={Noh, Hyeoncheol and Ju, Jingi and Seo, Minseok and Park, Jongchan and Choi, Dong-Geol},
  booktitle={Proceedings of the IEEE/CVF Conference on Computer Vision and Pattern Recognition},
  pages={1352--1361},
  year={2022}
}
@article{zhang2019land,
  title = {Land {{Cover Change Detection}} from {{High-Resolution Remote Sensing Imagery Using Multitemporal Deep Feature Collaborative Learning}} and a {{Semi-supervised Chan}}–{{Vese Model}}},
  author = {Zhang, Xiaokang and Shi, Wenzhong and Lv, Zhiyong and Peng, Feifei},
  date = {2019-11-26},
  journaltitle = {Remote Sensing},
  volume = {11},
  number = {23},
  pages = {2787},
  doi = {10.3390/rs11232787}
}

@article{sun2023semibuildingchange,
  title = {{{SemiBuildingChange}}: {{A Semi-Supervised High-Resolution Remote Sensing Image Building Change Detection Method With}} a {{Pseudo Bitemporal Data Generator}}},
  author = {Sun, Chengzhe and Chen, Hao and Du, Chun and Jing, Ning},
  date = {2023},
  journaltitle = {IEEE Transactions on Geoscience and Remote Sensing},
  volume = {61},
  pages = {1--19},
  doi = {10.1109/TGRS.2023.3321637}
}
@article{hafner2023semisupervised,
  title = {Semi-{{Supervised Urban Change Detection Using Multi-Modal Sentinel-1 SAR}} and {{Sentinel-2 MSI Data}}},
  author = {Hafner, Sebastian and Ban, Yifang and Nascetti, Andrea},
  date = {2023-10-27},
  journaltitle = {Remote Sensing},
  volume = {15},
  number = {21},
  pages = {5135},
  doi = {10.3390/rs15215135}
}
@article{wang2024stcrnet,
  title = {{{STCRNet}}: {{A Semi-Supervised Network Based}} on {{Self-Training}} and {{Consistency Regularization}} for {{Change Detection}} in {{VHR Remote Sensing Images}}},
  author = {Wang, Lukang and Zhang, Min and Shi, Wenzhong},
  date = {2024},
  journaltitle = {IEEE Journal of Selected Topics in Applied Earth Observations and Remote Sensing},
  volume = {17},
  pages = {2272--2282},
  doi = {10.1109/JSTARS.2023.3345017}
}

@article{zhang2022domain,
  title={A domain adaptation neural network for change detection with heterogeneous optical and SAR remote sensing images},
  author={Zhang, Chenxiao and Feng, Yukang and Hu, Lei and Tapete, Deodato and Pan, Li and Liang, Zheheng and Cigna, Francesca and Yue, Peng},
  journal={International Journal of Applied Earth Observation and Geoinformation},
  volume={109},
  pages={102769},
  year={2022},
  publisher={Elsevier}
}

@article{zhang2023joint,
  title = {Joint {{Self-Training}} and {{Rebalanced Consistency Learning}} for {{Semi-Supervised Change Detection}}},
  author = {Zhang, Xueting and Huang, Xin and Li, Jiayi},
  date = {2023},
  journaltitle = {IEEE Transactions on Geoscience and Remote Sensing},
  volume = {61},
  pages = {1--13},
  doi = {10.1109/TGRS.2023.3314452}
}

@article{hou2023deep,
  title = {Deep Collaborative Learning with Class-Rebalancing for Semi-Supervised Change Detection in {{SAR}} Images},
  author = {Hou, Xuan and Bai, Yunpeng and Xie, Yefan and Ge, Huibin and Li, Ying and Shang, Changjing and Shen, Qiang},
  date = {2023-03},
  journaltitle = {Knowledge-Based Systems},
  volume = {264},
  pages = {110281},
  doi = {10.1016/j.knosys.2023.110281}
}

@article{yuan2024dynamically,
  title = {Dynamically {{Updated Semi-Supervised Change Detection Network Combining Cross-Supervision}} and {{Screening Algorithms}}},
  author = {Yuan, Shiying and Zhong, Ruofei and Yang, Cankun and Li, Qingyang and Dong, YaXin},
  date = {2024},
  journaltitle = {IEEE Transactions on Geoscience and Remote Sensing},
  volume = {62},
  pages = {1--14},
  doi = {10.1109/TGRS.2024.3369059}
}

@article{gong2017generative,
  title={Generative adversarial networks for change detection in multispectral imagery},
  author={Gong, Maoguo and Niu, Xudong and Zhang, Puzhao and Li, Zhetao},
  journal={IEEE Geoscience and Remote Sensing Letters},
  volume={14},
  number={12},
  pages={2310--2314},
  year={2017},
  publisher={IEEE}
}

##weakly-supervised

@article{fang2023point,
  title={Point Label Meets Remote Sensing Change Detection: A Consistency-Aligned Regional Growth Network},
  author={Fang, Leyuan and Jiang, Yiqi and Yu, Hongfeng and Zhang, Yingying and Yue, Jun},
  journal={IEEE Transactions on Geoscience and Remote Sensing},
  year={2023},
  publisher={IEEE}
}
@article{qiao2024revolutionizing,
  title={Revolutionizing building damage detection: A novel weakly supervised approach using high-resolution remote sensing images},
  author={Qiao, Wenfan and Shen, Li and Wen, Qi and Wen, Quan and Tang, Shiyang and Li, Zhilin},
  journal={International Journal of Digital Earth},
  volume={17},
  number={1},
  pages={2298245},
  year={2024},
  publisher={Taylor \& Francis}
}
11
@article{daudt2023weakly,
  title={Weakly supervised change detection using guided anisotropic diffusion},
  author={Daudt, Rodrigo Caye and Le Saux, Bertrand and Boulch, Alexandre and Gousseau, Yann},
  journal={Machine Learning},
  volume={112},
  number={6},
  pages={2211--2237},
  year={2023},
  publisher={Springer}
}
@article{lu2020weakly,
  title = {Weakly {{Supervised Change Detection Based}} on {{Edge Mapping}} and {{SDAE Network}} in {{High-Resolution Remote Sensing Images}}},
  author = {Lu, Ning and Chen, Can and Shi, Wenbo and Zhang, Junwei and Ma, Jianfeng},
  date = {2020-11-28},
  journaltitle = {Remote Sensing},
  volume = {12},
  number = {23},
  pages = {3907},
  doi = {10.3390/rs12233907}
}
@inproceedings{zheng2021weakly,
  title = {Weakly {{Supervised Semantic Change Detection}} via {{Label Refinement Framework}}},
  booktitle = {2021 {{IEEE International Geoscience}} and {{Remote Sensing Symposium IGARSS}}},
  author = {Zheng, Zhuo and Liu, Yinhe and Tian, Shiqi and Wang, Junjue and Ma, Ailong and Zhong, Yanfei},
  date = {2021-07-11},
  pages = {2066--2069},
  publisher = {IEEE},
  location = {Brussels, Belgium},
  doi = {10.1109/IGARSS47720.2021.9553768},
  isbn = {978-1-66540-369-6}
}


@article{hong2023cross,
  title={Cross-city matters: A multimodal remote sensing benchmark dataset for cross-city semantic segmentation using high-resolution domain adaptation networks},
  author={Hong, Danfeng and Zhang, Bing and Li, Hao and Li, Yuxuan and Yao, Jing and Li, Chenyu and Werner, Martin and Chanussot, Jocelyn and Zipf, Alexander and Zhu, Xiao Xiang},
  journal={Remote Sensing of Environment},
  volume={299},
  pages={113856},
  year={2023},
  publisher={Elsevier}
}

@article{li2024casformer,
  title={CasFormer: Cascaded transformers for fusion-aware computational hyperspectral imaging},
  author={Li, Chenyu and Zhang, Bing and Hong, Danfeng and Zhou, Jun and Vivone, Gemine and Li, Shutao and Chanussot, Jocelyn},
  journal={Information Fusion},
  volume={108},
  pages={102408},
  year={2024},
  publisher={Elsevier}
}

@article{yao2023extended,
  title={Extended vision transformer (ExViT) for land use and land cover classification: A multimodal deep learning framework},
  author={Yao, Jing and Zhang, Bing and Li, Chenyu and Hong, Danfeng and Chanussot, Jocelyn},
  journal={IEEE Transactions on Geoscience and Remote Sensing},
  year={2023},
  publisher={IEEE}
}

@article{li2023lrr,
  title={LRR-Net: An interpretable deep unfolding network for hyperspectral anomaly detection},
  author={Li, Chenyu and Zhang, Bing and Hong, Danfeng and Yao, Jing and Chanussot, Jocelyn},
  journal={IEEE Transactions on Geoscience and Remote Sensing},
  year={2023},
  publisher={IEEE}
}

@article{Li2024Learning,
  title={Learning Disentangled Priors for Hyperspectral Anomaly Detection: A Coupling Model-driven and Data-driven Paradigm},
  author={Li, Chenyu and Zhang, Bing and Hong, Danfeng and Jia, Xiuping and Plaza, Antonio and Chanussot, Jocelyn},
  journal={IEEE Transactions on Neural Networks and Learning Systems}, 
  note={DOI: 10.1109/TNNLS.2024.3401589},
  year={2024}
}

@article{chen2022fccdn,
  title={FCCDN: Feature constraint network for VHR image change detection},
  author={Chen, Pan and Zhang, Bing and Hong, Danfeng and Chen, Zhengchao and Yang, Xuan and Li, Baipeng},
  journal={ISPRS Journal of Photogrammetry and Remote Sensing},
  volume={187},
  pages={101--119},
  year={2022},
  publisher={Elsevier}
}

@article{hong2018augmented,
  title={An augmented linear mixing model to address spectral variability for hyperspectral unmixing},
  author={Hong, Danfeng and Yokoya, Naoto and Chanussot, Jocelyn and Zhu, Xiao Xiang},
  journal={IEEE Transactions on Image Processing},
  volume={28},
  number={4},
  pages={1923--1938},
  year={2018},
  publisher={IEEE}
}