@article{cai2024towards,
  title={Towards stealthy backdoor attacks against speech recognition via elements of sound},
  author={Cai, Hanbo and Zhang, Pengcheng and Dong, Hai and Xiao, Yan and Koffas, Stefanos and Li, Yiming},
  journal={IEEE Transactions on Information Forensics and Security},
  year={2024},
  publisher={IEEE}
}

@article{chen2017targeted,
  title={Targeted backdoor attacks on deep learning systems using data poisoning},
  author={Chen, Xinyun and Liu, Chang and Li, Bo and Lu, Kimberly and Song, Dawn},
  journal={arXiv preprint arXiv:1712.05526},
  year={2017}
}

@inproceedings{gao2019strip,
  title={Strip: A defence against trojan attacks on deep neural networks},
  author={Gao, Yansong and Xu, Change and Wang, Derui and Chen, Shiping and Ranasinghe, Damith C and Nepal, Surya},
  booktitle={Proceedings of the 35th annual computer security applications conference},
  pages={113--125},
  year={2019}
}

@article{gu2019badnets,
  title={Badnets: Evaluating backdooring attacks on deep neural networks},
  author={Gu, Tianyu and Liu, Kang and Dolan-Gavitt, Brendan and Garg, Siddharth},
  journal={IEEE Access},
  volume={7},
  pages={47230--47244},
  year={2019},
  publisher={IEEE}
}

@article{hamza2022deepfake,
  title={Deepfake audio detection via MFCC features using machine learning},
  author={Hamza, Ameer and Javed, Abdul Rehman Rehman and Iqbal, Farkhund and Kryvinska, Natalia and Almadhor, Ahmad S and Jalil, Zunera and Borghol, Rouba},
  journal={IEEE Access},
  volume={10},
  pages={134018--134028},
  year={2022},
  publisher={IEEE}
}

@article{hu2020dccrn,
  title={DCCRN: Deep complex convolution recurrent network for phase-aware speech enhancement},
  author={Hu, Yanxin and Liu, Yun and Lv, Shubo and Xing, Mengtao and Zhang, Shimin and Fu, Yihui and Wu, Jian and Zhang, Bihong and Xie, Lei},
  journal={arXiv preprint arXiv:2008.00264},
  year={2020}
}

@inproceedings{koffas2022can,
  title={Can you hear it? backdoor attacks via ultrasonic triggers},
  author={Koffas, Stefanos and Xu, Jing and Conti, Mauro and Picek, Stjepan},
  booktitle={Proceedings of the 2022 ACM workshop on wireless security and machine learning},
  pages={57--62},
  year={2022}
}

@inproceedings{koffas2023going,
  title={Going in style: Audio backdoors through stylistic transformations},
  author={Koffas, Stefanos and Pajola, Luca and Picek, Stjepan and Conti, Mauro},
  booktitle={ICASSP 2023-2023 IEEE International Conference on Acoustics, Speech and Signal Processing (ICASSP)},
  pages={1--5},
  year={2023},
  organization={IEEE}
}

@inproceedings{lan2024flowmur,
    author = {J. Lan and J. Wang and B. Yan and Z. Yan and E. Bertino},
    title = {FlowMur: A Stealthy and Practical Audio Backdoor Attack with Limited Knowledge},
    booktitle = {2024 IEEE Symposium on Security and Privacy (SP)},
    pages = {151-151},
    year = {2024}
}

@inproceedings{liu2018fine,
  title={Fine-pruning: Defending against backdooring attacks on deep neural networks},
  author={Liu, Kang and Dolan-Gavitt, Brendan and Garg, Siddharth},
  booktitle={International symposium on research in attacks, intrusions, and defenses},
  pages={273--294},
  year={2018},
  organization={Springer}
}

@inproceedings{liu2022opportunistic,
  title={Opportunistic backdoor attacks: Exploring human-imperceptible vulnerabilities on speech recognition systems},
  author={Liu, Qiang and Zhou, Tongqing and Cai, Zhiping and Tang, Yonghao},
  booktitle={Proceedings of the 30th ACM International Conference on Multimedia},
  pages={2390--2398},
  year={2022}
}

@article{ma2022beatrix,
  title={The" Beatrix''Resurrections: Robust Backdoor Detection via Gram Matrices},
  author={Ma, Wanlun and Wang, Derui and Sun, Ruoxi and Xue, Minhui and Wen, Sheng and Xiang, Yang},
  journal={arXiv preprint arXiv:2209.11715},
  year={2022}
}

@article{nguyen2020input,
  title={Input-aware dynamic backdoor attack},
  author={Nguyen, Tuan Anh and Tran, Anh},
  journal={Advances in Neural Information Processing Systems},
  volume={33},
  pages={3454--3464},
  year={2020}
}

@article{nguyen2021wanet,
  title={Wanet--imperceptible warping-based backdoor attack},
  author={Nguyen, Anh and Tran, Anh},
  journal={arXiv preprint arXiv:2102.10369},
  year={2021}
}

@inproceedings{wang2022bppattack,
  title={Bppattack: Stealthy and efficient trojan attacks against deep neural networks via image quantization and contrastive adversarial learning},
  author={Wang, Zhenting and Zhai, Juan and Ma, Shiqing},
  booktitle={Proceedings of the IEEE/CVF Conference on Computer Vision and Pattern Recognition},
  pages={15074--15084},
  year={2022}
}

@article{wu2023attacks,
  title={Attacks in adversarial machine learning: A systematic survey from the life-cycle perspective},
  author={Wu, Baoyuan and Zhu, Zihao and Liu, Li and Liu, Qingshan and He, Zhaofeng and Lyu, Siwei},
  journal={arXiv preprint arXiv:2302.09457},
  year={2023}
}

@article{yan2023backdoor,
  title={Backdoor attacks against voice recognition systems: A survey},
  author={Yan, Baochen and Lan, Jiahe and Yan, Zheng},
  journal={arXiv preprint arXiv:2307.13643},
  year={2023}
}

