% Journals

% First the Full Name is given, then the abbreviation used in the AMS Math
% Reviews, with an indication if it could not be found there.
% Note the 2nd overwrites the 1st, so swap them if you want the full name.

 %{AMS}
 @String{AMSTrans = "American Mathematical Society Translations" }
 @String{AMSTrans = "Amer. Math. Soc. Transl." }
 @String{BullAMS = "Bulletin of the American Mathematical Society" }
 @String{BullAMS = "Bull. Amer. Math. Soc." }
 @String{ProcAMS = "Proceedings of the American Mathematical Society" }
 @String{ProcAMS = "Proc. Amer. Math. Soc." }
 @String{TransAMS = "Transactions of the American Mathematical Society" }
 @String{TransAMS = "Trans. Amer. Math. Soc." }

 %ACM
 @String{CACM = "Communications of the {ACM}" }
 @String{CACM = "Commun. {ACM}" }
 @String{CompServ = "Comput. Surveys" }
 @String{JACM = "J. ACM" }
 @String{ACMMathSoft = "{ACM} Transactions on Mathematical Software" }
 @String{ACMMathSoft = "{ACM} Trans. Math. Software" }
 @String{SIGNUM = "{ACM} {SIGNUM} Newsletter" }
 @String{SIGNUM = "{ACM} {SIGNUM} Newslett." }

 @String{AmerSocio = "American Journal of Sociology" }
 @String{AmerStatAssoc = "Journal of the American Statistical Association" }
 @String{AmerStatAssoc = "J. Amer. Statist. Assoc." }
 @String{ApplMathComp = "Applied Mathematics and Computation" }
 @String{ApplMathComp = "Appl. Math. Comput." }
 @String{AmerMathMonthly = "American Mathematical Monthly" }
 @String{AmerMathMonthly = "Amer. Math. Monthly" }
 @String{BIT = "{BIT}" }
 @String{BritStatPsych = "British Journal of Mathematical and Statistical
          Psychology" }
 @String{BritStatPsych = "Brit. J. Math. Statist. Psych." }
 @String{CanMathBull = "Canadian Mathematical Bulletin" }
 @String{CanMathBull = "Canad. Math. Bull." }
 @String{CompApplMath = "Journal of Computational and Applied Mathematics" }
 @String{CompApplMath = "J. Comput. Appl. Math." }
 @String{CompPhys = "Journal of Computational Physics" }
 @String{CompPhys = "J. Comput. Phys." }
 @String{CompStruct = "Computers and Structures" }
 @String{CompStruct = "Comput. \& Structures" }
 @String{CompJour = "The Computer Journal" }
 @String{CompJour = "Comput. J." }
 @String{CompSysSci = "Journal of Computer and System Sciences" }
 @String{CompSysSci = "J. Comput. System Sci." }
 @String{Computing = "Computing" }
 @String{ContempMath = "Contemporary Mathematics" }
 @String{ContempMath = "Contemp. Math." }
 @String{Crelle = "Crelle's Journal" }
 @String{GiornaleMath = "Giornale di Mathematiche" }
 @String{GiornaleMath = "Giorn. Mat." } % didn't find in AMS MR., ibid.

 %IEEE
 @String{Computer = "{IEEE} Computer" }
 @String{IEEETransComp = "{IEEE} Transactions on Computers" }
 @String{IEEETransComp = "{IEEE} Trans. Comput." }
 @String{IEEETransAC = "{IEEE} Transactions on Automatic Control" }
 @String{IEEETransAC = "{IEEE} Trans. Automat. Control" }
 @String{IEEESpec = "{IEEE} Spectrum" } % didn't find in AMS MR
 @String{ProcIEEE = "Proceedings of the {IEEE}" }
 @String{ProcIEEE = "Proc. {IEEE}" } % didn't find in AMS MR
 @String{IEEETransAeroElec = "{IEEE} Transactions on Aerospace and Electronic
     Systems" }
 @String{IEEETransAeroElec = "{IEEE} Trans. Aerospace Electron. Systems" }

 @String{IMANumerAna = "{IMA} Journal of Numerical Analysis" }
 @String{IMANumerAna = "{IMA} J. Numer. Anal." }
 @String{InfProcLet = "Information Processing Letters" }
 @String{InfProcLet = "Inform. Process. Lett." }
 @String{InstMathApp = "Journal of the Institute of Mathematics and
     its Applications" }
 @String{InstMathApp = "J. Inst. Math. Appl." }
 @String{IntControl = "International Journal of Control" }
 @String{IntControl = "Internat. J. Control" }
 @String{IntNumerEng = "International Journal for Numerical Methods in
     Engineering" }
 @String{IntNumerEng = "Internat. J. Numer. Methods Engrg." }
 @String{IntSuper = "International Journal of Supercomputing Applications" }
 @String{IntSuper = "Internat. J. Supercomputing Applic." } % didn't find
%% in AMS MR
 @String{Kibernetika = "Kibernetika" }
 @String{JResNatBurStand = "Journal of Research of the National Bureau
     of Standards" }
 @String{JResNatBurStand = "J. Res. Nat. Bur. Standards" }
 @String{LinAlgApp = "Linear Algebra and its Applications" }
 @String{LinAlgApp = "Linear Algebra Appl." }
 @String{MathAnaAppl = "Journal of Mathematical Analysis and Applications" }
 @String{MathAnaAppl = "J. Math. Anal. Appl." }
 @String{MathAnnalen = "Mathematische Annalen" }
 @String{MathAnnalen = "Math. Ann." }
 @String{MathPhys = "Journal of Mathematical Physics" }
 @String{MathPhys = "J. Math. Phys." }
 @String{MathComp = "Mathematics of Computation" }
 @String{MathComp = "Math. Comp." }
 @String{MathScand = "Mathematica Scandinavica" }
 @String{MathScand = "Math. Scand." }
 @String{TablesAidsComp = "Mathematical Tables and Other Aids to Computation" }
 @String{TablesAidsComp = "Math. Tables Aids Comput." }
 @String{NumerMath = "Numerische Mathematik" }
 @String{NumerMath = "Numer. Math." }
 @String{PacificMath = "Pacific Journal of Mathematics" }
 @String{PacificMath = "Pacific J. Math." }
 @String{ParDistComp = "Journal of Parallel and Distributed Computing" }
 @String{ParDistComp = "J. Parallel and Distrib. Comput." } % didn't find
%% in AMS MR
 @String{ParComputing = "Parallel Computing" }
 @String{ParComputing = "Parallel Comput." }
 @String{PhilMag = "Philosophical Magazine" }
 @String{PhilMag = "Philos. Mag." }
 @String{ProcNAS = "Proceedings of the National Academy of Sciences
                    of the USA" }
 @String{ProcNAS = "Proc. Nat. Acad. Sci. U. S. A." }
 @String{Psychometrika = "Psychometrika" }
 @String{QuartMath = "Quarterly Journal of Mathematics, Oxford, Series (2)" }
 @String{QuartMath = "Quart. J. Math. Oxford Ser. (2)" }
 @String{QuartApplMath = "Quarterly of Applied Mathematics" }
 @String{QuartApplMath = "Quart. Appl. Math." }
 @String{RevueInstStat = "Review of the International Statisical Institute" }
 @String{RevueInstStat = "Rev. Inst. Internat. Statist." }

 %SIAM
 @String{JSIAM = "Journal of the Society for Industrial and Applied
     Mathematics" }
 @String{JSIAM = "J. Soc. Indust. Appl. Math." }
 @String{JSIAMB = "Journal of the Society for Industrial and Applied
     Mathematics, Series B, Numerical Analysis" }
 @String{JSIAMB = "J. Soc. Indust. Appl. Math. Ser. B Numer. Anal." }
 @String{SIAMAlgMeth = "{SIAM} Journal on Algebraic and Discrete Methods" }
 @String{SIAMAlgMeth = "{SIAM} J. Algebraic Discrete Methods" }
 @String{SIAMAppMath = "{SIAM} Journal on Applied Mathematics" }
 @String{SIAMAppMath = "{SIAM} J. Appl. Math." }
 @String{SIAMComp = "{SIAM} Journal on Computing" }
 @String{SIAMComp = "{SIAM} J. Comput." }
 @String{SIAMMatrix = "{SIAM} Journal on Matrix Analysis and Applications" }
 @String{SIAMMatrix = "{SIAM} J. Matrix Anal. Appl." }
 @String{SIAMNumAnal = "{SIAM} Journal on Numerical Analysis" }
 @String{SIAMNumAnal = "{SIAM} J. Numer. Anal." }
 @String{SIAMReview = "{SIAM} Review" }
 @String{SIAMReview = "{SIAM} Rev." }
 @String{SIAMSciStat = "{SIAM} Journal on Scientific and Statistical
     Computing" }
 @String{SIAMSciStat = "{SIAM} J. Sci. Statist. Comput." }

 @String{SoftPracExp = "Software Practice and Experience" }
 @String{SoftPracExp = "Software Prac. Experience" } % didn't find in AMS MR
 @String{StatScience = "Statistical Science" }
 @String{StatScience = "Statist. Sci." }
 @String{Techno = "Technometrics" }
 @String{USSRCompMathPhys = "{USSR} Computational Mathematics and Mathematical
     Physics" }
 @String{USSRCompMathPhys = "{U. S. S. R.} Comput. Math. and Math. Phys." }
 @String{VLSICompSys = "Journal of {VLSI} and Computer Systems" }
 @String{VLSICompSys = "J. {VLSI} Comput. Syst." }
 @String{ZAngewMathMech = "Zeitschrift fur Angewandte Mathematik und
     Mechanik" }
 @String{ZAngewMathMech = "Z. Angew. Math. Mech." }
 @String{ZAngewMathPhys = "Zeitschrift fur Angewandte Mathematik und Physik" }
 @String{ZAngewMathPhys = "Z. Angew. Math. Phys." }

% Publishers % ================================================= |

 @String{Academic = "Academic Press" }
 @String{ACMPress = "{ACM} Press" }
 @String{AdamHilger = "Adam Hilger" }
 @String{AddisonWesley = "Addison-Wesley" }
 @String{AllynBacon = "Allyn and Bacon" }
 @String{AMS = "American Mathematical Society" }
 @String{Birkhauser = "Birkha{\"u}ser" }
 @String{CambridgePress = "Cambridge University Press" }
 @String{Chelsea = "Chelsea" }
 @String{ClaredonPress = "Claredon Press" }
 @String{DoverPub = "Dover Publications" }
 @String{Eyolles = "Eyolles" }
 @String{HoltRinehartWinston = "Holt, Rinehart and Winston" }
 @String{Interscience = "Interscience" }
 @String{JohnsHopkinsPress = "The Johns Hopkins University Press" }
 @String{JohnWileySons = "John Wiley and Sons" }
 @String{Macmillan = "Macmillan" }
 @String{MathWorks = "The Math Works Inc." }
 @String{McGrawHill = "McGraw-Hill" }
 @String{NatBurStd = "National Bureau of Standards" }
 @String{NorthHolland = "North-Holland" }
 @String{OxfordPress = "Oxford University Press" }  %address Oxford or London?
 @String{PergamonPress = "Pergamon Press" }
 @String{PlenumPress = "Plenum Press" }
 @String{PrenticeHall = "Prentice-Hall" }
 @String{SIAMPub = "{SIAM} Publications" }
 @String{Springer = "Springer-Verlag" }
 @String{TexasPress = "University of Texas Press" }
 @String{VanNostrand = "Van Nostrand" }
 @String{WHFreeman = "W. H. Freeman and Co." }

@inproceedings{taigman2014deepface,
  title={Deepface: Closing the gap to human-level performance in face verification},
  author={Taigman, Yaniv and Yang, Ming and Ranzato, Marc'Aurelio and Wolf, Lior},
  booktitle={Proceedings of the IEEE conference on computer vision and pattern recognition},
  pages={1701--1708},
  year={2014}
}
@article{parmar2014face,
  title={Face recognition methods \& applications},
  author={Parmar, Divyarajsinh N and Mehta, Brijesh B},
  journal={arXiv preprint arXiv:1403.0485},
  year={2014}
}
@inproceedings{ibrahim2011study,
  title={Study of automated face recognition system for office door access control application},
  author={Ibrahim, Ratnawati and Zin, Zalhan Mohd},
  booktitle={2011 IEEE 3rd International Conference on Communication Software and Networks},
  pages={132--136},
  year={2011},
  organization={IEEE}
}
@inproceedings{caesar2020nuscenes,
  title={nuscenes: A multimodal dataset for autonomous driving},
  author={Caesar, Holger and Bankiti, Varun and Lang, Alex H and Vora, Sourabh and Liong, Venice Erin and Xu, Qiang and Krishnan, Anush and Pan, Yu and Baldan, Giancarlo and Beijbom, Oscar},
  booktitle={Proceedings of the IEEE/CVF conference on computer vision and pattern recognition},
  pages={11621--11631},
  year={2020}
}
@article{yurtsever2020survey,
  title={A survey of autonomous driving: Common practices and emerging technologies},
  author={Yurtsever, Ekim and Lambert, Jacob and Carballo, Alexander and Takeda, Kazuya},
  journal={IEEE access},
  volume={8},
  pages={58443--58469},
  year={2020},
  publisher={IEEE}
}
@article{abdel2014convolutional,
  title={Convolutional neural networks for speech recognition},
  author={Abdel-Hamid, Ossama and Mohamed, Abdel-rahman and Jiang, Hui and Deng, Li and Penn, Gerald and Yu, Dong},
  journal={IEEE/ACM Transactions on audio, speech, and language processing},
  volume={22},
  number={10},
  pages={1533--1545},
  year={2014},
  publisher={IEEE}
}
@article{malik2021automatic,
  title={Automatic speech recognition: a survey},
  author={Malik, Mishaim and Malik, Muhammad Kamran and Mehmood, Khawar and Makhdoom, Imran},
  journal={Multimedia Tools and Applications},
  volume={80},
  pages={9411--9457},
  year={2021},
  publisher={Springer}
}
@article{gu2019badnets,
  title={Badnets: Evaluating backdooring attacks on deep neural networks},
  author={Gu, Tianyu and Liu, Kang and Dolan-Gavitt, Brendan and Garg, Siddharth},
  journal={IEEE Access},
  volume={7},
  pages={47230--47244},
  year={2019},
  publisher={IEEE}
}
@inproceedings{liu2018fine,
  title={Fine-pruning: Defending against backdooring attacks on deep neural networks},
  author={Liu, Kang and Dolan-Gavitt, Brendan and Garg, Siddharth},
  booktitle={International symposium on research in attacks, intrusions, and defenses},
  pages={273--294},
  year={2018},
  organization={Springer}
}
@inproceedings{gao2019strip,
  title={Strip: A defence against trojan attacks on deep neural networks},
  author={Gao, Yansong and Xu, Change and Wang, Derui and Chen, Shiping and Ranasinghe, Damith C and Nepal, Surya},
  booktitle={Proceedings of the 35th annual computer security applications conference},
  pages={113--125},
  year={2019}
}
@article{ma2022beatrix,
  title={The" Beatrix''Resurrections: Robust Backdoor Detection via Gram Matrices},
  author={Ma, Wanlun and Wang, Derui and Sun, Ruoxi and Xue, Minhui and Wen, Sheng and Xiang, Yang},
  journal={arXiv preprint arXiv:2209.11715},
  year={2022}
}
@article{li2024magnitude,
  title={Magnitude-based Neuron Pruning for Backdoor Defens},
  author={Li, Nan and Jiang, Haoyu and Yi, Ping},
  journal={arXiv preprint arXiv:2405.17750},
  year={2024}
}
@article{wu2023defenses,
  title={Defenses in adversarial machine learning: A survey},
  author={Wu, Baoyuan and Wei, Shaokui and Zhu, Mingli and Zheng, Meixi and Zhu, Zihao and Zhang, Mingda and Chen, Hongrui and Yuan, Danni and Liu, Li and Liu, Qingshan},
  journal={arXiv preprint arXiv:2312.08890},
  year={2023}
}
@inproceedings{zhao2022penalizing,
  title={Penalizing gradient norm for efficiently improving generalization in deep learning},
  author={Zhao, Yang and Zhang, Hao and Hu, Xiuyuan},
  booktitle={International Conference on Machine Learning},
  pages={26982--26992},
  year={2022},
  organization={PMLR}
}
@article{wu2023attacks,
  title={Attacks in adversarial machine learning: A systematic survey from the life-cycle perspective},
  author={Wu, Baoyuan and Zhu, Zihao and Liu, Li and Liu, Qingshan and He, Zhaofeng and Lyu, Siwei},
  journal={arXiv preprint arXiv:2302.09457},
  year={2023}
}
@article{chen2017targeted,
  title={Targeted backdoor attacks on deep learning systems using data poisoning},
  author={Chen, Xinyun and Liu, Chang and Li, Bo and Lu, Kimberly and Song, Dawn},
  journal={arXiv preprint arXiv:1712.05526},
  year={2017}
}
@inproceedings{koffas2022can,
  title={Can you hear it? backdoor attacks via ultrasonic triggers},
  author={Koffas, Stefanos and Xu, Jing and Conti, Mauro and Picek, Stjepan},
  booktitle={Proceedings of the 2022 ACM workshop on wireless security and machine learning},
  pages={57--62},
  year={2022}
}
@inproceedings{liu2022opportunistic,
  title={Opportunistic backdoor attacks: Exploring human-imperceptible vulnerabilities on speech recognition systems},
  author={Liu, Qiang and Zhou, Tongqing and Cai, Zhiping and Tang, Yonghao},
  booktitle={Proceedings of the 30th ACM International Conference on Multimedia},
  pages={2390--2398},
  year={2022}
}
@inproceedings{shi2022audio,
  title={Audio-domain position-independent backdoor attack via unnoticeable triggers},
  author={Shi, Cong and Zhang, Tianfang and Li, Zhuohang and Phan, Huy and Zhao, Tianming and Wang, Yan and Liu, Jian and Yuan, Bo and Chen, Yingying},
  booktitle={Proceedings of the 28th Annual International Conference on Mobile Computing And Networking},
  pages={583--595},
  year={2022}
}
@inproceedings{koffas2023going,
  title={Going in style: Audio backdoors through stylistic transformations},
  author={Koffas, Stefanos and Pajola, Luca and Picek, Stjepan and Conti, Mauro},
  booktitle={ICASSP 2023-2023 IEEE International Conference on Acoustics, Speech and Signal Processing (ICASSP)},
  pages={1--5},
  year={2023},
  organization={IEEE}
}
@article{cai2024towards,
  title={Towards stealthy backdoor attacks against speech recognition via elements of sound},
  author={Cai, Hanbo and Zhang, Pengcheng and Dong, Hai and Xiao, Yan and Koffas, Stefanos and Li, Yiming},
  journal={IEEE Transactions on Information Forensics and Security},
  year={2024},
  publisher={IEEE}
}
@inproceedings{lan2024flowmur,
    author = {J. Lan and J. Wang and B. Yan and Z. Yan and E. Bertino},
    title = {FlowMur: A Stealthy and Practical Audio Backdoor Attack with Limited Knowledge},
    booktitle = {2024 IEEE Symposium on Security and Privacy (SP)},
    pages = {151-151},
    year = {2024}
}
@inproceedings{carlini2016hidden,
  title={Hidden voice commands},
  author={Carlini, Nicholas and Mishra, Pratyush and Vaidya, Tavish and Zhang, Yuankai and Sherr, Micah and Shields, Clay and Wagner, David and Zhou, Wenchao},
  booktitle={25th USENIX security symposium (USENIX security 16)},
  pages={513--530},
  year={2016}
}
@article{yan2023backdoor,
  title={Backdoor attacks against voice recognition systems: A survey},
  author={Yan, Baochen and Lan, Jiahe and Yan, Zheng},
  journal={arXiv preprint arXiv:2307.13643},
  year={2023}
}
@article{hu2020dccrn,
  title={DCCRN: Deep complex convolution recurrent network for phase-aware speech enhancement},
  author={Hu, Yanxin and Liu, Yun and Lv, Shubo and Xing, Mengtao and Zhang, Shimin and Fu, Yihui and Wu, Jian and Zhang, Bihong and Xie, Lei},
  journal={arXiv preprint arXiv:2008.00264},
  year={2020}
}
@article{hamza2022deepfake,
  title={Deepfake audio detection via MFCC features using machine learning},
  author={Hamza, Ameer and Javed, Abdul Rehman Rehman and Iqbal, Farkhund and Kryvinska, Natalia and Almadhor, Ahmad S and Jalil, Zunera and Borghol, Rouba},
  journal={IEEE Access},
  volume={10},
  pages={134018--134028},
  year={2022},
  publisher={IEEE}
}
@article{gupta2013feature,
  title={Feature extraction using MFCC},
  author={Gupta, Shikha and Jaafar, Jafreezal and Ahmad, WF Wan and Bansal, Arpit},
  journal={Signal \& Image Processing: An International Journal},
  volume={4},
  number={4},
  pages={101--108},
  year={2013}
}
@article{strang1999discrete,
  title={The discrete cosine transform},
  author={Strang, Gilbert},
  journal={SIAM review},
  volume={41},
  number={1},
  pages={135--147},
  year={1999},
  publisher={SIAM}
}
@inproceedings{he2016deep,
  title={Deep residual learning for image recognition},
  author={He, Kaiming and Zhang, Xiangyu and Ren, Shaoqing and Sun, Jian},
  booktitle={Proceedings of the IEEE conference on computer vision and pattern recognition},
  pages={770--778},
  year={2016}
}
@article{warden2018speech,
  title={Speech commands: A dataset for limited-vocabulary speech recognition},
  author={Warden, Pete},
  journal={arXiv preprint arXiv:1804.03209},
  year={2018}
}
@article{hochreiter1997long,
  title={Long short-term memory},
  author={Hochreiter, Sepp and Schmidhuber, J{\"u}rgen},
  journal={Neural computation},
  volume={9},
  number={8},
  pages={1735--1780},
  year={1997},
  publisher={MIT press}
}
@article{van2008visualizing,
  title={Visualizing data using t-SNE.},
  author={Van der Maaten, Laurens and Hinton, Geoffrey},
  journal={Journal of machine learning research},
  volume={9},
  number={11},
  year={2008}
}


@article{huang2022backdoor,
  title={Backdoor defense via decoupling the training process},
  author={Huang, Kunzhe and Li, Yiming and Wu, Baoyuan and Qin, Zhan and Ren, Kui},
  journal={arXiv preprint arXiv:2202.03423},
  year={2022}
}

@article{li2021anti,
  title={Anti-backdoor learning: Training clean models on poisoned data},
  author={Li, Yige and Lyu, Xixiang and Koren, Nodens and Lyu, Lingjuan and Li, Bo and Ma, Xingjun},
  journal={Advances in Neural Information Processing Systems},
  volume={34},
  pages={14900--14912},
  year={2021}
}

@article{wu2021adversarial,
  title={Adversarial neuron pruning purifies backdoored deep models},
  author={Wu, Dongxian and Wang, Yisen},
  journal={Advances in Neural Information Processing Systems},
  volume={34},
  pages={16913--16925},
  year={2021}
}
@inproceedings{li2023reconstructive,
  title={Reconstructive neuron pruning for backdoor defense},
  author={Li, Yige and Lyu, Xixiang and Ma, Xingjun and Koren, Nodens and Lyu, Lingjuan and Li, Bo and Jiang, Yu-Gang},
  booktitle={International Conference on Machine Learning},
  pages={19837--19854},
  year={2023},
  organization={PMLR}
}
@article{nguyen2020input,
  title={Input-aware dynamic backdoor attack},
  author={Nguyen, Tuan Anh and Tran, Anh},
  journal={Advances in Neural Information Processing Systems},
  volume={33},
  pages={3454--3464},
  year={2020}
}
@article{nguyen2021wanet,
  title={Wanet--imperceptible warping-based backdoor attack},
  author={Nguyen, Anh and Tran, Anh},
  journal={arXiv preprint arXiv:2102.10369},
  year={2021}
}
@inproceedings{wang2022bppattack,
  title={Bppattack: Stealthy and efficient trojan attacks against deep neural networks via image quantization and contrastive adversarial learning},
  author={Wang, Zhenting and Zhai, Juan and Ma, Shiqing},
  booktitle={Proceedings of the IEEE/CVF Conference on Computer Vision and Pattern Recognition},
  pages={15074--15084},
  year={2022}
}
@inproceedings{samizade2020adversarial,
  title={Adversarial example detection by classification for deep speech recognition},
  author={Samizade, Saeid and Tan, Zheng-Hua and Shen, Chao and Guan, Xiaohong},
  booktitle={ICASSP 2020-2020 IEEE International Conference on Acoustics, Speech and Signal Processing (ICASSP)},
  pages={3102--3106},
  year={2020},
  organization={IEEE}
}
@article{wu2017introduction,
  title={Introduction to convolutional neural networks},
  author={Wu, Jianxin},
  journal={National Key Lab for Novel Software Technology. Nanjing University. China},
  volume={5},
  number={23},
  pages={495},
  year={2017}
}

@article{berg2021keyword,
  title={Keyword transformer: A self-attention model for keyword spotting},
  author={Berg, Axel and O'Connor, Mark and Cruz, Miguel Tairum},
  journal={arXiv preprint arXiv:2104.00769},
  year={2021}
}

@article{gazneli2022end,
  title={End-to-end audio strikes back: Boosting augmentations towards an efficient audio classification network},
  author={Gazneli, Avi and Zimerman, Gadi and Ridnik, Tal and Sharir, Gilad and Noy, Asaf},
  journal={arXiv preprint arXiv:2204.11479},
  year={2022}
}