@misc{b1,
  title={Probabilistic theory of mean field games with applications. I, volume 83 of Probability Theory and Stochastic Modelling},
  author={Carmona, Ren{\'e} and Delarue, Fran{\c{c}}ois},
  year={2018},
  publisher={Springer, Cham}
}

@article{b12,
  title={Mean field games},
  author={Lasry, Jean-Michel and Lions, Pierre-Louis},
  journal={Japanese journal of mathematics},
  volume={2},
  number={1},
  pages={229--260},
  year={2007},
  publisher={Springer}
}

@article{b24,
  title={On the existence of classical solutions for stationary extended mean field games},
  author={Gomes, D. A. and Patrizi, S. and Voskanyan, V.},
  journal={Nonlinear Analysis: Theory, Methods \& Applications},
  volume={99},
  pages={49--79},
  year={2014},
  publisher={Elsevier}
}

@article{b25,
  title={Mean field games with common noise},
  author={Carmona, R. and Delarue, F. and Lacker, D.},
  year={2016}
}

@article{b26,
  title={A probabilistic approach to mean field games with major and minor players},
  author={Carmona, R. and Zhu, X.},
  year={2016}
}

@article{huang2006large,
  title={Large population stochastic dynamic games: closed-loop McKean-Vlasov systems and the Nash certainty equivalence principle},
  author={Huang, M. and Malham{\'e}, R. P. and Caines, P. E.},
  journal={Communications in Information and Systems},
  volume={6},
  number={3},
  pages={221--252},
  year={2006},
  publisher={International Press of Boston}
}

@article{huang2010large,
  title={Large-population LQG games involving a major player: the Nash certainty equivalence principle},
  author={Huang, M.},
  journal={SIAM Journal on Control and Optimization},
  volume={48},
  number={5},
  pages={3318--3353},
  year={2010},
  publisher={SIAM}
}

