@inproceedings{zhang2008improved,
  title={Improved {N}ystr{\"o}m low-rank approximation and error analysis},
  author={Zhang, K. and Tsang, I. W. and Kwok, J. T.},
  booktitle={Proceedings of the 25th international conference on Machine learning},
  pages={1232--1239},
  year={2008}
 }
  
@book{gersho2012vector,
  title={Vector quantization and signal compression},
  author={Gersho, A. and Gray, R. M.},
  volume={159},
  year={2012},
  publisher={Springer Science \& Business Media}
}

@article{fowlkes2004spectral,
  title={Spectral grouping using the {N}ystr{\"o}m method},
  author={Fowlkes, C. and Belongie, S. and Chung, F. and Malik, J.},
  journal={IEEE transactions on pattern analysis and machine intelligence},
  volume={26},
  number={2},
  pages={214--225},
  year={2004},
  publisher={IEEE}
}

@article{ferreira2020two,
  title={Two-scale homogenization of a stationary mean-field game},
  author={Ferreira, R. and Gomes, D. and Yang, X.},
  journal={ESAIM: Control, Optimisation and Calculus of Variations},
  volume={26},
  pages={17},
  year={2020},
  publisher={EDP Sciences}
}

@article{chen2021solving,
  title={Solving and learning nonlinear {PDE}s with {G}aussian processes},
  author={Chen, Y. and Hosseini, B. and Owhadi, H. and Stuart, A. M.},
  journal={Journal of Computational Physics},
  year={2021}
}

@article{almulla2017two,
  title={Two numerical approaches to stationary mean-field games},
  author={Almulla, N. and Ferreira, R. and Gomes, D.},
  journal={Dynamic Games and Applications},
  volume={7},
  number={4},
  pages={657--682},
  year={2017},
  publisher={Springer}
}

@article{lauriere2021numerical,
  title={Numerical Methods for Mean Field Games and Mean Field Type Control},
  author={Lauri{\`e}re, M.},
  journal={arXiv preprint arXiv:2106.06231},
  year={2021}
}

@article{achdou2020mean,
  title={Mean field games and applications: Numerical aspects},
  author={Achdou, Y. and Lauri{\`e}re, M.},
  journal={Mean Field Games},
  pages={249--307},
  year={2020},
  publisher={Springer}
}

@article{achdou2010mean,
  title={Mean field games: numerical methods},
  author={Achdou, Y. and Capuzzo-Dolcetta, I.},
  journal={SIAM Journal on Numerical Analysis},
  volume={48},
  number={3},
  pages={1136--1162},
  year={2010},
  publisher={SIAM}
}

@article{achdou2012mean,
  title={Mean field games: numerical methods for the planning problem},
  author={Achdou, Y. and Camilli, F. and Capuzzo-Dolcetta, I.},
  journal={SIAM Journal on Control and Optimization},
  volume={50},
  number={1},
  pages={77--109},
  year={2012},
  publisher={SIAM}
}

@article{achdou2012iterative,
  title={Iterative strategies for solving linearized discrete mean field games systems},
  author={Achdou, Y. and Perez, V.},
  journal={Networks and Heterogeneous Media},
  volume={7},
  number={2},
  pages={197},
  year={2012},
  publisher={American Institute of Mathematical Sciences}
}

@incollection{achdou2013finite,
  title={Finite difference methods for mean field games},
  author={Achdou, Y.},
  booktitle={Hamilton-Jacobi equations: approximations, numerical analysis and applications},
  pages={1--47},
  year={2013},
  publisher={Springer}
}

@incollection{achdou2019mean,
  title={Mean field games for modeling crowd motion},
  author={Achdou, Y. and Lasry, J.-M.},
  booktitle={Contributions to partial differential equations and applications},
  pages={17--42},
  year={2019},
  publisher={Springer}
}

@article{AchdouZaid2020,
  title={Mean field games of controls: Finite difference approximations},
  author={Achdou, Y. and Kobeissi, Z.},
  journal={arXiv preprint arXiv:2003.03968},
  year={2020}
}


@article{gomes2021numerical,
  title={Numerical methods for finite-state mean-field games satisfying a monotonicity condition},
  author={Gomes, D. and Sa{\'u}de, J.},
  journal={Applied Mathematics and Optimization},
  volume={83},
  number={1},
  pages={51--82},
  year={2021},
  publisher={Springer}
}

@article{gomes2020hessian,
  title={The {H}essian {R}iemannian flow and {N}ewton's method for effective {H}amiltonians and {M}ather measures},
  author={Gomes, D. and Yang, X.},
  journal={ESAIM: Mathematical Modelling and Numerical Analysis},
  volume={54},
  number={6},
  pages={1883--1915},
  year={2020},
  publisher={EDP Sciences}
}

@article{carlini2014semi,
  title={A semi-Lagrangian scheme for a degenerate second order mean field game system},
  author={Carlini, E. and Silva, F.},
  journal={arXiv preprint arXiv:1404.5932},
  year={2014}
}

@article{camilli2012semi,
  title={A semi-discrete in time approximation for a model 1st order-finite horizon mean field game problem},
  author={Camilli, F. and Silva, F.},
  journal={Networks and heterogeneous media},
  volume={7},
  number={2},
  pages={263--277},
  year={2012}
}

@article{carlini2014fully,
  title={A fully discrete semi-Lagrangian scheme for a first order mean field game problem},
  author={Carlini, E. and Silva, F.},
  journal={SIAM Journal on Numerical Analysis},
  volume={52},
  number={1},
  pages={45--67},
  year={2014},
  publisher={SIAM}
}

@article{briceno2018proximal,
  title={Proximal methods for stationary mean field games with local couplings},
  author={Briceno-Arias, L. M. and Kalise, D. and Silva, F.},
  journal={SIAM Journal on Control and Optimization},
  volume={56},
  number={2},
  pages={801--836},
  year={2018},
  publisher={SIAM}
}

@article{briceno2019implementation,
  title={On the implementation of a primal-dual algorithm for second order time-dependent mean field games with local couplings},
  author={Brice{\~n}o-Arias, L. M. and Kalise, D. and Kobeissi, Z. and Lauri{\`e}re, M. and Gonz{\'a}lez, A. M. and Silva, F.},
  journal={ESAIM: Proceedings and Surveys},
  volume={65},
  pages={330--348},
  year={2019},
  publisher={EDP Sciences}
}

@inproceedings{tompkins2020periodic,
  title={Periodic Kernel Approximation by Index Set {F}ourier Series Features},
  author={Tompkins, A. and Ramos, F.},
  booktitle={Uncertainty in Artificial Intelligence},
  pages={486--496},
  year={2020},
  organization={PMLR}
}

@article{lasry2007mean,
  title={Mean field games},
  author={Lasry, J.-M. and Lions, P.-L.},
  journal={Japanese journal of mathematics},
  volume={2},
  number={1},
  pages={229--260},
  year={2007},
  publisher={Springer}
}

@article{benamou2015augmented,
  title={Augmented Lagrangian methods for transport optimization, mean field games and degenerate elliptic equations},
  author={Benamou, J.-D. and Carlier, G.},
  journal={Journal of Optimization Theory and Applications},
  volume={167},
  number={1},
  pages={1--26},
  year={2015},
  publisher={Springer}
}

@article{nurbekyan2019fourier,
  title={Fourier approximation methods for first-order nonlocal mean-field games},
  author={Nurbekyan, L. and J. Sa{\'u}de},
  journal={Portugaliae Mathematica},
  volume={75},
  number={3},
  pages={367--396},
  year={2019}
}

@article{liu2020splitting,
  title={Splitting methods for a class of non-potential mean field games},
  author={Liu, S. and Nurbekyan, L.},
  journal={Journal of Dynamics and Games, 2020},
  year={2020}
}

@article{liu2021computational,
  title={Computational Methods for First-Order Nonlocal Mean Field Games with Applications},
  author={Liu, S. and Jacobs, M. and Li, W. and Nurbekyan, L. and Osher, S. J.},
  journal={SIAM Journal on Numerical Analysis},
  volume={59},
  number={5},
  pages={2639--2668},
  year={2021},
  publisher={SIAM}
}

@article{carmona2021convergence,
  title={Convergence Analysis of Machine Learning Algorithms for the Numerical Solution of Mean Field Control and Games {I}: The Ergodic Case},
  author={Carmona, R. and Lauri{\`e}re, M.},
  journal={SIAM Journal on Numerical Analysis},
  volume={59},
  number={3},
  pages={1455--1485},
  year={2021},
  publisher={SIAM}
}

@article{carmona2019convergence,
  title={Convergence Analysis of Machine Learning Algorithms for the Numerical Solution of Mean Field Control and Games: {II}--The Finite Horizon Case},
  author={Carmona, R. and Lauri{\`e}re, M.},
  journal={accepted in Annals of Applied Probability},
  year={2021}
}

@article{ruthotto2020machine,
  title={A machine learning framework for solving high-dimensional mean field game and mean field control problems},
  author={Ruthotto, L. and Osher, S. J. and Li, W. and Nurbekyan, L. and Fung, S. W.},
  journal={Proceedings of the National Academy of Sciences},
  volume={117},
  number={17},
  pages={9183--9193},
  year={2020},
  publisher={National Acad Sciences}
}

@article{lin2020apac,
  title={Alternating the population and control neural networks to solve high-dimensional stochastic mean-field games},
  author={Lin, A. T. and Fung, S. W. and Li, W. and Nurbekyan, L. and Osher, S. J.},
  journal={Proceedings of the National Academy of Sciences},
  volume={118},
  number={31},
  year={2021},
  publisher={National Acad Sciences}
}

@article{carmona2021deep,
  title={Deep Learning for Mean Field Games and Mean Field Control with Applications to Finance},
  author={Carmona, R. and Lauri{\`e}re, M.},
  journal={arXiv preprint arXiv:2107.04568},
  year={2021}
}

@article{lasry2006jeux1,
  title={Jeux {\`a} champ moyen. {I}--le cas stationnaire},
  author={Lasry, J.-M. and Lions, P.-L.},
  journal={Comptes Rendus Math{\'e}matique},
  volume={343},
  number={9},
  pages={619--625},
  year={2006},
  publisher={Elsevier}
}

@article{lasry2006jeux,
  title={Jeux {\`a} champ moyen. {II}--Horizon fini et contr{\^o}le optimal},
  author={Lasry, J.-M. and Lions, P.-L.},
  journal={Comptes Rendus Math{\'e}matique},
  volume={343},
  number={10},
  pages={679--684},
  year={2006},
  publisher={Elsevier}
}

@article{huang2007large,
  title={Large-population cost-coupled LQG problems with nonuniform agents: individual-mass behavior and decentralized {$\epsilon$}-Nash equilibria},
  author={Huang, M. and Caines, P. E. and Malham{\'e}, R. P.},
  journal={IEEE transactions on automatic control},
  volume={52},
  number={9},
  pages={1560--1571},
  year={2007},
  publisher={IEEE}
}

@article{huang2006large,
  title={Large population stochastic dynamic games: closed-loop McKean-Vlasov systems and the Nash certainty equivalence principle},
  author={Huang, M. and Malham{\'e}, R. P. and Caines, P. E.},
  journal={Communications in Information and Systems},
  volume={6},
  number={3},
  pages={221--252},
  year={2006},
  publisher={International Press of Boston}
}

@incollection{gueant2011mean,
  title={Mean field games and applications},
  author={Gu{\'e}ant, O. and Lasry, J.-M. and Lions, P.-L.},
  booktitle={Paris-Princeton lectures on mathematical finance 2010},
  pages={205--266},
  year={2011},
  publisher={Springer}
}

@article{achdou2014partial,
  title={Partial differential equation models in macroeconomics},
  author={Achdou, Y. and Buera, F. J. and Lasry, J.-M. and Lions, P.-L. and Moll, B.},
  journal={Philosophical Transactions of the Royal Society A: Mathematical, Physical and Engineering Sciences},
  volume={372},
  number={2028},
  pages={20130397},
  year={2014},
  publisher={The Royal Society Publishing}
}

@article{gomes2015economic,
  title={Economic models and mean-field games theory},
  author={Gomes, D. and Nurbekyan, L. and Pimentel, E.},
  journal={Publicaoes Matematicas, IMPA, Rio, Brazil},
  year={2015}
}

@techreport{achdou2017income,
  title={Income and wealth distribution in macroeconomics: A continuous-time approach},
  author={Achdou, Y. and Han, J. and Lasry, J.-M. and Lions, P.-L. and Moll, B.},
  year={2017},
  institution={National Bureau of Economic Research}
}

@article{lachapelle2016efficiency,
  title={Efficiency of the price formation process in presence of high frequency participants: a mean field game analysis},
  author={Lachapelle, A. and Lasry, J.-M. and Lehalle, C.-A. and Lions, P.-L.},
  journal={Mathematics and Financial Economics},
  volume={10},
  number={3},
  pages={223--262},
  year={2016},
  publisher={Springer}
}

@article{cardaliaguet2018mean,
  title={Mean field game of controls and an application to trade crowding},
  author={Cardaliaguet, P. and Lehalle, C.-A.},
  journal={Mathematics and Financial Economics},
  volume={12},
  number={3},
  pages={335--363},
  year={2018},
  publisher={Springer}
}

@article{casgrain2019algorithmic,
  title={Algorithmic trading in competitive markets with mean field games},
  author={Casgrain, P. and Jaimungal, S.},
  journal={SIAM News},
  volume={52},
  number={2},
  pages={1--2},
  year={2019}
}

@inproceedings{firoozi2017optimal,
  title={An optimal execution problem in finance targeting the market trading speed: An MFG formulation},
  author={Firoozi, D. and Caines, P. E.},
  booktitle={2017 IEEE 56th Annual Conference on Decision and Control (CDC)},
  pages={7--14},
  year={2017},
  organization={IEEE}
}

@article{lachapelle2011mean,
  title={On a mean field game approach modeling congestion and aversion in pedestrian crowds},
  author={Lachapelle, A. and Wolfram, M.-T.},
  journal={Transportation research part B: methodological},
  volume={45},
  number={10},
  pages={1572--1589},
  year={2011},
  publisher={Elsevier}
}

@article{burger2013mean,
  title={Mean field games with nonlinear mobilities in pedestrian dynamics},
  author={Burger, M. and Francesco, M. D. and Markowich, P. and Wolfram, M.-T.},
  journal={arXiv preprint arXiv:1304.5201},
  year={2013}
}

@article{aurell2018mean,
  title={Mean-field type modeling of nonlocal crowd aversion in pedestrian crowd dynamics},
  author={Aurell, A. and Djehiche, B.},
  journal={SIAM Journal on Control and Optimization},
  volume={56},
  number={1},
  pages={434--455},
  year={2018},
  publisher={SIAM}
}

@article{kizilkale2019integral,
  title={An integral control formulation of mean field game based large scale coordination of loads in smart grids},
  author={Kizilkale, A. C. and Salhab, R. and Malham{\'e}, R. P.},
  journal={Automatica},
  volume={100},
  pages={312--322},
  year={2019},
  publisher={Elsevier}
}

@article{de2019mean,
  title={A mean field game approach for distributed control of thermostatic loads acting in simultaneous energy-frequency response markets},
  author={Paola, A. D. and Trovato, V. and Angeli, D. and Strbac, G.},
  journal={IEEE Transactions on Smart Grid},
  volume={10},
  number={6},
  pages={5987--5999},
  year={2019},
  publisher={IEEE}
}


@article{gomes2021mean,
  title={A mean-field game approach to price formation},
  author={Gomes, D. and Sa{\'u}de, J.},
  journal={Dynamic Games and Applications},
  volume={11},
  number={1},
  pages={29--53},
  year={2021},
  publisher={Springer}
}

@article{weinan2019mean,
  title={A mean-field optimal control formulation of deep learning},
  author={Weinan, E and Han, J. and Li, Q.},
  journal={Research in the Mathematical Sciences},
  volume={6},
  number={1},
  pages={1--41},
  year={2019},
  publisher={Springer}
}

@article{welch2019describing,
  title={Describing nonequilibrium soft matter with mean field game theory},
  author={Welch, P. and Rasmussen, K. and Welch, C. F.},
  journal={The Journal of chemical physics},
  volume={150},
  number={17},
  pages={174905},
  year={2019},
  publisher={AIP Publishing LLC}
}

@inproceedings{evangelista2017radially,
  title={Radially symmetric mean-field games with congestion},
  author={Evangelista, D. and Gomes, D. and Nurbekyan, L.},
  booktitle={2017 IEEE 56th Annual Conference on Decision and Control (CDC)},
  pages={3158--3163},
  year={2017},
  organization={IEEE}
}

@article{evangelista2018first,
  title={First-order, stationary mean-field games with congestion},
  author={Evangelista, D. and Ferreira, R. and Gomes, D. and Nurbekyan, L. and Voskanyan, V.},
  journal={Nonlinear Analysis},
  volume={173},
  pages={37--74},
  year={2018},
  publisher={Elsevier}
}

@inproceedings{rahimi2007random,
  title={Random Features for Large-Scale Kernel Machines.},
  author={Rahimi, A. and Recht, B.},
  booktitle={NIPS},
  volume={3},
  number={4},
  pages={5},
  year={2007},
  organization={Citeseer}
}

@article{yu2016orthogonal,
  title={Orthogonal random features},
  author={Yu, F. X. and Suresh, A. T. and Choromanski, K. M. and Holtmann-Rice, D. N. and Kumar, S.},
  journal={Advances in neural information processing systems},
  volume={29},
  pages={1975--1983},
  year={2016}
}

@inproceedings{rahimi2008uniform,
  title={Uniform approximation of functions with random bases},
  author={Rahimi, A. and Recht, B.},
  booktitle={2008 46th Annual Allerton Conference on Communication, Control, and Computing},
  pages={555--561},
  year={2008},
  organization={IEEE}
}

@incollection{bensoussan1987singular,
  title={Singular perturbations in stochastic control},
  author={Bensoussan, A. and Blankenship, G.},
  booktitle={Singular perturbations and asymptotic analysis in control systems},
  pages={171--260},
  year={1987},
  publisher={Springer}
}

@book{lcevanspde,
  author = {Evans, L. C.},
  year = {2010},
  title = {Partial Differential Equations},
  publisher = {American Mathematical Society},
  edition={2}
}

@book{owhadi2019operator,
  title={Operator-Adapted Wavelets, Fast Solvers, and Numerical Homogenization: From a Game Theoretic Approach to Numerical Approximation and Algorithm Design},
  author={Owhadi, H. and Scovel, C.},
  volume={35},
  year={2019},
  publisher={Cambridge University Press}
}

@book{rudin2017fourier,
  title={Fourier analysis on groups},
  author={Rudin, W.},
  year={2017},
  publisher={Courier Dover Publications}
}

@inproceedings{gao2021belief,
  title={Belief and Opinion Evolution in Social Networks: A High-Dimensional Mean Field Game Approach},
  author={Gao, H. and Lin, A. and Banez, R. A and Li, W. and Han, Z. and Osher, S. J. and Poor, H. V.},
  booktitle={ICC 2021-IEEE International Conference on Communications},
  pages={1--6},
  year={2021},
  organization={IEEE}
}

@article{lee2020mean,
  title={Controlling Propagation of epidemics via mean-field control},
  author={Lee, W. and Liu, S. and Tembine, H. and Li, W. and Osher, S. J.},
  journal={SIAM Journal on Applied Math},
  year={2020}
}

@article{lee2021mean,
  title={Mean field control problems for vaccine distribution},
  author={Lee, W. and Liu, S. and Li, W. and Osher, S.},
  journal={arXiv preprint arXiv:2104.11887},
  year={2021}
}


@article{yu2021fast,
  title={A Fast Proximal Gradient Method and Convergence Analysis for Dynamic Mean Field Planning},
  author={Yu, J. and Lai, R. and Li, W. and Osher, S. J.},
  journal={arXiv preprint arXiv:2102.13260},
  year={2021}
}

@inproceedings{Vasy2015PartialDE,
  title={Partial Differential Equations: An Accessible Route Through Theory and Applications},
  author={Vasy, A.},
  year={2015}
}

@article{chen2021consistency,
  title={Consistency of empirical Bayes and kernel flow for hierarchical parameter estimation},
  author={Chen, Y. and Owhadi, H. and Stuart, A.},
  journal={Mathematics of Computation},
  year={2021}
}


@article{owhadi2019kernel,
  title={Kernel flows: From learning kernels from data into the abyss},
  author={Owhadi, H. and Yoo, G. R.},
  journal={Journal of Computational Physics},
  volume={389},
  pages={22--47},
  year={2019},
  publisher={Elsevier}
}

@inproceedings{huang2007nash,
  title={The Nash certainty equivalence principle and McKean-Vlasov systems: an invariance principle and entry adaptation},
  author={Huang, M. and Caines, P. E. and Malham{\'e}, R. P.},
  booktitle={2007 46th IEEE Conference on Decision and Control},
  pages={121--126},
  year={2007},
  organization={IEEE}
}

@article{huang2007invariance,
  title={An invariance principle in large population stochastic dynamic games},
  author={Huang, M. and Caines, P. E. and Malham{\'e}, R. P.},
  journal={Journal of Systems Science and Complexity},
  volume={20},
  number={2},
  pages={162--172},
  year={2007},
  publisher={Springer}
}

@article{lionslec,
  title={},
  author={Lions, P.-L.},
  journal={Cours au Coll{\`e}ge de France}, 
  year={2007-2013}
}

@article{meszaros2021mean,
  title={Mean Field Games systems under displacement monotonicity},
  author={M{\'e}sz{\'a}ros, A. R. and Mou, C.},
  journal={arXiv preprint arXiv:2109.06687},
  year={2021}
}

@article{schafer2021sparse,
  title={Sparse {C}holesky Factorization by {K}ullback{--}{L}eibler Minimization},
  author={Sch{\"a}fer, F. and Katzfuss, M. and Owhadi, H.},
  journal={SIAM Journal on scientific computing},
  volume={43},
  number={3},
  pages={A2019--A2046},
  year={2021},
  publisher={SIAM}
}

@article{rasmussen2006gaussian,
  title={Gaussian processes for machine learning},
  author={Williams, C. K. and Rasmussen, C. E.},
  year={2006},
  journal={ MIT press Cambridge, MA.}
}

@inproceedings{titsias2009variational,
  title={Variational learning of inducing variables in sparse {G}aussian processes},
  author={Titsias, M.},
  booktitle={Artificial intelligence and statistics},
  pages={567--574},
  year={2009},
  organization={PMLR}
}

@article{smale2005shannon,
  title={Shannon sampling {II}: Connections to learning theory},
  author={Smale, S. and Zhou, D.},
  journal={Applied and Computational Harmonic Analysis},
  volume={19},
  number={3},
  pages={285--302},
  year={2005},
  publisher={Elsevier}
}

@article{jin2013improved,
  title={Improved bounds for the {N}ystr{\"o}m method with application to kernel classification},
  author={Jin, R. and Yang, T. and Mahdavi, M. and Li, Y. and Zhou, Z.},
  journal={IEEE Transactions on Information Theory},
  volume={59},
  number={10},
  pages={6939--6949},
  year={2013},
  publisher={IEEE}
}

@article{drineas2005nystrom,
  title={On the {N}ystr{\"o}m Method for Approximating a Gram Matrix for Improved Kernel-Based Learning.},
  author={Drineas, P. and Mahoney, M. W. and Cristianini, N.},
  journal={journal of machine learning research},
  volume={6},
  number={12},
  year={2005}
}

@article{smale2009geometry,
  title={Geometry on probability spaces},
  author={Smale, S. and Zhou, D.},
  journal={Constructive Approximation},
  volume={30},
  number={3},
  pages={311--323},
  year={2009},
  publisher={Springer}
}

@article{raissi2017machine,
	title={Machine learning of linear differential equations using {G}aussian processes},
	author={Raissi, M. and Perdikaris, P. and Karniadakis, G. E.},
	journal={Journal of Computational Physics},
	volume={348},
	pages={683--693},
	year={2017},
	publisher={Elsevier}
}

@inproceedings{cockayne2017probabilistic,
	title={Probabilistic numerical methods for {PDE}-constrained {B}ayesian inverse problems},
	author={Cockayne, J. and Oates, C. and Sullivan, T. and Girolami, M.},
	booktitle={AIP Conference Proceedings},
	volume={1853},
	number={1},
	pages={060001},
	year={2017},
	organization={AIP Publishing LLC}
}

@article{owhadi2015bayesian,
	title={Bayesian numerical homogenization},
	author={Owhadi, H.},
	journal={Multiscale Modeling and  Simulation},
	volume={13},
	number={3},
	pages={812--828},
	year={2015},
	publisher={SIAM}
}

@article{owhadi2017multigrid,
	title={Multigrid with rough coefficients and multiresolution operator decomposition from hierarchical information games},
	author={Owhadi, H.},
	journal={SIAM Review},
	volume={59},
	number={1},
	pages={99--149},
	year={2017},
	publisher={SIAM}
}

@article{raissi2018numerical,
	title={Numerical {G}aussian processes for time-dependent and nonlinear partial differential equations},
	author={Raissi, M. and Perdikaris, P. and Karniadakis, G. E.},
	journal={SIAM Journal on Scientific Computing},
	volume={40},
	number={1},
	pages={A172--A198},
	year={2018},
	publisher={SIAM}
}

@article{kramer2021probabilistic,
	title={Probabilistic Numerical Method of Lines for Time-Dependent Partial Differential Equations},
	author={Kr{\"a}mer, N. and Schmidt, J. and Hennig, P.},
	journal={arXiv preprint arXiv:2110.11847},
	year={2021}
}

@article{wang2021bayesian,
	title={Bayesian numerical methods for nonlinear partial differential equations},
	author={Wang, J. and Cockayne, J. and Chkrebtii, O. and Sullivan, T. J. and Oates, C. J.},
	journal={Statistics and Computing},
	volume={31},
	number={5},
	pages={1--20},
	year={2021},
	publisher={Springer}
}

@article{mou2022numerical,
	title={Numerical methods for mean field games based on {G}aussian processes and {F}ourier features},
	author={Mou, C. and Yang, X. and Zhou, C.},
	journal={Journal of Computational Physics},
	year={2022},
	publisher={Elsevier}
}

@article{liu2020gaussian,
	title={When Gaussian process meets big data: A review of scalable {GP}s},
	author={Liu, H. and Ong, Y. S. and Shen, X. and Cai, J.},
	journal={IEEE transactions on neural networks and learning systems},
	volume={31},
	number={11},
	pages={4405--4423},
	year={2020},
	publisher={IEEE}
}

@article{raissi2019physics,
	title={Physics-informed neural networks: A deep learning framework for solving forward and inverse problems involving nonlinear partial differential equations},
	author={Raissi, M. and Perdikaris, P. and Karniadakis, G. E.},
	journal={Journal of Computational physics},
	volume={378},
	pages={686--707},
	year={2019},
	publisher={Elsevier}
}

@article{zang2020weak,
	title={Weak adversarial networks for high-dimensional partial differential equations},
	author={Zang, Y. and Bao, G. and Ye, X. and Zhou, H.},
	journal={Journal of Computational Physics},
	volume={411},
	year={2020},
	publisher={Elsevier}
}

@article{lu2021learning,
	title={Learning nonlinear operators via DeepONet based on the universal approximation theorem of operators},
	author={Lu, L. and Jin, P. and Pang, G. and Zhang, Z. and Karniadakis, G. E.},
	journal={Nature Machine Intelligence},
	volume={3},
	number={3},
	pages={218--229},
	year={2021},
	publisher={Nature Publishing Group}
}

@book{quarteroni2008numerical,
	title={Numerical approximation of partial differential equations},
	author={Quarteroni, A. and Valli, A.},
	volume={23},
	year={2008},
	publisher={Springer Science and Business Media}
}

@book{thomas2013numerical,
	title={Numerical partial differential equations: finite difference methods},
	author={Thomas, J. W.},
	volume={22},
	year={2013},
	publisher={Springer Science and Business Media}
}

@book{hughes2012finite,
	title={The finite element method: linear static and dynamic finite element analysis},
	author={Hughes, T. J. },
	year={2012},
	publisher={Courier Corporation}
}



@inproceedings{archambeau2007gaussian,
	title={Gaussian process approximations of stochastic differential equations},
	author={Archambeau, C. and Cornford, D. and Opper, M. and Shawe-Taylor, J.},
	booktitle={Gaussian Processes in Practice},
	pages={1--16},
	year={2007},
	organization={PMLR}
}

@article{meng2021nonstationary,
	title={Nonstationary multivariate Gaussian processes for electronic health records},
	author={Meng, R. and Soper, B. and Lee, H. K. H. and Liu, V. X. and Greene, J. D. and Ray, R.},
	journal={Journal of Biomedical Informatics},
	volume={117},
	pages={103698},
	year={2021},
	publisher={Elsevier}
}

@article{meng2021bayesian,
	title={Bayesian Inference in High-Dimensional Time-Serieswith the Orthogonal Stochastic Linear Mixing Model},
	author={Meng, R. and Bouchard, K.},
	journal={arXiv preprint arXiv:2106.13379},
	year={2021}
}

@article{meng2021collaborative,
	title={Collaborative Nonstationary Multivariate Gaussian Process Model},
	author={Meng, R. and Lee, H. and Bouchard, K.},
	journal={arXiv preprint arXiv:2106.00719},
	year={2021}
}

@inproceedings{wilson2015kernel,
	title={Kernel interpolation for scalable structured {G}aussian processes ({KISS}-{GP})},
	author={Wilson, A. and Nickisch, H.},
	booktitle={International conference on machine learning},
	pages={1775--1784},
	year={2015},
	organization={PMLR}
}

@article{gardner2018gpytorch,
	title={G{P}ytorch: Blackbox matrix-matrix {G}aussian process inference with {GPU} acceleration},
	author={Gardner, J. and Pleiss, G. and Weinberger, K. Q. and Bindel, D. and Wilson, A. G.},
	journal={Advances in neural information processing systems},
	volume={31},
	year={2018}
}

@article{hensman2017variational,
	title={Variational {F}ourier Features for {G}aussian Processes.},
	author={Hensman, J. and Durrande, N. and Solin, A.},
	journal={J. Mach. Learn. Res.},
	volume={18},
	number={1},
	pages={5537--5588},
	year={2017}
}

@article{lazaro2010sparse,
	title={Sparse spectrum {G}aussian process regression},
	author={L{\'a}zaro-Gredilla, M. and Quinonero-Candela, J. and Rasmussen, C. E. and Figueiras-Vidal, A. R.},
	journal={The Journal of Machine Learning Research},
	volume={11},
	pages={1865--1881},
	year={2010},
	publisher={JMLR. org}
}

@article{lazaro2009inter,
	title={Inter-domain {G}aussian processes for sparse inference using inducing features},
	author={L{\'a}zaro-Gredilla, M. and Figueiras-Vidal, A.},
	journal={Advances in Neural Information Processing Systems},
	volume={22},
	year={2009}
}

@inproceedings{Hensman_2013,
	author = {Hensman, J. and Fusi, N. and Lawrence, N. D.},
	title = {Gaussian Processes for Big Data},
	booktitle = {Proceedings of the Twenty-Ninth Conference on Uncertainty in Artificial Intelligence},
	series = {UAI'13},
	year = {2013},
	location = {Bellevue, WA},
	pages = {282--290},
	numpages = {9},
	url = {http://dl.acm.org/citation.cfm?id=3023638.3023667},
	acmid = {3023667},
	publisher = {AUAI Press},
	address = {Arlington, Virginia, United States},
} 

@article{Snelson_2006,
  title={Sparse {G}aussian processes using pseudo-inputs},
  author={Snelson, E. and Ghahramani, Z.},
  journal={Advances in neural information processing systems},
  volume={18},
  year={2005}
}

@article{quinonero2005unifying,
  title={A unifying view of sparse approximate {G}aussian process regression},
  author={Quinonero-Candela, J. and Rasmussen, C. E.},
  journal={The Journal of Machine Learning Research},
  volume={6},
  pages={1939--1959},
  year={2005},
  publisher={JMLR. org}
}

@article{Seeger_2003,
	Acmid = {944929},
	Author = {Seeger, M.},
	Doi = {10.1162/153244303765208386},
	Issn = {1532-4435},
	Issue_Date = {3/1/2003},
	Journal = {J. Mach. Learn. Res.},
	Keywords = {Bayesian learning, Gaussian processes, Gibbs classifier, Kernel machines, PAC-Bayesian framework, convex duality, generalisation error bounds, sparse approximations},
	Month = mar,
	Numpages = {37},
	Pages = {233--269},
	Publisher = {JMLR.org},
	Title = {{PAC-Bayesian} Generalisation Error Bounds for {Gaussian} Process Classification},
	Url = {https://doi.org/10.1162/153244303765208386},
	Volume = {3},
	Year = {2003},
	Bdsk-Url-1 = {https://doi.org/10.1162/153244303765208386}}


@article{cao2023variational,
  title={Variational sparse inverse {C}holesky approximation for latent {G}aussian processes via double {K}ullback-{L}eibler minimization},
  author={Cao, J. and Kang, M. and Jimenez, F. and Sang, H. and Schafer, F. and Katzfuss, M.},
  journal={arXiv preprint arXiv:2301.13303},
  year={2023}
}

@article{chen2023sparse,
  title={Sparse {C}holesky factorization for solving nonlinear {PDE}s via {G}aussian processes},
  author={Chen, Y. and Owhadi, H. and Sch{\"a}fer, F.},
  journal={arXiv preprint arXiv:2304.01294},
  year={2023}
}

@techreport{cardaliaguet2010notes,
  title={Notes on mean field games},
  author={Cardaliaguet, P.},
  year={2010},
  institution={Technical report}
}

@article{cesaroni2019stationary,
  title={On stationary fractional mean field games},
  author={Cesaroni, A. and Cirant, M. and Dipierro, S. and Novaga, M. and Valdinoci, E.},
  journal={Journal de Math{\'e}matiques Pures et Appliqu{\'e}es},
  volume={122},
  pages={1--22},
  year={2019},
  publisher={Elsevier}
}

@article{liu2023inverse,
  title={Inverse problems for mean field games},
  author={Liu, H. and Mou, C. and Zhang, S.},
  journal={Inverse Problems},
  year={2023}
}

@article{ding2022mean,
  title={A mean field game inverse problem},
  author={Ding, L. and Li, W. and Osher, S. and Yin, W.},
  journal={Journal of Scientific Computing},
  volume={92},
  number={1},
  pages={7},
  year={2022},
  publisher={Springer}
}

@article{chow2022numerical,
  title={A numerical algorithm for inverse problem from partial boundary measurement arising from mean field game problem},
  author={Chow, Y. T. and Fung, S. W. and Liu, S. and Nurbekyan, L. and Osher, S.},
  journal={Inverse Problems},
  volume={39},
  number={1},
  pages={014001},
  year={2022},
  publisher={IOP Publishing}
}

@article{klibanov2023coefficient,
  title={A Coefficient Inverse Problem for the Mean Field Games System},
  author={Klibanov, M. V.},
  journal={arXiv preprint arXiv:2306.03349},
  year={2023}
}

@article{meng2023sparse,
  title={Sparse {G}aussian processes for solving nonlinear {PDE}s},
  author={Meng, R. and Yang, X.},
  journal={Journal of Computational Physics},
  volume={490},
  pages={112340},
  year={2023},
  publisher={Elsevier}
}

@article{yang2023mini,
  title={A Mini-Batch Method for Solving Nonlinear {PDE}s with {G}aussian Processes},
  author={Yang, X. and Owhadi, H.},
  journal={arXiv preprint arXiv:2306.00307},
  year={2023}
}

@article{hamzi2023learning,
  title={Learning dynamical systems from data: A simple cross-validation perspective, part iv: case with partial observations},
  author={Hamzi, B. and Owhadi, H. and Kevrekidis, Y.},
  journal={Physica D: Nonlinear Phenomena},
  volume={454},
  pages={133853},
  year={2023},
  publisher={Elsevier}
}

@article{yang2023learning,
  title={Learning Dynamical Systems from Data: A Simple Cross-Validation Perspective, Part V: Sparse Kernel Flows for 132 Chaotic Dynamical Systems},
  author={Yang, L. and Sun, X. and Hamzi, B. and Owhadi, H. and Xie, N.},
  journal={arXiv preprint arXiv:2301.10321},
  year={2023}
}

@article{cannarsa2020long,
  title={Long-time behavior of first-order mean field games on Euclidean space},
  author={Cannarsa, P. and Cheng, W. and Mendico, C. and Wang, K.},
  journal={Dynamic Games and Applications},
  volume={10},
  number={2},
  pages={361--390},
  year={2020},
  publisher={Springer}
}

@article{cirant2021long,
  title={Long time behavior and turnpike solutions in mildly non-monotone mean field games},
  author={Cirant, M. and Porretta, A.},
  journal={ESAIM. COCV},
  volume={27},
  year={2021},
  publisher={EDP SCIENCES SA}
}

@article{cardaliaguet2012long,
  title={Long time average of mean field games},
  author={Cardaliaguet, P. and Lasry, J.-M. and Lions, P.-L. and Porretta, A.},
  journal={Networks and heterogeneous media},
  volume={7},
  number={2},
  pages={279--301},
  year={2012},
  publisher={Networks and Heterogeneous Media}
}

@article{alvarez2012kernels,
  title={Kernels for vector-valued functions: A review},
  author={Alvarez, M. A. and Rosasco, L. and Lawrence, N. D.},
  journal={Foundations and Trends{\textregistered} in Machine Learning},
  volume={4},
  number={3},
  pages={195--266},
  year={2012},
  publisher={Now Publishers, Inc.}
}

@article{micchelli2005learning,
  title={On learning vector-valued functions},
  author={Micchelli, C. A. and Pontil, M.},
  journal={Neural computation},
  volume={17},
  number={1},
  pages={177--204},
  year={2005},
  publisher={MIT Press}
}

@article{klibanov2023convexification,
  title={Convexification for a Coefficient Inverse Problem of Mean Field Games},
  author={Klibanov, M. V. and Li, J. and Yang, Z.},
  journal={arXiv preprint arXiv:2310.08878},
  year={2023}
}

@article{klibanov2023h,
  title={H\"older Stability and Uniqueness for The Mean Field Games System via Carleman Estimates},
  author={Klibanov, M. V. and Li, J. and Liu, H.},
  journal={arXiv preprint arXiv:2304.00646},
  year={2023}
}

@article{imanuvilov2023lipschitz,
  title={Lipschitz stability for determination of states and inverse source problem for the mean field game equations},
  author={Imanuvilov, O. and Liu, H. and Yamamoto, M.},
  journal={arXiv preprint arXiv:2304.06673},
  year={2023}
}

@article{liu2023simultaneously,
  title={Simultaneously recovering running cost and Hamiltonian in mean field games system},
  author={Liu, H. and Zhang, S.},
  journal={arXiv preprint arXiv:2303.13096},
  year={2023}
}

@article{ding2023determining,
  title={Determining a stationary mean field game system from full/partial boundary measurement},
  author={Ding, M and Liu, H. and Zheng, G.},
  journal={arXiv preprint arXiv:2308.06688},
  year={2023}
}

@article{lan2012optimal,
  title={An optimal method for stochastic composite optimization},
  author={Lan, Guanghui},
  journal={Mathematical Programming},
  volume={133},
  number={1-2},
  pages={365--397},
  year={2012},
  publisher={Springer}
}

@article{deng2021minibatch,
  title={Minibatch and momentum model-based methods for stochastic weakly convex optimization},
  author={Deng, Qi and Gao, Wenzhi},
  journal={Advances in Neural Information Processing Systems},
  volume={34},
  pages={23115--23127},
  year={2021}
}

@article{chambolle2011first,
  title={A first-order primal-dual algorithm for convex problems with applications to imaging},
  author={Chambolle, Antonin and Pock, Thomas},
  journal={Journal of mathematical imaging and vision},
  volume={40},
  pages={120--145},
  year={2011},
  publisher={Springer}
}
@inproceedings{amos2017input,
  title={Input convex neural networks},
  author={Amos, Brandon and Xu, Lei and Kolter, J Zico},
  booktitle={International Conference on Machine Learning},
  pages={146--155},
  year={2017},
  organization={PMLR}
}
@article{briceno2023primal,
  title={A primal-dual partial inverse algorithm for constrained monotone inclusions: applications to stochastic programming and mean field games},
  author={Brice{\~n}o-Arias, Luis and Deride, Julio and L{\'o}pez-Rivera, Sergio and Silva, Francisco J},
  journal={Applied Mathematics \& Optimization},
  volume={87},
  number={2},
  pages={21},
  year={2023},
  publisher={Springer}
}
@inproceedings{riihimaki2010gaussian,
  title={Gaussian processes with monotonicity information},
  author={Riihim{\"a}ki, Jaakko and Vehtari, Aki},
  booktitle={Proceedings of the thirteenth international conference on artificial intelligence and statistics},
  pages={645--652},
  year={2010},
  organization={JMLR Workshop and Conference Proceedings}
}

@article{yu2024bilevel,
  title={A Bilevel Optimization Method for Inverse Mean-Field Games},
  author={Yu, J. and Xiao, Q. and Chen, T. and Lai, R.},
  journal={arXiv preprint arXiv:2401.05539},
  year={2024}
}
@misc{b1,
  title={Probabilistic theory of mean field games with applications. I, volume 83 of Probability Theory and Stochastic Modelling},
  author={Carmona, Ren{\'e} and Delarue, Fran{\c{c}}ois},
  year={2018},
  publisher={Springer, Cham}
}
@article{b12,
  title={Mean field games},
  author={Lasry, Jean-Michel and Lions, Pierre-Louis},
  journal={Japanese journal of mathematics},
  volume={2},
  number={1},
  pages={229--260},
  year={2007},
  publisher={Springer}
}


@article{b24,
  title={On the existence of classical solutions for stationary extended mean field games},
  author={Gomes, D. A. and Patrizi, S. and Voskanyan, V.},
  journal={Nonlinear Analysis: Theory, Methods \& Applications},
  volume={99},
  pages={49--79},
  year={2014},
  publisher={Elsevier}
}
@article{huang2010large,
  title={Large-population LQG games involving a major player: the Nash certainty equivalence principle},
  author={Huang, M.},
  journal={SIAM Journal on Control and Optimization},
  volume={48},
  number={5},
  pages={3318--3353},
  year={2010},
  publisher={SIAM}
}
@article{b26,
  title={A probabilistic approach to mean field games with major and minor players},
  author={Carmona, R. and Zhu, X.},
  year={2016}
}
@article{b25,
  title={Mean field games with common noise},
  author={Carmona, R. and Delarue, F. and Lacker, D.},
  year={2016}
}

@article{guo2024decoding,
  title={Decoding mean field games from population and environment observations by Gaussian processes},
  author={Guo, J. and Mou, C. and Yang, X. and Zhou, C.},
  journal={Journal of Computational Physics},
  pages={112978},
  year={2024},
  publisher={Elsevier}
}

@misc{bauschke2019convex,
  title={Convex Analysis and Monotone Operator Theory in Hilbert Spaces, corrected printing},
  author={Bauschke, H. and Combettes, P.},
  year={2019},
  publisher={New York: Springer}
}


@book{williams2006gaussian,
  title={Gaussian processes for machine learning},
  author={Williams, Christopher K. and Rasmussen, C. E.},
  volume={2},
  number={3},
  year={2006},
  publisher={MIT press Cambridge, MA}
}

@incollection{cardaliaguet2015weak,
  title={Weak solutions for first order mean field games with local coupling},
  author={Cardaliaguet, P.},
  booktitle={Analysis and geometry in control theory and its applications},
  pages={111--158},
  year={2015},
  publisher={Springer}
}

@article{cardaliaguet2015mean,
  title={Mean field games systems of first order},
  author={Cardaliaguet, P. and Graber, P. J.},
  journal={ESAIM: Control, Optimisation and Calculus of Variations},
  volume={21},
  number={3},
  pages={690--722},
  year={2015},
  publisher={EDP Sciences}
}

@article{cardaliaguet2015second,
  title={Second order mean field games with degenerate diffusion and local coupling},
  author={Cardaliaguet, P. and Graber, P. J. and Porretta, A. and Tonon, D.},
  journal={Nonlinear Differential Equations and Applications NoDEA},
  volume={22},
  pages={1287--1317},
  year={2015},
  publisher={Springer}
}

@article{meszaros2015variational,
  title={A variational approach to second order mean field games with density constraints: the stationary case},
  author={M{\'e}sz{\'a}ros, A. R. and Silva, F. J.},
  journal={Journal de Math{\'e}matiques Pures et Appliqu{\'e}es},
  volume={104},
  number={6},
  pages={1135--1159},
  year={2015},
  publisher={Elsevier}
}

@article{meszaros2018variational,
  title={On the variational formulation of some stationary second-order mean field games systems},
  author={M{\'e}sz{\'a}ros, A. R. and Silva, F. J.},
  journal={SIAM Journal on Mathematical Analysis},
  volume={50},
  number={1},
  pages={1255--1277},
  year={2018},
  publisher={SIAM}
}

@article{zhang2023mean,
  title={A mean-field games laboratory for generative modeling},
  author={Zhang, B. J. and Katsoulakis, M. A.},
  journal={arXiv preprint arXiv:2304.13534},
  year={2023}
}

@article{andreev2017preconditioning,
  title={Preconditioning the augmented Lagrangian method for instationary mean field games with diffusion},
  author={Andreev, R.},
  journal={SIAM Journal on Scientific Computing},
  volume={39},
  number={6},
  pages={A2763--A2783},
  year={2017},
  publisher={SIAM}
}

@article{briceno2024forward,
  title={Forward-backward algorithm for functions with locally Lipschitz gradient: applications to mean field games},
  author={Briceno-Arias, L. M. and Silva, F. J. and Yang, X.},
  journal={Set-Valued and Variational Analysis},
  volume={32},
  number={2},
  pages={1--22},
  year={2024},
  publisher={Springer}
}

@article{yang2023context,
  title={In-context operator learning with data prompts for differential equation problems},
  author={Yang, L. and Liu, S. and Meng, T. and Osher, S. J.},
  journal={Proceedings of the National Academy of Sciences},
  volume={120},
  number={39},
  pages={e2310142120},
  year={2023},
  publisher={National Acad Sciences}
}

@article{ren2024policy,
  title={A Policy Iteration Method for Inverse Mean Field Games},
  author={Ren, K. and Soedjak, N. and Tong, S.},
  journal={arXiv preprint arXiv:2409.06184},
  year={2024}
}

@article{kanagawa2018gaussian,
  title={Gaussian processes and kernel methods: A review on connections and equivalences},
  author={Kanagawa, M. and Hennig, P. and Sejdinovic, D. and Sriperumbudur, B. K.},
  journal={arXiv preprint arXiv:1807.02582},
  year={2018}
}

@article{kingma2014adam,
  title={Adam: A method for stochastic optimization},
  author={Kingma, D. P. and J. Ba},
  journal={arXiv preprint arXiv:1412.6980},
  year={2014}
}