@inproceedings{chen2023sam,
  title={Sam-adapter: Adapting segment anything in underperformed scenes},
  author={Chen, Tianrun and Zhu, Lanyun and Deng, Chaotao and Cao, Runlong and Wang, Yan and Zhang, Shangzhan and Li, Zejian and Sun, Lingyun and Zang, Ying and Mao, Papa},
  booktitle={Proceedings of the IEEE/CVF International Conference on Computer Vision},
  pages={3367--3375},
  year={2023}
}

@inproceedings{chen2024robustsam,
  title={RobustSAM: Segment Anything Robustly on Degraded Images},
  author={Chen, Wei-Ting and Vong, Yu-Jiet and Kuo, Sy-Yen and Ma, Sizhou and Wang, Jian},
  booktitle={Proceedings of the IEEE/CVF Conference on Computer Vision and Pattern Recognition},
  pages={4081--4091},
  year={2024}
}

@inproceedings{kirillov2023segment,
  title={Segment anything},
  author={Kirillov, Alexander and Mintun, Eric and Ravi, Nikhila and Mao, Hanzi and Rolland, Chloe and Gustafson, Laura and Xiao, Tete and Whitehead, Spencer and Berg, Alexander C and Lo, Wan-Yen and others},
  booktitle={Proceedings of the IEEE/CVF International Conference on Computer Vision},
  pages={4015--4026},
  year={2023}
}

@article{liu2023multiple,
  title={A multiple scale spaces empowered approach for welding radiographic image defect segmentation},
  author={Liu, Tianyuan and Zheng, Pai and Liu, Xiaojia},
  journal={NDT \& E International},
  volume={139},
  pages={102934},
  year={2023},
  publisher={Elsevier}
}

@article{shen2023advancing,
  title={Advancing pose-guided image synthesis with progressive conditional diffusion models},
  author={Shen, Fei and Ye, Hu and Zhang, Jun and Wang, Cong and Han, Xiao and Yang, Wei},
  journal={arXiv preprint arXiv:2310.06313},
  year={2023}
}

@article{shen2024boosting,
  title={Boosting Consistency in Story Visualization with Rich-Contextual Conditional Diffusion Models},
  author={Shen, Fei and Ye, Hu and Liu, Sibo and Zhang, Jun and Wang, Cong and Han, Xiao and Yang, Wei},
  journal={arXiv preprint arXiv:2407.02482},
  year={2024}
}

@article{shen2024imagdressing,
  title={IMAGDressing-v1: Customizable Virtual Dressing},
  author={Shen, Fei and Jiang, Xin and He, Xin and Ye, Hu and Wang, Cong and Du, Xiaoyu and Li, Zechao and Tang, Jinghui},
  journal={arXiv preprint arXiv:2407.12705},
  year={2024}
}

@inproceedings{shen2024imagpose,
  title={IMAGPose: A Unified Conditional Framework for Pose-Guided Person Generation},
  author={Shen, Fei and Tang, Jinhui},
  booktitle={The Thirty-eighth Annual Conference on Neural Information Processing Systems},
  year={2024}
}

@article{wang2024new,
  title={A new method for deep learning detection of defects in X-ray images of pressure vessel welds},
  author={Wang, Xue and He, Feng and Huang, Xu},
  journal={Scientific Reports},
  volume={14},
  number={1},
  pages={6312},
  year={2024},
  publisher={Nature Publishing Group UK London}
}

@article{xie2024pa,
  title={PA-SAM: Prompt Adapter SAM for High-Quality Image Segmentation},
  author={Xie, Zhaozhi and Guan, Bochen and Jiang, Weihao and Yi, Muyang and Ding, Yue and Lu, Hongtao and Zhang, Lei},
  journal={arXiv preprint arXiv:2401.13051},
  year={2024}
}

@article{xu2023defect,
  title={Defect signal intelligent recognition of weld radiographs based on YOLO V5-IMPROVEMENT},
  author={Xu, Lushuai and Dong, Shaohua and Wei, Haotian and Ren, Qingying and Huang, Jiawei and Liu, Jiayue},
  journal={Journal of Manufacturing Processes},
  volume={99},
  pages={373--381},
  year={2023},
  publisher={Elsevier}
}

@article{yang2021automatic,
  title={An automatic welding defect location algorithm based on deep learning},
  author={Yang, Lei and Wang, Huaixin and Huo, Benyan and Li, Fangyuan and Liu, Yanhong},
  journal={Ndt \& E International},
  volume={120},
  pages={102435},
  year={2021},
  publisher={Elsevier}
}

@article{yu2024visual,
  title={Visual tuning},
  author={Yu, Bruce XB and Chang, Jianlong and Wang, Haixin and Liu, Lingbo and Wang, Shijie and Wang, Zhiyu and Lin, Junfan and Xie, Lingxi and Li, Haojie and Lin, Zhouchen and others},
  journal={ACM Computing Surveys},
  volume={56},
  number={12},
  pages={1--38},
  year={2024},
  publisher={ACM New York, NY}
}

