

@article{totino2023riawelc,
  author = {Totino, Benito and Spagnolo, Fanny and Perri, Stefania},
  title = {RIAWELC: a Novel dataset of radiographic images for automatic weld defects classification},
  journal = {International Journal of Electrical and Computer Engineering Research},
  volume = {3},
  number = {1},
  pages = {13--17},
  year = {2023},
}


@article{carrasco2023gdxray,
  title={GDXray: The database of X-ray images for nondestructive testing},
  author={Mery, Domingo and Riffo, Vladimir and Zscherpel, Uwe and Mondrag{\'o}n, German and Lillo, Iv{\'a}n and Zuccar, Irene and Lobel, Hans and Carrasco, Miguel},
  journal={Journal of Nondestructive Evaluation},
  volume={34},
  number={4},
  pages={42},
  year={2015},
  publisher={Springer}
}

@article{yu2024visual,
  title={Visual tuning},
  author={Yu, Bruce XB and Chang, Jianlong and Wang, Haixin and Liu, Lingbo and Wang, Shijie and Wang, Zhiyu and Lin, Junfan and Xie, Lingxi and Li, Haojie and Lin, Zhouchen and others},
  journal={ACM Computing Surveys},
  volume={56},
  number={12},
  pages={1--38},
  year={2024},
  publisher={ACM New York, NY}
}

@inproceedings{chen2023sam,
  title={Sam-adapter: Adapting segment anything in underperformed scenes},
  author={Chen, Tianrun and Zhu, Lanyun and Deng, Chaotao and Cao, Runlong and Wang, Yan and Zhang, Shangzhan and Li, Zejian and Sun, Lingyun and Zang, Ying and Mao, Papa},
  booktitle={Proceedings of the IEEE/CVF International Conference on Computer Vision},
  pages={3367--3375},
  year={2023}
}

@article{xie2024pa,
  title={PA-SAM: Prompt Adapter SAM for High-Quality Image Segmentation},
  author={Xie, Zhaozhi and Guan, Bochen and Jiang, Weihao and Yi, Muyang and Ding, Yue and Lu, Hongtao and Zhang, Lei},
  journal={arXiv preprint arXiv:2401.13051},
  year={2024}
}

@inproceedings{chen2024robustsam,
  title={RobustSAM: Segment Anything Robustly on Degraded Images},
  author={Chen, Wei-Ting and Vong, Yu-Jiet and Kuo, Sy-Yen and Ma, Sizhou and Wang, Jian},
  booktitle={Proceedings of the IEEE/CVF Conference on Computer Vision and Pattern Recognition},
  pages={4081--4091},
  year={2024}
}

@inproceedings{kirillov2023segment,
  title={Segment anything},
  author={Kirillov, Alexander and Mintun, Eric and Ravi, Nikhila and Mao, Hanzi and Rolland, Chloe and Gustafson, Laura and Xiao, Tete and Whitehead, Spencer and Berg, Alexander C and Lo, Wan-Yen and others},
  booktitle={Proceedings of the IEEE/CVF International Conference on Computer Vision},
  pages={4015--4026},
  year={2023}
}

@inproceedings{wang2024samihs,
  title={SAMIHS: adaptation of segment anything model for intracranial hemorrhage segmentation},
  author={Wang, Yinuo and Chen, Kai and Yuan, Weimin and Tang, Zhouping and Meng, Cai and Bai, Xiangzhi},
  booktitle={2024 IEEE International Symposium on Biomedical Imaging (ISBI)},
  pages={1--5},
  year={2024},
  organization={IEEE}
}

@article{ptitsyn1992hardware,
  title={Hardware-software system for the automatic quality evaluation of a welded joint},
  author={Ptitsyn, VN and Schastlitsev, AM and Firstov, VG and Buryak, VI and Zenin, GP},
  journal={Russian journal of nondestructive testing},
  volume={28},
  number={2},
  pages={56--58},
  year={1992}
}

@article{liu2023state,
  title={A state-of-the-art survey of welding radiographic image analysis: challenges, technologies and applications},
  author={Liu, Tianyuan and Zheng, Pai and Bao, Jinsong and Chen, Huabin},
  journal={Measurement},
  volume={214},
  pages={112821},
  year={2023},
  publisher={Elsevier}
}

@article{vaswani2017attention,
  title={Attention is all you need},
  author={Vaswani, A},
  journal={Advances in Neural Information Processing Systems},
  year={2017}
}

@article{dosovitskiy2020image,
  title={An image is worth 16x16 words: Transformers for image recognition at scale},
  author={Dosovitskiy, Alexey},
  journal={arXiv preprint arXiv:2010.11929},
  year={2020}
}

@inproceedings{carion2020end,
  title={End-to-end object detection with transformers},
  author={Carion, Nicolas and Massa, Francisco and Synnaeve, Gabriel and Usunier, Nicolas and Kirillov, Alexander and Zagoruyko, Sergey},
  booktitle={European conference on computer vision},
  pages={213--229},
  year={2020},
  organization={Springer}
}

@article{liu2023lf-yolo,
  title={LF-YOLO: A lighter and faster yolo for weld defect detection of X-ray image},
  author={Liu, Moyun and Chen, Youping and Xie, Jingming and He, Lei and Zhang, Yang},
  journal={IEEE Sensors Journal},
  volume={23},
  number={7},
  pages={7430--7439},
  year={2023},
  publisher={IEEE}
}

@article{palma2024deep,
  title={Deep convolutional neural network for weld defect classification in radiographic images},
  author={Palma-Ram{\'\i}rez, Dayana and Ross-Veit{\'\i}a, B{\'a}rbara D and Font-Ariosa, Pablo and Espinel-Hern{\'a}ndez, Alejandro and Sanchez-Roca, Angel and Carvajal-Fals, Hip{\'o}lito and Nu{\~n}ez-Alvarez, Jos{\'e} R and Hern{\'a}ndez-Herrera, Hernan},
  journal={Heliyon},
  volume={10},
  number={9},
  year={2024},
  publisher={Elsevier}
}

@article{wang2024new,
  title={A new method for deep learning detection of defects in X-ray images of pressure vessel welds},
  author={Wang, Xue and He, Feng and Huang, Xu},
  journal={Scientific Reports},
  volume={14},
  number={1},
  pages={6312},
  year={2024},
  publisher={Nature Publishing Group UK London}
}

@article{zuo2023x,
  title={An X-ray-based automatic welding defect detection method for special equipment system},
  author={Zuo, Fengyuan and Liu, Jinhai and Zhao, Xiang and Chen, Lixin and Wang, Lei},
  journal={IEEE/ASME Transactions on Mechatronics},
  year={2023},
  publisher={IEEE}
}

@article{ajmi2024advanced,
  title={Advanced Faster-RCNN Model for Automated Recognition and Detection of Weld Defects on Limited X-Ray Image Dataset},
  author={Ajmi, Chiraz and Zapata, Juan and Elferchichi, Sabra and Laabidi, Kaouther},
  journal={Journal of Nondestructive Evaluation},
  volume={43},
  number={1},
  pages={14},
  year={2024},
  publisher={Springer}
}
@article{shen2023advancing,
  title={Advancing pose-guided image synthesis with progressive conditional diffusion models},
  author={Shen, Fei and Ye, Hu and Zhang, Jun and Wang, Cong and Han, Xiao and Yang, Wei},
  journal={arXiv preprint arXiv:2310.06313},
  year={2023}
}


@article{shen2024boosting,
  title={Boosting Consistency in Story Visualization with Rich-Contextual Conditional Diffusion Models},
  author={Shen, Fei and Ye, Hu and Liu, Sibo and Zhang, Jun and Wang, Cong and Han, Xiao and Yang, Wei},
  journal={arXiv preprint arXiv:2407.02482},
  year={2024}
}
@article{li2023defect,
  title={Defect detection method for high-resolution weld based on wandering Gaussian and multi-feature enhancement fusion},
  author={Li, Liangliang and Ren, Jia and Wang, Peng and L{\"u}, Zhigang and Di, RuoHai and Li, Xiaoyan and Gao, Hui and Zhao, Xiangmo},
  journal={Mechanical Systems and Signal Processing},
  volume={199},
  pages={110484},
  year={2023},
  publisher={Elsevier}
}

@inproceedings{wu2024medsegdiff,
  title={Medsegdiff: Medical image segmentation with diffusion probabilistic model},
  author={Wu, Junde and Fu, Rao and Fang, Huihui and Zhang, Yu and Yang, Yehui and Xiong, Haoyi and Liu, Huiying and Xu, Yanwu},
  booktitle={Medical Imaging with Deep Learning},
  pages={1623--1639},
  year={2024},
  organization={PMLR}
}

@article{yu2025improving,
  title={Improving the industrial defect recognition in radiographic testing by pre-training on medical radiographs},
  author={Yu, Han and Li, Xingjie and Xie, Huasheng and Li, Xinyue and Hou, Chunyu},
  journal={NDT \& E International},
  volume={149},
  pages={103260},
  year={2025},
  publisher={Elsevier}
}

@article{xu2023defect,
  title={Defect signal intelligent recognition of weld radiographs based on YOLO V5-IMPROVEMENT},
  author={Xu, Lushuai and Dong, Shaohua and Wei, Haotian and Ren, Qingying and Huang, Jiawei and Liu, Jiayue},
  journal={Journal of Manufacturing Processes},
  volume={99},
  pages={373--381},
  year={2023},
  publisher={Elsevier}
}

@article{yang2021automatic,
  title={An automatic welding defect location algorithm based on deep learning},
  author={Yang, Lei and Wang, Huaixin and Huo, Benyan and Li, Fangyuan and Liu, Yanhong},
  journal={Ndt \& E International},
  volume={120},
  pages={102435},
  year={2021},
  publisher={Elsevier}
}

@inproceedings{hu2023bag,
  title={A Bag of Tricks for Fine-Grained roof Extraction},
  author={Hu, Jiarui and Huang, Zijun and Shen, Fei and He, Dian and Xian, Qingyu},
  booktitle={IGARSS 2023-2023 IEEE International Geoscience and Remote Sensing Symposium},
  year={2023},
  organization={IEEE}
}

@inproceedings{yan2024enhancing,
  title={Enhancing Landslide Segmentation with Guide Attention Mechanism and Fast Fourier Transformer},
  author={Yan, Kaiyu and Shen, Fei and Li, Zongyi},
  booktitle={International Conference on Intelligent Computing},
  pages={296--307},
  year={2024},
  organization={Springer}
}

@article{liu2023multiple,
  title={A multiple scale spaces empowered approach for welding radiographic image defect segmentation},
  author={Liu, Tianyuan and Zheng, Pai and Liu, Xiaojia},
  journal={NDT \& E International},
  volume={139},
  pages={102934},
  year={2023},
  publisher={Elsevier}
}

@inproceedings{qin2021fcanet,
  title={Fcanet: Frequency channel attention networks},
  author={Qin, Zequn and Zhang, Pengyi and Wu, Fei and Li, Xi},
  booktitle={Proceedings of the IEEE/CVF international conference on computer vision},
  pages={783--792},
  year={2021}
}

@inproceedings{shen2024imagpose,
  title={IMAGPose: A Unified Conditional Framework for Pose-Guided Person Generation},
  author={Shen, Fei and Tang, Jinhui},
  booktitle={The Thirty-eighth Annual Conference on Neural Information Processing Systems},
  year={2024}
}


@article{shen2024imagdressing,
  title={IMAGDressing-v1: Customizable Virtual Dressing},
  author={Shen, Fei and Jiang, Xin and He, Xin and Ye, Hu and Wang, Cong and Du, Xiaoyu and Li, Zechao and Tang, Jinghui},
  journal={arXiv preprint arXiv:2407.12705},
  year={2024}
}


@article{guo2022segnext,
  title={Segnext: Rethinking convolutional attention design for semantic segmentation. arXiv 2022},
  author={Guo, MH and Lu, CZ and Hou, Q and Liu, Z and Cheng, MM and Hu, SM},
  journal={arXiv preprint arXiv:2209.08575},
  year={2022}
}

@article{kisantal2019augmentation,
  title={Augmentation for Small Object Detection},
  author={Kisantal, Mate},
  journal={arXiv preprint arXiv:1902.07296},
  year={2019}
}



@Misc{MSCOCO,
howpublished ={\url{http://cocodataset.org/\#detection-leaderboard}},
title = {Microsoft Common Objects in Context},
author = {Microsoft}
 
}

@article{perri2023welding,
  title={Welding defects classification through a Convolutional Neural Network},
  author={Perri, Stefania and Spagnolo, Fanny and Frustaci, Fabio and Corsonello, Pasquale},
  journal={Manufacturing Letters},
  volume={35},
  pages={29--32},
  year={2023},
  publisher={Elsevier}
}

@article{anouncia2006non,
  title={Non-destructive testing using radiographic images a survey},
  author={Anouncia, S Margaret and Saravanan, R},
  journal={Insight-Non-Destructive Testing and Condition Monitoring},
  volume={48},
  number={10},
  pages={592--597},
  year={2006},
  publisher={The British Institute of Non-Destructive Testing}
}

@article{galos2021novel,
  title={Novel non-destructive technique for detecting the weld fusion zone using a filler wire of high x-ray contrast},
  author={Galos, Joel and Ghaffari, B and Hetrick, ET and Jones, MH and Benoit, MJ and Wood, T and Sanders, PG and Easton, MA and Mouritz, AP},
  journal={NDT \& E International},
  volume={124},
  pages={102537},
  year={2021},
  publisher={Elsevier}
}

