@inproceedings{emode23,
	title        = {{Traffic Simulation with Incomplete Data: the Case of Brussels}},
	author       = {Guastella, D. A. and Cornelis, B. and Bontempi, G.},
	year         = 2023,
	booktitle    = {Proceedings of the 1st ACM SIGSPATIAL International Workshop on Methods for Enriched Mobility Data: Emerging Issues and Ethical Perspectives 2023},
	location     = {Hamburg, Germany},
	publisher    = {Association for Computing Machinery},
	address      = {New York, NY, USA},
	series       = {EMODE '23},
	pages        = {15–24},
	doi          = {10.1145/3615885.3628004},
	isbn         = 9798400703478,
	numpages     = 10
}

@ARTICLE{10360829,
  author={Guastella, D. A. and Pournaras, E.},
  journal={IEEE Access}, 
  title={{Cooperative Multi-Agent Traffic Monitoring Can Reduce Camera Surveillance}}, 
  year={2023},
  volume={11},
  number={},
  pages={142125-142145},
  doi={10.1109/ACCESS.2023.3343620}
}


@inproceedings{barbecho_bautista_evaluation_2020,
	location = {Alicante, Spain},
	title = {Evaluation of Dynamic Route Planning Impact on Vehicular Communications with {SUMO}},
	isbn = {978-1-4503-8117-8},
	doi = {10.1145/3416010.3423233},
	eventtitle = {{MSWiM} '20: 23rd International {ACM} Conference on Modeling, Analysis and Simulation of Wireless and Mobile Systems},
	pages = {27--35},
	booktitle = {Proceedings of the 23rd International {ACM} Conference on Modeling, Analysis and Simulation of Wireless and Mobile Systems},
	publisher = {{ACM}},
	author = {Barbecho Bautista, P. and Urquiza-Aguiar, L. and Aguilar Igartua, M.},
	year = {2020},
}
@article{osorio_high-dimensional_2019,
	title        = {{High-dimensional offline origin-destination (OD) demand calibration for stochastic traffic simulators of large-scale road networks}},
	author       = {Osorio, C.},
	year         = 2019,
	journal      = {Transportation Research Part B: Methodological},
	volume       = 124,
	pages        = {18--43},
	doi          = {10.1016/j.trb.2019.01.005}
}
@article{nie_towards_2023,
	title        = {{Towards better traffic volume estimation: Jointly addressing the underdetermination and nonequilibrium problems with correlation-adaptive GNNs}},
	author       = {Nie, T. and Qin, G. and Wang, Yunpeng and Sun, J.},
	year         = 2023,
	journal      = {Transportation Research Part C: Emerging Technologies},
	volume       = 157,
	pages        = 104402,
	doi          = {10.1016/j.trc.2023.104402}
}
@inproceedings{kostic_techniques_2017,
	title        = {{Techniques for improving the effectiveness of the SPSA algorithm in dynamic demand calibration}},
	author       = {Kostic, B. and Gentile, G. and Antoniou, C.},
	year         = 2017,
	booktitle    = {2017 5th {IEEE} International Conference on Models and Technologies for Intelligent Transportation Systems ({MT}-{ITS})},
	location     = {Naples, Italy},
	publisher    = {{IEEE}},
	pages        = {368--373},
	doi          = {10.1109/MTITS.2017.8005699},
	isbn         = {978-1-5090-6484-7},
	eventtitle   = {2017 5th {IEEE} International Conference on Models and Technologies for Intelligent Transportation Systems ({MT}-{ITS})}
}
@article{wei_evaluating_2023,
	title        = {{Evaluating Contraflow High-Occupancy Vehicle Lane Designs for Mitigating High-Occupancy Vehicle Lane Performance Degradation}},
	author       = {Wei, Z. and Hao, P. and Barth, M. and Boriboonsomsin, K.},
	year         = 2023,
	journal      = {Transportation Research Record: Journal of the Transportation Research Board},
	volume       = 2677,
	number       = 5,
	pages        = {707--719},
	doi          = {10.1177/03611981221135805},
	issn         = {0361-1981, 2169-4052}
}
@article{sha_calibrating_2023,
	title        = {{Calibrating stochastic traffic simulation models for safety and operational measures based on vehicle conflict distributions obtained from aerial and traffic camera videos}},
	author       = {Sha, D. and Gao, J. and Yang, D. and Zuo, F. and Ozbay, K.},
	year         = 2023,
	journal      = {Accident Analysis \& Prevention},
	volume       = 179,
	pages        = 106878,
	doi          = {10.1016/j.aap.2022.106878},
	issn         = {00014575}
}
@article{doi:10.1080/19427867.2022.2065592,
	title        = {{Investigating the role of green transport, environmental taxes and expenditures in mitigating the transport CO2 emissions}},
	author       = {Hussain, Z. and Khan, M. K. and Xia, Z.},
	year         = 2023,
	journal      = {Transportation Letters},
	publisher    = {Taylor & Francis},
	volume       = 15,
	number       = 5,
	pages        = {439--449},
	doi          = {10.1080/19427867.2022.2065592}
}
@article{siebke_what_2022,
	title        = {{What Do Traffic Simulations Have to Provide for Virtual Road Safety Assessment? Human Error Modeling in Traffic Simulations}},
	author       = {Siebke, C. and Mai, M. and Prokop, G.},
	year         = 2022,
	journal      = {{IEEE} Transactions on Intelligent Transportation Systems},
	pages        = {1--18},
	doi          = {10.1109/TITS.2022.3220961},
	issn         = {1524-9050, 1558-0016}
}
@article{zhang_efficient_2017,
	title        = {{Efficient calibration techniques for large-scale traffic simulators}},
	author       = {Zhang, C. and Osorio, C. and Flötteröd, G.},
	year         = 2017,
	journal      = {Transportation Research Part B: Methodological},
	volume       = 97,
	pages        = {214--239},
	doi          = {10.1016/j.trb.2016.12.005},
	issn         = {01912615}
}
@article{COSTA2021102905,
	title        = {{Spatial disparity of income-weighted accessibility in Brazilian Cities: Application of a Google Maps API}},
	author       = {Costa, C. and Ha, J. and Lee, S.},
	year         = 2021,
	journal      = {Journal of Transport Geography},
	volume       = 90,
	pages        = 102905,
	doi          = {https://doi.org/10.1016/j.jtrangeo.2020.102905},
	issn         = {0966-6923}
}
@inproceedings{dijkstra,
	title        = {{Dijkstra's and A-Star in Finding the Shortest Path: a Tutorial}},
	author       = {Candra, A. and Budiman, M. A. and Hartanto, K.},
	year         = 2020,
	booktitle    = {2020 International Conference on Data Science, Artificial Intelligence, and Business Analytics (DATABIA)},
	volume       = {},
	number       = {},
	pages        = {28--32},
	doi          = {10.1109/DATABIA50434.2020.9190342}
}
@article{sqv,
	title        = {{Scalable GEH: A Quality Measure for Comparing Observed and Modeled Single Values in a Travel Demand Model Validation}},
	author       = {M. and Pestel, E. and Schiller, C. and Simon, R.},
	year         = 2019,
	journal      = {Transportation Research Record},
	volume       = 2673,
	number       = 4,
	pages        = {722--732},
	doi          = {10.1177/0361198119838849}
}
@article{model_tartu,
	title        = {{Leveraging IoT data stream for near-real-time calibration of city-scale microscopic traffic simulation}},
	author       = {Pourmoradnasseri, M. and Khoshkhah, K. and Hadachi, A.},
	year         = 2023,
	journal      = {IET Smart Cities},
	volume       = 5,
	number       = 4,
	pages        = {269--290},
	doi          = {https://doi.org/10.1049/smc2.12071}
}
@article{9606704,
	title        = {{Alicante-Murcia Freeway Scenario: A High-Accuracy and Large-Scale Traffic Simulation Scenario Generated Using a Novel Traffic Demand Calibration Method in SUMO}},
	author       = {Gonzalez-Delicado, J. J. and Gozalvez, J. and Mena-Oreja, J. and Sepulcre, M. and Coll-Perales, B.},
	year         = 2021,
	journal      = {IEEE Access},
	volume       = 9,
	number       = {},
	pages        = {154423--154434},
	doi          = {10.1109/ACCESS.2021.3126269}
}
@article{pourmoradnasseri_leveraging_2023,
	title        = {{Leveraging IoT data stream for near-real-time calibration of city-scale microscopic traffic simulation}},
	author       = {Pourmoradnasseri, M. and Khoshkhah, K. and Hadachi, A.},
	year         = 2023,
	journal      = {IET Smart Cities},
	volume       = 5,
	number       = 4,
	pages        = {269--290},
	doi          = {10.1049/smc2.12071},
	issn         = {2631-7680, 2631-7680},
	url          = {https://ietresearch.onlinelibrary.wiley.com/doi/10.1049/smc2.12071},
	urldate      = {2024-01-12}
}
@article{cadyts,
	title        = {{Disaggregate Path Flow Estimation in an Iterated Dynamic Traffic Assignment Microsimulation}},
	author       = {Fl\"{o}tter\"{o}d, G. and Liu, R.},
	year         = 2014,
	journal      = {Journal of Intelligent Transportation Systems},
	publisher    = {Taylor & Francis},
	volume       = 18,
	number       = 2,
	pages        = {204--214},
	doi          = {10.1080/15472450.2013.806854}
}



@inproceedings{zhu_demand_2020,
	title        = {{Demand estimation and spatio-temporal clustering for urban road networks}},
	author       = {Zhu, C. and Wu, J. and Kouvelas, A.},
	year         = 2021,
	doi          = {10.3929/ETHZ-B-000456499},
	eventtitle	= {9th Symposium of the European Association for Research in Transportation (hEART 2021), online, February 3-4, 2021},
	publisher = {European Association for Research in Transportation},
	booktitle	= {9th Symposium of the European Association for Research in Transportation (hEART 2021), online, February 3-4, 2021},
}
@article{CIPRIANI2021103443,
	title        = {{Traffic demand estimation using path information from Bluetooth data}},
	author       = {Cipriani, E.  and Gemma, A. and Mannini, L. and Carrese, S. and Crisalli, U.},
	year         = 2021,
	journal      = {Transportation Research Part C: Emerging Technologies},
	volume       = 133,
	pages        = 103443,
	doi          = {https://doi.org/10.1016/j.trc.2021.103443},
	issn         = {0968-090X}
}
@article{abrahamsson1998estimation,
  title={Estimation of origin-destination matrices using traffic counts-a literature survey},
  author={Abrahamsson, Torgil},
  year={1998},
  journal={International Institute for Applied Systems Analysis Working Papers},
  publisher={IR-98-021}
}
@article{rong2023interdisciplinary,
  title={An interdisciplinary survey on origin-destination flows modeling: Theory and techniques},
  author={Rong, Can and Ding, Jingtao and Li, Yong},
  journal={ACM Computing Surveys},
  year={2023},
  publisher={ACM New York, NY}
}
@incollection{doerr2020complexity,
  title={Complexity theory for discrete black-box optimization heuristics},
  author={Doerr, Carola},
  booktitle={Theory of evolutionary computation},
  pages={133--212},
  year={2020},
  publisher={Springer}
}
@inproceedings{chao2020survey,
  title={A survey on visual traffic simulation: Models, evaluations, and applications in autonomous driving},
  author={Chao, Qianwen and Bi, Huikun and Li, Weizi and Mao, Tianlu and Wang, Zhaoqi and Lin, Ming C and Deng, Zhigang},
  booktitle={Computer Graphics Forum},
  volume={39},
  number={1},
  pages={287--308},
  year={2020},
  organization={Wiley Online Library}
}
@inproceedings{mehrabani2023development,
  title={Development, calibration, and validation of a large-scale traffic simulation model: Belgium road network},
  author={Mehrabani, Behzad Bamdad and Sgambi, Luca and Maerivoet, Sven and Snelder, Maaike},
  booktitle={SUMO Conference Proceedings},
  volume={4},
  pages={15--27},
  year={2023}
}
@article{PAMULA2023105550,
	title        = {{Estimation and prediction of the OD matrix in uncongested urban road network based on traffic flows using deep learning}},
	author       = {Pamu\l{}a, T. and \.{Z}ochowska, R.},
	year         = 2023,
	journal      = {Engineering Applications of Artificial Intelligence},
	volume       = 117,
	pages        = 105550,
	doi          = {https://doi.org/10.1016/j.engappai.2022.105550},
	issn         = {0952-1976}
}
@article{Bochenina_Taleiko_Ruotsalainen_2023,
	title        = {{Simulation-Based Origin-Destination Matrix Reduction: A Case Study of Helsinki City Area}},
	author       = {Bochenina, K. and Taleiko, A. and Ruotsalainen, L.},
	year         = 2023,
	month        = {Jun.},
	journal      = {SUMO Conference Proceedings},
	volume       = 4,
	pages        = {1–13},
	doi          = {10.52825/scp.v4i.197}
}
@article{s20185226,
	title        = {{Origin–Destination Flow Estimation from Link Count Data Only}},
	author       = {Dey, S. and Winter, S. and Tomko, M.},
	year         = 2020,
	journal      = {Sensors},
	volume       = 20,
	number       = 18,
	doi          = {10.3390/s20185226},
	issn         = {1424-8220},
	article-number = 5226
}
@article{behrisch_comparison_2022,
	title        = {{A comparison of SUMO's count based and countless demand generation tools}},
	author       = {Behrisch, M. and Hartwig, P.},
	year         = 2022,
	journal      = {{SUMO} Conference Proceedings},
	volume       = 2,
	pages        = {125--131},
	doi          = {10.52825/scp.v2i.107},
	issn         = {2750-4425}
}
@article{wilkinson_revising_2006,
	title        = {{Revising the Pareto Chart}},
	author       = {Wilkinson, L},
	year         = 2006,
	journal      = {The American Statistician},
	volume       = 60,
	number       = 4,
	pages        = {332--334},
	issn         = {00031305},
	urldate      = {2023-08-28},
	note         = {Publisher: [American Statistical Association, Taylor \& Francis, Ltd.]}
}
@article{toledo_calib04,
	title        = {{Calibration of Microscopic Traffic Simulation Models with Aggregate Data}},
	author       = {Toledo, T. and Ben-Akiva, M. and Darda, D. and Jha, M. and Koutsopoulos, H.},
	year         = 2004,
	month        = {01},
	journal      = {Transportation Research Record},
	volume       = 1876,
	pages        = {10--19},
	doi          = {10.3141/1876-02}
}
@article{ledmaoui_forecasting_2023,
	title        = {{Forecasting solar energy production: A comparative study of machine learning algorithms}},
	author       = {Ledmaoui, Y. and El Maghraoui, A. and El Aroussi, M. and Saadane, R. and Chebak, A. and Chehri, A.},
	year         = 2023,
	month        = nov,
	journal      = {Energy Reports},
	volume       = 10,
	pages        = {1004--1012},
	doi          = {10.1016/j.egyr.2023.07.042},
	issn         = 23524847
}
@article{sha2020applying,
	title        = {{Applying Bayesian Optimization for Calibration of Transportation Simulation Models}},
	author       = {Sha, D. and Ozbay, K. and Ding, Y.},
	year         = 2020,
	journal      = {Transportation Research Record},
	volume       = 2674,
	number       = 10,
	pages        = {215--228},
	doi          = {10.1177/0361198120936252}
}
@article{KUSIC2023101858,
	title        = {{A digital twin in transportation: Real-time synergy of traffic data streams and simulation for virtualizing motorway dynamics}},
	author       = {Ku\v{s}i\'{c}, K. and Schumann, R. and Ivanjko, E.},
	year         = 2023,
	journal      = {Advanced Engineering Informatics},
	volume       = 55,
	pages        = 101858,
	doi          = {https://doi.org/10.1016/j.aei.2022.101858},
	issn         = {1474-0346}
}
@inproceedings{dlr82548,
	title        = {{Benchmarking SUMO Generated Traffic Simulation Results Based on GEH Statistic}},
	author       = {Dalaff, C. and Ebendt, R. and Erdmann, J. and Gurczik, G. and Touko Tcheumadjeu, L. C.},
	year         = 2013,
	month        = {May},
	booktitle    = {SUMO2013 - The first SUMO User Conference}
}
@article{batista_regional_2019,
	title        = {{Regional Dynamic Traffic Assignment Framework for Macroscopic Fundamental Diagram Multi-regions Models}},
	author       = {Batista, S. F. A. and Leclercq, L.},
	year         = 2019,
	month        = nov,
	journal      = {Transportation Science},
	volume       = 53,
	number       = 6,
	pages        = {1563--1590},
	doi          = {10.1287/trsc.2019.0921},
	issn         = {0041-1655, 1526-5447}
}
@article{argota_sanchez_vaquerizo_2021,
	title        = {{Getting Real: The Challenge of Building and Validating a Large-Scale Digital Twin of Barcelona’s Traffic with Empirical Data}},
	author       = {Argota S\'{a}nchez-Vaquerizo, J.},
	year         = 2021,
	month        = dec,
	journal      = {ISPRS International Journal of Geo-Information},
	volume       = 11,
	number       = 1,
	pages        = 24,
	doi          = {10.3390/ijgi11010024},
	issn         = {2220-9964}
}
