@article{9606704,
	title        = {{Alicante-Murcia Freeway Scenario: A High-Accuracy and Large-Scale Traffic Simulation Scenario Generated Using a Novel Traffic Demand Calibration Method in SUMO}},
	author       = {Gonzalez-Delicado, J. J. and Gozalvez, J. and Mena-Oreja, J. and Sepulcre, M. and Coll-Perales, B.},
	year         = 2021,
	journal      = {IEEE Access},
	volume       = 9,
	number       = {},
	pages        = {154423--154434},
	doi          = {10.1109/ACCESS.2021.3126269}
}

@article{PAMULA2023105550,
	title        = {{Estimation and prediction of the OD matrix in uncongested urban road network based on traffic flows using deep learning}},
	author       = {Pamu\l{}a, T. and \.{Z}ochowska, R.},
	year         = 2023,
	journal      = {Engineering Applications of Artificial Intelligence},
	volume       = 117,
	pages        = 105550,
	doi          = {https://doi.org/10.1016/j.engappai.2022.105550},
	issn         = {0952-1976}
}

@article{abrahamsson1998estimation,
  title={Estimation of origin-destination matrices using traffic counts-a literature survey},
  author={Abrahamsson, Torgil},
  year={1998},
  journal={International Institute for Applied Systems Analysis Working Papers},
  publisher={IR-98-021}
}

@article{behrisch_comparison_2022,
	title        = {{A comparison of SUMO's count based and countless demand generation tools}},
	author       = {Behrisch, M. and Hartwig, P.},
	year         = 2022,
	journal      = {{SUMO} Conference Proceedings},
	volume       = 2,
	pages        = {125--131},
	doi          = {10.52825/scp.v2i.107},
	issn         = {2750-4425}
}

@inproceedings{kostic_techniques_2017,
	title        = {{Techniques for improving the effectiveness of the SPSA algorithm in dynamic demand calibration}},
	author       = {Kostic, B. and Gentile, G. and Antoniou, C.},
	year         = 2017,
	booktitle    = {2017 5th {IEEE} International Conference on Models and Technologies for Intelligent Transportation Systems ({MT}-{ITS})},
	location     = {Naples, Italy},
	publisher    = {{IEEE}},
	pages        = {368--373},
	doi          = {10.1109/MTITS.2017.8005699},
	isbn         = {978-1-5090-6484-7},
	eventtitle   = {2017 5th {IEEE} International Conference on Models and Technologies for Intelligent Transportation Systems ({MT}-{ITS})}
}

@inproceedings{mehrabani2023development,
  title={Development, calibration, and validation of a large-scale traffic simulation model: Belgium road network},
  author={Mehrabani, Behzad Bamdad and Sgambi, Luca and Maerivoet, Sven and Snelder, Maaike},
  booktitle={SUMO Conference Proceedings},
  volume={4},
  pages={15--27},
  year={2023}
}

@article{pourmoradnasseri_leveraging_2023,
	title        = {{Leveraging IoT data stream for near-real-time calibration of city-scale microscopic traffic simulation}},
	author       = {Pourmoradnasseri, M. and Khoshkhah, K. and Hadachi, A.},
	year         = 2023,
	journal      = {IET Smart Cities},
	volume       = 5,
	number       = 4,
	pages        = {269--290},
	doi          = {10.1049/smc2.12071},
	issn         = {2631-7680, 2631-7680},
	url          = {https://ietresearch.onlinelibrary.wiley.com/doi/10.1049/smc2.12071},
	urldate      = {2024-01-12}
}

@article{rong2023interdisciplinary,
  title={An interdisciplinary survey on origin-destination flows modeling: Theory and techniques},
  author={Rong, Can and Ding, Jingtao and Li, Yong},
  journal={ACM Computing Surveys},
  year={2023},
  publisher={ACM New York, NY}
}

@article{sha2020applying,
	title        = {{Applying Bayesian Optimization for Calibration of Transportation Simulation Models}},
	author       = {Sha, D. and Ozbay, K. and Ding, Y.},
	year         = 2020,
	journal      = {Transportation Research Record},
	volume       = 2674,
	number       = 10,
	pages        = {215--228},
	doi          = {10.1177/0361198120936252}
}

@article{zhang_efficient_2017,
	title        = {{Efficient calibration techniques for large-scale traffic simulators}},
	author       = {Zhang, C. and Osorio, C. and Flötteröd, G.},
	year         = 2017,
	journal      = {Transportation Research Part B: Methodological},
	volume       = 97,
	pages        = {214--239},
	doi          = {10.1016/j.trb.2016.12.005},
	issn         = {01912615}
}

@inproceedings{zhu_demand_2020,
	title        = {{Demand estimation and spatio-temporal clustering for urban road networks}},
	author       = {Zhu, C. and Wu, J. and Kouvelas, A.},
	year         = 2021,
	doi          = {10.3929/ETHZ-B-000456499},
	eventtitle	= {9th Symposium of the European Association for Research in Transportation (hEART 2021), online, February 3-4, 2021},
	publisher = {European Association for Research in Transportation},
	booktitle	= {9th Symposium of the European Association for Research in Transportation (hEART 2021), online, February 3-4, 2021},
}

