@misc{cheema-etal-2021-fair,
      title={A Fair and Comprehensive Comparison of Multimodal Tweet Sentiment Analysis Methods}, 
      author={Gullal S. Cheema and Sherzod Hakimov and Eric MÃ¼ller-Budack and Ralph Ewerth},
      year={2021},
      eprint={2106.08829},
      archivePrefix={arXiv},
      primaryClass={cs.SI}
}

@misc{chen-etal-2024-holistic,
      title={Holistic Visual-Textual Sentiment Analysis with Prior Models}, 
      author={Junyu Chen and Jie An and Hanjia Lyu and Christopher Kanan and Jiebo Luo},
      year={2024},
      eprint={2211.12981},
      archivePrefix={arXiv},
      primaryClass={cs.CV},
      url={https://arxiv.org/abs/2211.12981}, 
}

@article{gandhi-etal-2023-multi,
      title = {Multimodal sentiment analysis: A systematic review of history, datasets, multimodal fusion methods, applications, challenges and future directions},
      author = {Ankita Gandhi and Kinjal Adhvaryu and Soujanya Poria and Erik Cambria and Amir Hussain},
      journal = {Information Fusion},
      volume = {91},
      pages = {424-444},
      year = {2023},
      issn = {1566-2535},
      doi = {https://doi.org/10.1016/j.inffus.2022.09.025},
      url = {https://www.sciencedirect.com/science/article/pii/S1566253522001634},

}

@misc{he-etal-2015-deep,
      title={Deep Residual Learning for Image Recognition}, 
      author={Kaiming He and Xiangyu Zhang and Shaoqing Ren and Jian Sun},
      year={2015},
      eprint={1512.03385},
      archivePrefix={arXiv},
      primaryClass={cs.CV}
}

@misc{liu-etal-2019-roberta,
      title={RoBERTa: A Robustly Optimized BERT Pretraining Approach}, 
      author={Yinhan Liu and Myle Ott and Naman Goyal and Jingfei Du and Mandar Joshi and Danqi Chen and Omer Levy and Mike Lewis and Luke Zettlemoyer and Veselin Stoyanov},
      year={2019},
      eprint={1907.11692},
      archivePrefix={arXiv},
      primaryClass={cs.CL}
}

@misc{liu-etal-2023-improved,
      title={Improved Baselines with Visual Instruction Tuning}, 
      author={Haotian Liu and Chunyuan Li and Yuheng Li and Yong Jae Lee},
      year={2023},
      eprint={2310.03744},
      archivePrefix={arXiv},
      primaryClass={cs.CV}
}

@misc{liu-etal-2023-visual-arxiv,
      title={Visual Instruction Tuning}, 
      author={Haotian Liu and Chunyuan Li and Qingyang Wu and Yong Jae Lee},
      year={2023},
      eprint={2304.08485},
      archivePrefix={arXiv},
      primaryClass={cs.CV}
}

@misc{naveed-etal-2023-comprehensive,
      title={A Comprehensive Overview of Large Language Models}, 
      author={Humza Naveed and Asad Ullah Khan and Shi Qiu and Muhammad Saqib and Saeed Anwar and Muhammad Usman and Naveed Akhtar and Nick Barnes and Ajmal Mian},
      year={2023},
      eprint={2307.06435},
      archivePrefix={arXiv},
      primaryClass={cs.CL}
}

@misc{radford-etal-2021-learning,
      title={Learning Transferable Visual Models From Natural Language Supervision}, 
      author={Alec Radford and Jong Wook Kim and Chris Hallacy and Aditya Ramesh and Gabriel Goh and Sandhini Agarwal and Girish Sastry and Amanda Askell and Pamela Mishkin and Jack Clark and Gretchen Krueger and Ilya Sutskever},
      year={2021},
      eprint={2103.00020},
      archivePrefix={arXiv},
      primaryClass={cs.CV}
}

@misc{wang-etal-2023-exploring,
      title={Exploring Multimodal Sentiment Analysis via CBAM Attention and Double-layer BiLSTM Architecture}, 
      author={Huiru Wang and Xiuhong Li and Zenyu Ren and Dan Yang and chunming Ma},
      year={2023},
      eprint={2303.14708},
      archivePrefix={arXiv},
      primaryClass={cs.CV}
}

@misc{woo-etal-2018-cbam,
      title={CBAM: Convolutional Block Attention Module}, 
      author={Sanghyun Woo and Jongchan Park and Joon-Young Lee and In So Kweon},
      year={2018},
      eprint={1807.06521},
      archivePrefix={arXiv},
      primaryClass={cs.CV}
}

