@inproceedings{saremichain,
  title={Chain of Log-Concave {M}arkov Chains},
  author={Saremi, Saeed and Park, Ji Won and Bach, Francis},
  booktitle={International Conference on Learning Representations},
year = 2024
}



@article{peyre2019computational,
  title={Computational optimal transport: With applications to data science},
  author={Peyr{\'e}, Gabriel and Cuturi, Marco },
  journal={Foundations and Trends  in Machine Learning},
  volume={11},
  number={5-6},
  pages={355--607},
  year={2019}
}


@book{ ltfp,
author="Francis Bach",
title="Learning Theory from First Principles",
year="2024",
publisher="MIT Press"
}

@article{dalalyan2017theoretical,
  title={Theoretical guarantees for approximate sampling from smooth and log-concave densities},
  author={Dalalyan, Arnak S.},
  journal={Journal of the Royal Statistical Society. Series B (Statistical Methodology)},
  pages={651--676},
volume="79",
number = "3",
  year={2017},
  publisher={JSTOR}
}

@article{durmus2017nonasymptotic,
  author = {Alain Durmus and {\'E}ric Moulines},
  title = {{Nonasymptotic convergence analysis for the unadjusted Langevin algorithm}},
  volume = {27},
  journal = {The Annals of Applied Probability},
  number = {3},
  publisher = {Institute of Mathematical Statistics},
  pages = {1551 -- 1587},
  keywords = {Langevin diffusion, Markov chain Monte Carlo, Metropolis adjusted Langevin algorithm, rate of convergence, total variation distance},
  year = {2017}}

@inproceedings{cheng2018underdamped,
  title={Underdamped {L}angevin {MCMC}: A non-asymptotic analysis},
  author={Cheng, Xiang and Chatterji, Niladri S. and Bartlett, Peter L. and Jordan, Michael I.},
  booktitle={Conference on Learning Theory},
  year={2018}
}

@inproceedings{loudiscrete,
  title={Discrete Diffusion Modeling by Estimating the Ratios of the Data Distribution},
  author={Lou, Aaron and Meng, Chenlin and Ermon, Stefano},
  booktitle={International Conference on Machine Learning},
year="2024"
}


@book{ chewi,
title="Log-concave Sampling",
author="Sinho Chewi",
year="2024",
publisher="Book draft",
url="https://chewisinho.github.io/main.pdf"}



@inproceedings{robbins1956empirical,
  title={An empirical {B}ayes approach to statistics},
  author={Robbins, Herbert},
  booktitle={Proc. Third Berkeley Symp.},
  volume={1},
  pages={157--163},
  year={1956}
}

@article{miyasawa1961empirical,
  title={An empirical {B}ayes estimator of the mean of a normal population},
  author={Miyasawa, Koichi},
  journal={Bulletin of the International Statistical Institute},
  volume={38},
  number={4},
  pages={181--188},
  year={1961},
}

@article{hyvarinen2005estimation,
  title={Estimation of non-normalized statistical models by score matching},
  author={Hyv{\"a}rinen, Aapo},
  journal={Journal of Machine Learning Research},
  volume={6},
  number={Apr},
  pages={695--709},
  year={2005}
}


@book{levin2017markov,
  title={Markov Chains and Mixing Times},
  author={Levin, David A. and Peres, Yuval},
  year={2017},
  publisher={American Mathematical Society}
}


@article{vincent2011connection,
  title={A connection between score matching and denoising autoencoders},
  author={Vincent, Pascal},
  journal={Neural Computation},
  volume={23},
  number={7},
  pages={1661--1674},
  year={2011}
}

 


@article{saremi2019neural,
  author = {Saeed Saremi and Aapo Hyv{{\"a}}rinen},
  journal = {Journal of Machine Learning Research},
  number = {181},
  pages = {1-23},
  title = {Neural Empirical {B}ayes},
  volume = {20},
  year = {2019}}

  @inproceedings{saremi2022multimeasurement,
  title={Multimeasurement Generative Models},
  author={Saremi, Saeed and Srivastava, Rupesh Kumar},
  booktitle={International Conference on Learning Representations},
  year={2022}
}


@article{montanari2023sampling,
  title={Sampling, diffusions, and stochastic localization},
  author={Montanari, Andrea},
  journal={arXiv preprint arXiv:2305.10690},
  year={2023}
}

@inproceedings{pinheiro2023d,
title={3{D} molecule generation by denoising voxel grids},
author={Pedro O. Pinheiro and Joshua Rackers and Joseph Kleinhenz and Michael Maser and Omar Mahmood and Andrew Martin Watkins and Stephen Ra and Vishnu Sresht and Saeed Saremi},
booktitle={Advances in Neural Information Processing Systems},
year={2023},
}

@inproceedings{frey2023learning,
  title={Protein Discovery with Discrete Walk-Jump Sampling},
  author={Frey, Nathan C and Berenberg, Dan and Kleinhenz, Joseph and Hotzel, Isidro and Lafrance-Vanasse, Julien and Kelly, Ryan Lewis and Wu, Yan and Rajpal, Arvind and Ra, Stephen and Bonneau, Richard and Cho, Kyunghyun and Loukas, Andreas and Gligorijevic, Vladimir and Saremi, Saeed},
  booktitle={International Conference on Learning Representations},
  year={2024}
}



@inproceedings{pinheiro2024structure,
  title={Structure-based drug design by denoising voxel grids},
  author={Pinheiro, Pedro O and Jamasb, Arian and Mahmood, Omar and Sresht, Vishnu and Saremi, Saeed},
  booktitle={International Conference on Machine Learning},
  year={2024}
}


@inproceedings{kirchmeyer2024score,
  title={Score-based {3D} molecule generation with neural fields},
  author={Kirchmeyer, Matthieu and Pinheiro, Pedro O and Saremi, Saeed},
  booktitle={Advances in Neural Information Processing Systems},
  year={2024},
}


@inproceedings{lee2021structured,
  title={Structured logconcave sampling with a restricted Gaussian oracle},
  author={Lee, Yin Tat and Shen, Ruoqi and Tian, Kevin},
  booktitle={Conference on Learning Theory},
  year={2021}
}


@inproceedings{meng2022concrete,
  title={Concrete score matching: Generalized score matching for discrete data},
  author={Meng, Chenlin and Choi, Kristy and Song, Jiaming and Ermon, Stefano},
  booktitle={Advances in Neural Information Processing Systems},
  year={2022}
}

@article{robert2004metropolis,
  title={The {M}etropolis-{H}astings algorithm},
  author={Robert, Christian P. and Casella, George},
  journal={Monte Carlo Statistical Methods},
  pages={267--320},
  year={2004},
  publisher={Springer}
}


@inproceedings{zhang2022langevin,
  title={A {L}angevin-like sampler for discrete distributions},
  author={Zhang, Ruqi and Liu, Xingchao and Liu, Qiang},
  booktitle={International Conference on Machine Learning},
  year={2022},
}


@inproceedings{grathwohl2021oops,
  title={Oops {I} took a gradient: Scalable sampling for discrete distributions},
  author={Grathwohl, Will and Swersky, Kevin and Hashemi, Milad and Duvenaud, David and Maddison, Chris},
  booktitle={International Conference on Machine Learning},

  year={2021}
}


@article{lecun1998gradient,
  title={Gradient-based learning applied to document recognition},
  author={LeCun, Yann and Bottou, L{\'e}on and Bengio, Yoshua and Haffner, Patrick},
  journal={Proceedings of the IEEE},
  volume={86},
  number={11},
  pages={2278--2324},
  year={1998},
  publisher={Taipei, Taiwan}
}

@inproceedings{ronneberger2015u,
  title={U-{N}et: Convolutional networks for biomedical image segmentation},
  author={Ronneberger, Olaf and Fischer, Philipp and Brox, Thomas},
  booktitle={International Conference on Medical Image Computing and Computer-assisted Intervention},
  year={2015}
}

@inproceedings{dhariwal2021diffusion,
  title={Diffusion models beat {GAN}s on image synthesis},
  author={Dhariwal, Prafulla and Nichol, Alexander},
  booktitle={Advances in Neural Information Processing Systems},

  year={2021}
}

@inproceedings{loshchilov2019decoupled,
  title={Decoupled Weight Decay Regularization},
  author={Loshchilov, Ilya and Hutter, Frank},
  booktitle={International Conference on Learning Representations},
  year={2019}
}


@inproceedings{campbell2022continuous,
  title={A continuous time framework for discrete denoising models},
  author={Campbell, Andrew and Benton, Joe and De Bortoli, Valentin and Rainforth, Thomas and Deligiannidis, George and Doucet, Arnaud},
  booktitle={Advances in Neural Information Processing Systems},
  year={2022}
}


@inproceedings{hoogeboom2021argmax,
  title={Argmax flows and multinomial diffusion: Learning categorical distributions},
  author={Hoogeboom, Emiel and Nielsen, Didrik and Jaini, Priyank and Forr{\'e}, Patrick and Welling, Max},
  booktitle={Advances in Neural Information Processing Systems},
  year={2021}
}

@inproceedings{austin2021structured,
  title={Structured denoising diffusion models in discrete state-spaces},
  author={Austin, Jacob and Johnson, Daniel and Ho, Jonathan and Tarlow, Daniel and van den Berg, Rianne},
  booktitle={Advances in Neural Information Processing Systems},
  year={2021}
}


@inproceedings{sohl2015deep,
  title={Deep unsupervised learning using nonequilibrium thermodynamics},
  author={Sohl-Dickstein, Jascha and Weiss, Eric and Maheswaranathan, Niru and Ganguli, Surya},
  booktitle={International Conference on Machine Learning},
  year={2015},
}

@article{hyvarinen2007some,
  title={Some extensions of score matching},
  author={Hyv{\"a}rinen, Aapo},
  journal={Computational Statistics \& Data Analysis},
  volume={51},
  number={5},
  pages={2499--2512},
  year={2007},
  publisher={Elsevier}
}


@inproceedings{song2020score,
  author    = {Yang Song and
               Jascha Sohl{-}Dickstein and
               Diederik P. Kingma and
               Abhishek Kumar and
               Stefano Ermon and
               Ben Poole},
  title     = {Score-Based Generative Modeling through Stochastic Differential Equations},
  booktitle   = {International Conference on Learning Representations},
  year      = {2021}
}


@article{raphan2011least,
  title={Least squares estimation without priors or supervision},
  author={Raphan, Martin and Simoncelli, Eero P},
  journal={Neural Computation},
  volume={23},
  number={2},
  pages={374--420},
  year={2011},
  publisher={MIT Press}
}






