@inproceedings{austin2021structured,
  title={Structured denoising diffusion models in discrete state-spaces},
  author={Austin, Jacob and Johnson, Daniel and Ho, Jonathan and Tarlow, Daniel and van den Berg, Rianne},
  booktitle={Advances in Neural Information Processing Systems},
  year={2021}
}

@inproceedings{campbell2022continuous,
  title={A continuous time framework for discrete denoising models},
  author={Campbell, Andrew and Benton, Joe and De Bortoli, Valentin and Rainforth, Thomas and Deligiannidis, George and Doucet, Arnaud},
  booktitle={Advances in Neural Information Processing Systems},
  year={2022}
}

@inproceedings{hoogeboom2021argmax,
  title={Argmax flows and multinomial diffusion: Learning categorical distributions},
  author={Hoogeboom, Emiel and Nielsen, Didrik and Jaini, Priyank and Forr{\'e}, Patrick and Welling, Max},
  booktitle={Advances in Neural Information Processing Systems},
  year={2021}
}

@inproceedings{loudiscrete,
  title={Discrete Diffusion Modeling by Estimating the Ratios of the Data Distribution},
  author={Lou, Aaron and Meng, Chenlin and Ermon, Stefano},
  booktitle={International Conference on Machine Learning},
year="2024"
}

@inproceedings{sohl2015deep,
  title={Deep unsupervised learning using nonequilibrium thermodynamics},
  author={Sohl-Dickstein, Jascha and Weiss, Eric and Maheswaranathan, Niru and Ganguli, Surya},
  booktitle={International Conference on Machine Learning},
  year={2015},
}

