@inproceedings{GDPR,
  title={General data protection regulation},
  author={GDPR},
  year={2018}}

@article{ge2022contactless,
  title={Contactless WiFi sensing and monitoring for future healthcare-emerging trends, challenges, and opportunities},
  author={Ge, Yao and Taha, Ahmad and Shah, Syed Aziz and Dashtipour, Kia and Zhu, Shuyuan and Cooper, Jonathan and Abbasi, Qammer H and Imran, Muhammad Ali},
  journal={IEEE Reviews in Biomedical Engineering},
  volume={16},
  pages={171--191},
  year={2022},
  publisher={IEEE}
}
@article{jobanputra2019human,
  title={Human activity recognition: A survey},
  author={Jobanputra, Charmi and Bavishi, Jatna and Doshi, Nishant},
  journal={Procedia Computer Science},
  volume={155},
  pages={698--703},
  year={2019},
  publisher={Elsevier}
}
@inproceedings{lolla2019wifi,
  title={WiFi motion detection: A study into efficacy and classification},
  author={Lolla, Sadhana and Zhao, Amy},
  booktitle={IEEE Integrated STEM Education Conference},
  pages={375--378},
  year={2019},
}
@article{li2017learning,
  title={Learning without forgetting},
  author={Li, Zhizhong and Hoiem, Derek},
  journal={IEEE Transactions on Pattern Analysis and Machine Intelligence},
  volume={40},
  number={12},
  pages={2935--2947},
  year={2017},
  publisher={IEEE}
}
@inproceedings{zhu2021prototype,
  title={Prototype augmentation and self-supervision for incremental learning},
  author={Zhu, Fei and Zhang, Xu-Yao and Wang, Chuang and Yin, Fei and Liu, Cheng-Lin},
  booktitle={Proceedings of the IEEE/CVF Conference on Computer Vision and Pattern Recognition},
  pages={5871--5880},
  year={2021}
}
@inproceedings{gao2022r,
  title={R-dfcil: Relation-guided representation learning for data-free class incremental learning},
  author={Gao, Qiankun and Zhao, Chen and Ghanem, Bernard and Zhang, Jian},
  booktitle={European Conference on Computer Vision},
  pages={423--439},
  year={2022},
}
@inproceedings{asadi2023prototype,
  title={Prototype-sample relation distillation: towards replay-free continual learning},
  author={Asadi, Nader and Davari, MohammadReza and Mudur, Sudhir and Aljundi, Rahaf and Belilovsky, Eugene},
  booktitle={International Conference on Machine Learning},
  pages={1093--1106},
  year={2023},
}
@inproceedings{roy2023exemplar,
  title={Exemplar-free continual transformer with convolutions},
  author={Roy, Anurag and Verma, Vinay K and Voonna, Sravan and Ghosh, Kripabandhu and Ghosh, Saptarshi and Das, Abir},
  booktitle={Proceedings of the IEEE/CVF International Conference on Computer Vision},
  pages={5897--5907},
  year={2023}
}
@article{zhang2023csi,
  title={CSI-based cross-scene human activity recognition with incremental learning},
  author={Zhang, Yong and He, Fei and Wang, Yujie and Wu, Dingchao and Yu, Guangwei},
  journal={Neural Computing and Applications},
  volume={35},
  number={17},
  pages={12415--12432},
  year={2023},
  publisher={Springer}
}
@article{ding2023passive,
  title={Passive sensing for class-incremental human activity recognition},
  author={Ding, Xue and Zhong, Yi and Wu, Sheng and Jiang, Chunxiao and Xie, Weiliang},
  journal={IEEE Geoscience and Remote Sensing Letters},
  volume={20},
  pages={1--5},
  year={2023},
  publisher={IEEE}
}
@inproceedings{abdelnasser2015wigest,
  title={Wigest: A ubiquitous wifi-based gesture recognition system},
  author={Abdelnasser, Heba and Youssef, Moustafa and Harras, Khaled A},
  booktitle={IEEE Conference on Computer Communications},
  pages={1472--1480},
  year={2015},
}
@inproceedings{gu2014wifi,
  title={Wifi-assisted human activity recognition},
  author={Gu, Yu and Quan, Lianghu and Ren, Fuji},
  booktitle={IEEE Asia Pacific Conference on Wireless and Mobile},
  pages={60--65},
  year={2014},
}
@article{yang2013rssi,
  title={From RSSI to CSI: Indoor localization via channel response},
  author={Yang, Zheng and Zhou, Zimu and Liu, Yunhao},
  journal={ACM Computing Surveys},
  volume={46},
  number={2},
  pages={1--32},
  year={2013},
  publisher={ACM New York, NY, USA}
}
@article{zhang2017toward,
  title={Toward centimeter-scale human activity sensing with Wi-Fi signals},
  author={Zhang, Daqing and Wang, Hao and Wu, Dan},
  journal={Computer},
  volume={50},
  number={1},
  pages={48--57},
  year={2017},
  publisher={IEEE}
}
@article{wang2019can,
  title={Can WiFi estimate person pose?},
  author={Wang, Fei and Panev, Stanislav and Dai, Ziyi and Han, Jinsong and Huang, Dong},
  journal={arXiv preprint arXiv:1904.00277},
  year={2019}
}
@article{moshiri2021csi,
  title={A CSI-based human activity recognition using deep learning},
  author={Moshiri, Parisa Fard and Shahbazian, Reza and Nabati, Mohammad and Ghorashi, Seyed Ali},
  journal={Sensors},
  volume={21},
  number={21},
  pages={7225},
  year={2021},
  publisher={MDPI}
}
@article{chahoushi2023csi,
  title={CSI-Based Human Activity Recognition Using Multi-Input Multi-Output Autoencoder and Fine-Tuning},
  author={Chahoushi, Mahnaz and Nabati, Mohammad and Asvadi, Reza and Ghorashi, Seyed Ali},
  journal={Sensors},
  volume={23},
  number={7},
  pages={3591},
  year={2023},
  publisher={MDPI}
}
@article{chen2018wifi,
  title={WiFi CSI based passive human activity recognition using attention based BLSTM},
  author={Chen, Zhenghua and Zhang, Le and Jiang, Chaoyang and Cao, Zhiguang and Cui, Wei},
  journal={IEEE Transactions on Mobile Computing},
  volume={18},
  number={11},
  pages={2714--2724},
  year={2018},
  publisher={IEEE}
}
@article{yousefi2017survey,
  title={A survey on behavior recognition using WiFi channel state information},
  author={Yousefi, Siamak and Narui, Hirokazu and Dayal, Sankalp and Ermon, Stefano and Valaee, Shahrokh},
  journal={IEEE Communications Magazine},
  volume={55},
  number={10},
  pages={98--104},
  year={2017},
  publisher={IEEE}
}
@article{schuster1997bidirectional,
  title={Bidirectional recurrent neural networks},
  author={Schuster, Mike and Paliwal, Kuldip K},
  journal={IEEE Transactions on Signal Processing},
  volume={45},
  number={11},
  pages={2673--2681},
  year={1997},
  publisher={Ieee}
}
@inproceedings{shang2021lstm,
  title={LSTM-CNN network for human activity recognition using WiFi CSI data},
  author={Shang, Shunuo and Luo, Qingyao and Zhao, Jinjin and Xue, Ran and Sun, Weihao and Bao, Nan},
  booktitle={Journal of Physics: Conference Series},
  volume={1883},
  number={1},
  pages={012139},
  year={2021},
}
@article{yadav2022csitime,
  title={CSITime: Privacy-preserving human activity recognition using WiFi channel state information},
  author={Yadav, Santosh Kumar and Sai, Siva and Gundewar, Akshay and Rathore, Heena and Tiwari, Kamlesh and Pandey, Hari Mohan and Mathur, Mohit},
  journal={Neural Networks},
  volume={146},
  pages={11--21},
  year={2022},
  publisher={Elsevier}
}
@inproceedings{li2021two,
  title={Two-stream convolution augmented transformer for human activity recognition},
  author={Li, Bing and Cui, Wei and Wang, Wei and Zhang, Le and Chen, Zhenghua and Wu, Min},
  booktitle={Proceedings of the AAAI Conference on Artificial intelligence},
  volume={35},
  number={1},
  pages={286--293},
  year={2021}
}
@inproceedings{rebuffi2017icarl,
  title={icarl: Incremental classifier and representation learning},
  author={Rebuffi, Sylvestre-Alvise and Kolesnikov, Alexander and Sperl, Georg and Lampert, Christoph H},
  booktitle={Proceedings of the IEEE Conference on Computer Vision and Pattern Recognition},
  pages={2001--2010},
  year={2017}
}
@inproceedings{hou2019learning,
  title={Learning a unified classifier incrementally via rebalancing},
  author={Hou, Saihui and Pan, Xinyu and Loy, Chen Change and Wang, Zilei and Lin, Dahua},
  booktitle={Proceedings of the IEEE/CVF Conference on Computer vision and pattern recognition},
  pages={831--839},
  year={2019}
}
@inproceedings{wu2019large,
  title={Large scale incremental learning},
  author={Wu, Yue and Chen, Yinpeng and Wang, Lijuan and Ye, Yuancheng and Liu, Zicheng and Guo, Yandong and Fu, Yun},
  booktitle={Proceedings of the IEEE/CVF Conference on Computer Vision and Pattern Recognition},
  pages={374--382},
  year={2019}
}
@article{kirkpatrick2017overcoming,
  title={Overcoming catastrophic forgetting in neural networks},
  author={Kirkpatrick, James and Pascanu, Razvan and Rabinowitz, Neil and Veness, Joel and Desjardins, Guillaume and Rusu, Andrei A and Milan, Kieran and Quan, John and Ramalho, Tiago and Grabska-Barwinska, Agnieszka and others},
  journal={Proceedings of the National Academy of Sciences},
  volume={114},
  number={13},
  pages={3521--3526},
  year={2017},
  publisher={National Acad Sciences}
}
@article{yang2021cost,
  title={Cost-effective incremental deep model: Matching model capacity with the least sampling},
  author={Yang, Yang and Zhou, Da-Wei and Zhan, De-Chuan and Xiong, Hui and Jiang, Yuan and Yang, Jian},
  journal={IEEE Transactions on Knowledge and Data Engineering},
  volume={35},
  number={4},
  pages={3575--3588},
  year={2021},
  publisher={IEEE}
}
@article{saha2021gradient,
  title={Gradient projection memory for continual learning},
  author={Saha, Gobinda and Garg, Isha and Roy, Kaushik},
  journal={arXiv preprint arXiv:2103.09762},
  year={2021}
}
@article{rusu2016progressive,
  title={Progressive neural networks},
  author={Rusu, Andrei A and Rabinowitz, Neil C and Desjardins, Guillaume and Soyer, Hubert and Kirkpatrick, James and Kavukcuoglu, Koray and Pascanu, Razvan and Hadsell, Raia},
  journal={arXiv preprint arXiv:1606.04671},
  year={2016}
}
@inproceedings{verma2021efficient,
  title={Efficient feature transformations for discriminative and generative continual learning},
  author={Verma, Vinay Kumar and Liang, Kevin J and Mehta, Nikhil and Rai, Piyush and Carin, Lawrence},
  booktitle={Proceedings of the IEEE/CVF Conference on Computer Vision and Pattern Recognition},
  pages={13865--13875},
  year={2021}
}
@inproceedings{douillard2022dytox,
  title={Dytox: Transformers for continual learning with dynamic token expansion},
  author={Douillard, Arthur and Ram{\'e}, Alexandre and Couairon, Guillaume and Cord, Matthieu},
  booktitle={Proceedings of the IEEE/CVF Conference on Computer Vision and Pattern Recognition},
  pages={9285--9295},
  year={2022}
}
@article{khosla2020supervised,
  title={Supervised contrastive learning},
  author={Khosla, Prannay and Teterwak, Piotr and Wang, Chen and Sarna, Aaron and Tian, Yonglong and Isola, Phillip and Maschinot, Aaron and Liu, Ce and Krishnan, Dilip},
  journal={Advances in Neural Information Processing Systems},
  volume={33},
  pages={18661--18673},
  year={2020}
}
@article{liu2021self,
  title={Self-supervised learning: Generative or contrastive},
  author={Liu, Xiao and Zhang, Fanjin and Hou, Zhenyu and Mian, Li and Wang, Zhaoyu and Zhang, Jing and Tang, Jie},
  journal={IEEE Transactions on Knowledge and Data Engineering},
  volume={35},
  number={1},
  pages={857--876},
  year={2021},
  publisher={IEEE}
}
@inproceedings{de2021continual,
  title={Continual prototype evolution: Learning online from non-stationary data streams},
  author={De Lange, Matthias and Tuytelaars, Tinne},
  booktitle={Proceedings of the IEEE/CVF International Conference on Computer Vision},
  pages={8250--8259},
  year={2021}
}
@article{guo2019wiar,
  title={Wiar: A public dataset for wifi-based activity recognition},
  author={Guo, Linlin and Wang, Lei and Lin, Chuang and Liu, Jialin and Lu, Bingxian and Fang, Jian and Liu, Zhonghao and Shan, Zeyang and Yang, Jingwen and Guo, Silu},
  journal={IEEE Access},
  volume={7},
  pages={154935--154945},
  year={2019},
  publisher={IEEE}
}
@article{yang2024mm,
  title={Mm-fi: Multi-modal non-intrusive 4d human dataset for versatile wireless sensing},
  author={Yang, Jianfei and Huang, He and Zhou, Yunjiao and Chen, Xinyan and Xu, Yuecong and Yuan, Shenghai and Zou, Han and Lu, Chris Xiaoxuan and Xie, Lihua},
  journal={Advances in Neural Information Processing Systems},
  volume={36},
  year={2024}
}
@article{wang2024xrf55,
  title={XRF55: A Radio Frequency Dataset for Human Indoor Action Analysis},
  author={Wang, Fei and Lv, Yizhe and Zhu, Mengdie and Ding, Han and Han, Jinsong},
  journal={Proceedings of the ACM on Interactive, Mobile, Wearable and Ubiquitous Technologies},
  volume={8},
  number={1},
  pages={1--34},
  year={2024},
  publisher={ACM New York, NY, USA}
}
@article{xia2020lstm,
  title={LSTM-CNN architecture for human activity recognition},
  author={Xia, Kun and Huang, Jianguang and Wang, Hanyu},
  journal={IEEE Access},
  volume={8},
  pages={56855--56866},
  year={2020},
  publisher={IEEE}
}
@article{abuhoureyah2024wifi,
  title={WiFi-based human activity recognition through wall using deep learning},
  author={Abuhoureyah, Fahd Saad and Wong, Yan Chiew and Isira, Ahmad Sadhiqin Bin Mohd},
  journal={Engineering Applications of Artificial Intelligence},
  volume={127},
  pages={107171},
  year={2024},
  publisher={Elsevier}
}
@inproceedings{liu2019survey,
  title={Survey on CSI-based indoor positioning systems and recent advances},
  author={Liu, Wen and Cheng, Qianqian and Deng, Zhongliang and Chen, Hong and Fu, Xiao and Zheng, Xinyu and Zheng, Shixuan and Chen, Cunzhe and Wang, Shuo},
  booktitle={International Conference on Indoor Positioning and Indoor Navigation},
  pages={1--8},
  year={2019},
}
@article{vaswani2017attention,
  title={Attention is all you need},
  author={Vaswani, Ashish and Shazeer, Noam and Parmar, Niki and Uszkoreit, Jakob and Jones, Llion and Gomez, Aidan N and Kaiser, {\L}ukasz and Polosukhin, Illia},
  journal={Advances in Neural Information Processing Systems},
  volume={30},
  year={2017}
}
@book{haykin1998neural,
  title={Neural networks: a comprehensive foundation},
  author={Haykin, Simon},
  year={1998},
  publisher={Prentice Hall PTR}
}
@article{yu2022towards,
  title={Towards a unified view on visual parameter-efficient transfer learning},
  author={Yu, Bruce XB and Chang, Jianlong and Liu, Lingbo and Tian, Qi and Chen, Chang Wen},
  journal={arXiv preprint arXiv:2210.00788},
  year={2022}
}
@inproceedings{chaudhry2018riemannian,
  title={Riemannian walk for incremental learning: Understanding forgetting and intransigence},
  author={Chaudhry, Arslan and Dokania, Puneet K and Ajanthan, Thalaiyasingam and Torr, Philip HS},
  booktitle={Proceedings of the European Conference on Computer Vision},
  pages={532--547},
  year={2018}
}
@article{paszke2019pytorch,
  title={Pytorch: An imperative style, high-performance deep learning library},
  author={Paszke, Adam and Gross, Sam and Massa, Francisco and Lerer, Adam and Bradbury, James and Chanan, Gregory and Killeen, Trevor and Lin, Zeming and Gimelshein, Natalia and Antiga, Luca and others},
  journal={Advances in Neural Information Processing Systems},
  volume={32},
  year={2019}
}
@article{kingma2014adam,
  title={Adam: A method for stochastic optimization},
  author={Kingma, Diederik P and Ba, Jimmy},
  journal={arXiv preprint arXiv:1412.6980},
  year={2014}
}
@inproceedings{qian2017widar,
  title={Widar: Decimeter-level passive tracking via velocity monitoring with commodity Wi-Fi},
  author={Qian, Kun and Wu, Chenshu and Yang, Zheng and Liu, Yunhao and Jamieson, Kyle},
  booktitle={Proceedings of the 18th ACM International Symposium on Mobile Ad Hoc Networking and Computing},
  pages={1--10},
  year={2017}
}
@inproceedings{hernandez2020lightweight,
  title={Lightweight and standalone IoT based WiFi sensing for active repositioning and mobility},
  author={Hernandez, Steven M and Bulut, Eyuphan},
  booktitle={IEEE International Symposium on" A World of Wireless, Mobile and Multimedia Networks"},
  pages={277--286},
  year={2020},
}
@inproceedings{li2014achieving,
  title={Achieving privacy preservation in WiFi fingerprint-based localization},
  author={Li, Hong and Sun, Limin and Zhu, Haojin and Lu, Xiang and Cheng, Xiuzhen},
  booktitle={Ieee Infocom 2014-IEEE Conference on Computer Communications},
  pages={2337--2345},
  year={2014},
}
@inproceedings{zhu2022self,
  title={Self-sustaining representation expansion for non-exemplar class-incremental learning},
  author={Zhu, Kai and Zhai, Wei and Cao, Yang and Luo, Jiebo and Zha, Zheng-Jun},
  booktitle={Proceedings of the IEEE/CVF Conference on Computer Vision and Pattern Recognition},
  pages={9296--9305},
  year={2022}
}
@inproceedings{goswami2024resurrecting,
  title={Resurrecting Old Classes with New Data for Exemplar-Free Continual Learning},
  author={Goswami, Dipam and Soutif-Cormerais, Albin and Liu, Yuyang and Kamath, Sandesh and Twardowski, Bart and van de Weijer, Joost and others},
  booktitle={Proceedings of the IEEE/CVF Conference on Computer Vision and Pattern Recognition},
  pages={28525--28534},
  year={2024}
}