@inproceedings{abdelnasser2015wigest,
  title={Wigest: A ubiquitous wifi-based gesture recognition system},
  author={Abdelnasser, Heba and Youssef, Moustafa and Harras, Khaled A},
  booktitle={IEEE Conference on Computer Communications},
  pages={1472--1480},
  year={2015},
}

@inproceedings{asadi2023prototype,
  title={Prototype-sample relation distillation: towards replay-free continual learning},
  author={Asadi, Nader and Davari, MohammadReza and Mudur, Sudhir and Aljundi, Rahaf and Belilovsky, Eugene},
  booktitle={International Conference on Machine Learning},
  pages={1093--1106},
  year={2023},
}

@article{chahoushi2023csi,
  title={CSI-Based Human Activity Recognition Using Multi-Input Multi-Output Autoencoder and Fine-Tuning},
  author={Chahoushi, Mahnaz and Nabati, Mohammad and Asvadi, Reza and Ghorashi, Seyed Ali},
  journal={Sensors},
  volume={23},
  number={7},
  pages={3591},
  year={2023},
  publisher={MDPI}
}

@article{chen2018wifi,
  title={WiFi CSI based passive human activity recognition using attention based BLSTM},
  author={Chen, Zhenghua and Zhang, Le and Jiang, Chaoyang and Cao, Zhiguang and Cui, Wei},
  journal={IEEE Transactions on Mobile Computing},
  volume={18},
  number={11},
  pages={2714--2724},
  year={2018},
  publisher={IEEE}
}

@inproceedings{de2021continual,
  title={Continual prototype evolution: Learning online from non-stationary data streams},
  author={De Lange, Matthias and Tuytelaars, Tinne},
  booktitle={Proceedings of the IEEE/CVF International Conference on Computer Vision},
  pages={8250--8259},
  year={2021}
}

@article{ding2023passive,
  title={Passive sensing for class-incremental human activity recognition},
  author={Ding, Xue and Zhong, Yi and Wu, Sheng and Jiang, Chunxiao and Xie, Weiliang},
  journal={IEEE Geoscience and Remote Sensing Letters},
  volume={20},
  pages={1--5},
  year={2023},
  publisher={IEEE}
}

@inproceedings{douillard2022dytox,
  title={Dytox: Transformers for continual learning with dynamic token expansion},
  author={Douillard, Arthur and Ram{\'e}, Alexandre and Couairon, Guillaume and Cord, Matthieu},
  booktitle={Proceedings of the IEEE/CVF Conference on Computer Vision and Pattern Recognition},
  pages={9285--9295},
  year={2022}
}

@inproceedings{gao2022r,
  title={R-dfcil: Relation-guided representation learning for data-free class incremental learning},
  author={Gao, Qiankun and Zhao, Chen and Ghanem, Bernard and Zhang, Jian},
  booktitle={European Conference on Computer Vision},
  pages={423--439},
  year={2022},
}

@inproceedings{gu2014wifi,
  title={Wifi-assisted human activity recognition},
  author={Gu, Yu and Quan, Lianghu and Ren, Fuji},
  booktitle={IEEE Asia Pacific Conference on Wireless and Mobile},
  pages={60--65},
  year={2014},
}

@inproceedings{hou2019learning,
  title={Learning a unified classifier incrementally via rebalancing},
  author={Hou, Saihui and Pan, Xinyu and Loy, Chen Change and Wang, Zilei and Lin, Dahua},
  booktitle={Proceedings of the IEEE/CVF Conference on Computer vision and pattern recognition},
  pages={831--839},
  year={2019}
}

@article{khosla2020supervised,
  title={Supervised contrastive learning},
  author={Khosla, Prannay and Teterwak, Piotr and Wang, Chen and Sarna, Aaron and Tian, Yonglong and Isola, Phillip and Maschinot, Aaron and Liu, Ce and Krishnan, Dilip},
  journal={Advances in Neural Information Processing Systems},
  volume={33},
  pages={18661--18673},
  year={2020}
}

@article{kirkpatrick2017overcoming,
  title={Overcoming catastrophic forgetting in neural networks},
  author={Kirkpatrick, James and Pascanu, Razvan and Rabinowitz, Neil and Veness, Joel and Desjardins, Guillaume and Rusu, Andrei A and Milan, Kieran and Quan, John and Ramalho, Tiago and Grabska-Barwinska, Agnieszka and others},
  journal={Proceedings of the National Academy of Sciences},
  volume={114},
  number={13},
  pages={3521--3526},
  year={2017},
  publisher={National Acad Sciences}
}

@article{li2017learning,
  title={Learning without forgetting},
  author={Li, Zhizhong and Hoiem, Derek},
  journal={IEEE Transactions on Pattern Analysis and Machine Intelligence},
  volume={40},
  number={12},
  pages={2935--2947},
  year={2017},
  publisher={IEEE}
}

@inproceedings{li2021two,
  title={Two-stream convolution augmented transformer for human activity recognition},
  author={Li, Bing and Cui, Wei and Wang, Wei and Zhang, Le and Chen, Zhenghua and Wu, Min},
  booktitle={Proceedings of the AAAI Conference on Artificial intelligence},
  volume={35},
  number={1},
  pages={286--293},
  year={2021}
}

@article{liu2021self,
  title={Self-supervised learning: Generative or contrastive},
  author={Liu, Xiao and Zhang, Fanjin and Hou, Zhenyu and Mian, Li and Wang, Zhaoyu and Zhang, Jing and Tang, Jie},
  journal={IEEE Transactions on Knowledge and Data Engineering},
  volume={35},
  number={1},
  pages={857--876},
  year={2021},
  publisher={IEEE}
}

@article{moshiri2021csi,
  title={A CSI-based human activity recognition using deep learning},
  author={Moshiri, Parisa Fard and Shahbazian, Reza and Nabati, Mohammad and Ghorashi, Seyed Ali},
  journal={Sensors},
  volume={21},
  number={21},
  pages={7225},
  year={2021},
  publisher={MDPI}
}

@inproceedings{rebuffi2017icarl,
  title={icarl: Incremental classifier and representation learning},
  author={Rebuffi, Sylvestre-Alvise and Kolesnikov, Alexander and Sperl, Georg and Lampert, Christoph H},
  booktitle={Proceedings of the IEEE Conference on Computer Vision and Pattern Recognition},
  pages={2001--2010},
  year={2017}
}

@inproceedings{roy2023exemplar,
  title={Exemplar-free continual transformer with convolutions},
  author={Roy, Anurag and Verma, Vinay K and Voonna, Sravan and Ghosh, Kripabandhu and Ghosh, Saptarshi and Das, Abir},
  booktitle={Proceedings of the IEEE/CVF International Conference on Computer Vision},
  pages={5897--5907},
  year={2023}
}

@article{rusu2016progressive,
  title={Progressive neural networks},
  author={Rusu, Andrei A and Rabinowitz, Neil C and Desjardins, Guillaume and Soyer, Hubert and Kirkpatrick, James and Kavukcuoglu, Koray and Pascanu, Razvan and Hadsell, Raia},
  journal={arXiv preprint arXiv:1606.04671},
  year={2016}
}

@article{saha2021gradient,
  title={Gradient projection memory for continual learning},
  author={Saha, Gobinda and Garg, Isha and Roy, Kaushik},
  journal={arXiv preprint arXiv:2103.09762},
  year={2021}
}

@inproceedings{shang2021lstm,
  title={LSTM-CNN network for human activity recognition using WiFi CSI data},
  author={Shang, Shunuo and Luo, Qingyao and Zhao, Jinjin and Xue, Ran and Sun, Weihao and Bao, Nan},
  booktitle={Journal of Physics: Conference Series},
  volume={1883},
  number={1},
  pages={012139},
  year={2021},
}

@inproceedings{verma2021efficient,
  title={Efficient feature transformations for discriminative and generative continual learning},
  author={Verma, Vinay Kumar and Liang, Kevin J and Mehta, Nikhil and Rai, Piyush and Carin, Lawrence},
  booktitle={Proceedings of the IEEE/CVF Conference on Computer Vision and Pattern Recognition},
  pages={13865--13875},
  year={2021}
}

@article{wang2019can,
  title={Can WiFi estimate person pose?},
  author={Wang, Fei and Panev, Stanislav and Dai, Ziyi and Han, Jinsong and Huang, Dong},
  journal={arXiv preprint arXiv:1904.00277},
  year={2019}
}

@inproceedings{wu2019large,
  title={Large scale incremental learning},
  author={Wu, Yue and Chen, Yinpeng and Wang, Lijuan and Ye, Yuancheng and Liu, Zicheng and Guo, Yandong and Fu, Yun},
  booktitle={Proceedings of the IEEE/CVF Conference on Computer Vision and Pattern Recognition},
  pages={374--382},
  year={2019}
}

@article{yadav2022csitime,
  title={CSITime: Privacy-preserving human activity recognition using WiFi channel state information},
  author={Yadav, Santosh Kumar and Sai, Siva and Gundewar, Akshay and Rathore, Heena and Tiwari, Kamlesh and Pandey, Hari Mohan and Mathur, Mohit},
  journal={Neural Networks},
  volume={146},
  pages={11--21},
  year={2022},
  publisher={Elsevier}
}

@article{yang2021cost,
  title={Cost-effective incremental deep model: Matching model capacity with the least sampling},
  author={Yang, Yang and Zhou, Da-Wei and Zhan, De-Chuan and Xiong, Hui and Jiang, Yuan and Yang, Jian},
  journal={IEEE Transactions on Knowledge and Data Engineering},
  volume={35},
  number={4},
  pages={3575--3588},
  year={2021},
  publisher={IEEE}
}

@article{zhang2023csi,
  title={CSI-based cross-scene human activity recognition with incremental learning},
  author={Zhang, Yong and He, Fei and Wang, Yujie and Wu, Dingchao and Yu, Guangwei},
  journal={Neural Computing and Applications},
  volume={35},
  number={17},
  pages={12415--12432},
  year={2023},
  publisher={Springer}
}

