% Long form of conference & journal abbreviations -- especially for camera ready
@String(PAMI  = {IEEE Trans. Pattern Anal. Mach. Intell.})
@String(IJCV  = {Int. J. Comput. Vis.})
@String(CVPR  = {IEEE Conf. Comput. Vis. Pattern Recog.})
@String(ICCV  = {Int. Conf. Comput. Vis.})
@String(ECCV  = {Eur. Conf. Comput. Vis.})
@String(NeurIPS = {Adv. Neural Inform. Process. Syst.})
@String(ICML  = {Int. Conf. Mach. Learn.})
@String(ICLR  = {Int. Conf. Learn. Represent.})
@String(ACCV  = {Asian Conf. Comput. Vis.})
@String(BMVC  = {Brit. Mach. Vis. Conf.})
@String(CVPRW = {IEEE Conf. Comput. Vis. Pattern Recog. Worksh.})
@String(AAAI  = {AAAI})
@String(IJCAI = {IJCAI})
@String(ICIP  = {IEEE Int. Conf. Image Process.})
@String(ICPR  =
{Int. Conf. Pattern Recog.})
@String(ICASSP=	{ICASSP})
@String(ICME  = {Int. Conf. Multimedia and Expo})
@String(JMLR  = {J. Mach. Learn. Res.})
@String(TMLR  = {Trans. Mach. Learn Res.})
@String(TOG   = {ACM Trans. Graph.})
@String(TIP   = {IEEE Trans. Image Process.})
@String(TVCG  = {IEEE Trans. Vis. Comput. Graph.})
@String(TCSVT = {IEEE Trans. Circuit Syst. Video Technol.})
@String(TMM   = {IEEE Trans. Multimedia})
@String(ACMMM = {ACM Int. Conf. Multimedia})
@String(PR    = {Pattern Recognition})

@String(MNI	  = {Nature Mach. Intell.})
@String(SPL	  = {IEEE Sign. Process. Letters})
@String(VR    = {Vis. Res.})
@String(JOV	  = {J. Vis.})
@String(TVC   = {The Vis. Comput.})
@String(JCST  = {J. Comput. Sci. Tech.})
@String(CGF   = {Comput. Graph. Forum})
@String(CVM   = {Computational Visual Media})


% Short form of conference & journal abbreviations -- especially for submission version
% if desired, remove these macros in favor of the above ones
@String(PAMI  = {IEEE TPAMI})
@String(IJCV  = {IJCV})
@String(CVPR  = {CVPR})
@String(ICCV  = {ICCV})
@String(ECCV  = {ECCV})
@String(NeurIPS = {NeurIPS})
@String(ICML  = {ICML})
@String(ICLR  = {ICLR})
@String(ACCV  = {ACCV})
@String(BMVC  =	{BMVC})
@String(CVPRW = {CVPRW})
@String(AAAI  = {AAAI})
@String(IJCAI = {IJCAI})
@String(ICIP  = {ICIP})
@String(ICPR  = {ICPR})
@String(ICASSP=	{ICASSP})
@String(ICME  =	{ICME})
@String(JMLR  = {JMLR})
@String(TMLR  = {TMLR})
@String(TOG   = {ACM TOG})
@String(TIP   = {IEEE TIP})
@String(TVCG  = {IEEE TVCG})
@String(TCSVT = {IEEE TCSVT})
@String(TMM   =	{IEEE TMM})
@String(ACMMM = {ACM MM})
@String(PR    = {PR})


%%%%%%%%%%%%%%%%%%%
%%%%% Intro

tf
@article{vaswani2017attention,
  title={Attention is all you need},
  author={Vaswani, A},
  journal={Advances in Neural Information Processing Systems},
  year={2017}
}

vit
@article{dosovitskiy2020image,
  title={An image is worth 16x16 words: Transformers for image recognition at scale},
  author={Dosovitskiy, Alexey},
  journal={arXiv preprint arXiv:2010.11929},
  year={2020}
}

## MPNN + simple TF

@article{wu2021representing,
  title={Representing long-range context for graph neural networks with global attention},
  author={Wu, Zhanghao and Jain, Paras and Wright, Matthew and Mirhoseini, Azalia and Gonzalez, Joseph E and Stoica, Ion},
  journal={Advances in Neural Information Processing Systems},
  volume={34},
  pages={13266--13279},
  year={2021}
}

@inproceedings{chen2022structure,
  title={Structure-aware transformer for graph representation learning},
  author={Chen, Dexiong and O’Bray, Leslie and Borgwardt, Karsten},
  booktitle={International Conference on Machine Learning},
  pages={3469--3489},
  year={2022},
  organization={PMLR}
}


@inproceedings{he2023generalization,
  title={A generalization of vit/mlp-mixer to graphs},
  author={He, Xiaoxin and Hooi, Bryan and Laurent, Thomas and Perold, Adam and LeCun, Yann and Bresson, Xavier},
  booktitle={International conference on machine learning},
  pages={12724--12745},
  year={2023},
  organization={PMLR}
}

topology
@article{choi2024topology,
  title={Topology-Informed Graph Transformer},
  author={Choi, Yun Young and Park, Sun Woo and Lee, Minho and Woo, Youngho},
  journal={arXiv preprint arXiv:2402.02005},
  year={2024}
}

## Weighted attn mat on DAGs

@inproceedings{dong2022pace,
  title={Pace: A parallelizable computation encoder for directed acyclic graphs},
  author={Dong, Zehao and Zhang, Muhan and Li, Fuhai and Chen, Yixin},
  booktitle={International Conference on Machine Learning},
  pages={5360--5377},
  year={2022},
  organization={PMLR}
}

@inproceedings{hwang2024flowerformer,
  title={FlowerFormer: Empowering Neural Architecture Encoding using a Flow-aware Graph Transformer},
  author={Hwang, Dongyeong and Kim, Hyunju and Kim, Sunwoo and Shin, Kijung},
  booktitle={Proceedings of the IEEE/CVF Conference on Computer Vision and Pattern Recognition},
  pages={6128--6137},
  year={2024}
}

@article{luo2024transformers,
  title={Transformers over directed acyclic graphs},
  author={Luo, Yuankai and Thost, Veronika and Shi, Lei},
  journal={Advances in Neural Information Processing Systems},
  volume={36},
  year={2024}
}

## Edge encoding in attn mat

also introduce LapPE
@article{dwivedi2020generalization,
  title={A generalization of transformer networks to graphs},
  author={Dwivedi, Vijay Prakash and Bresson, Xavier},
  journal={arXiv preprint arXiv:2012.09699},
  year={2020}
}

# SPD
@article{ying2021transformers,
  title={Do transformers really perform badly for graph representation?},
  author={Ying, Chengxuan and Cai, Tianle and Luo, Shengjie and Zheng, Shuxin and Ke, Guolin and He, Di and Shen, Yanming and Liu, Tie-Yan},
  journal={Advances in neural information processing systems},
  volume={34},
  pages={28877--28888},
  year={2021}
}

SPD
@article{chen2023graph,
  title={Graph propagation transformer for graph representation learning},
  author={Chen, Zhe and Tan, Hao and Wang, Tao and Shen, Tianrun and Lu, Tong and Peng, Qiuying and Cheng, Cheng and Qi, Yue},
  journal={arXiv preprint arXiv:2305.11424},
  year={2023}
}

other kernels (diff/heat, short range rwse)
@article{mialon2021graphit,
  title={Graphit: Encoding graph structure in transformers},
  author={Mialon, Gr{\'e}goire and Chen, Dexiong and Selosse, Margot and Mairal, Julien},
  journal={arXiv preprint arXiv:2106.05667},
  year={2021}
}

edge features, spd
@inproceedings{hussain2022global,
  title={Global self-attention as a replacement for graph convolution},
  author={Hussain, Md Shamim and Zaki, Mohammed J and Subramanian, Dharmashankar},
  booktitle={Proceedings of the 28th ACM SIGKDD Conference on Knowledge Discovery and Data Mining},
  pages={655--665},
  year={2022}
}

edge encoding + lapPE
@article{kreuzer2021rethinking,
  title={Rethinking graph transformers with spectral attention},
  author={Kreuzer, Devin and Beaini, Dominique and Hamilton, Will and L{\'e}tourneau, Vincent and Tossou, Prudencio},
  journal={Advances in Neural Information Processing Systems},
  volume={34},
  pages={21618--21629},
  year={2021}
}

hierarchy
@inproceedings{luo2024enhancing,
  title={Enhancing Graph Transformers with Hierarchical Distance Structural Encoding},
  author={Luo, Yuankai and Li, Hongkang and Shi, Lei and Wu, Xiao-Ming},
  booktitle={The Thirty-eighth Annual Conference on Neural Information Processing Systems},
  year={2024}
}

### Different kinds of improvements for graph TF

sparsity
@inproceedings{shirzad2023exphormer,
  title={Exphormer: Sparse transformers for graphs},
  author={Shirzad, Hamed and Velingker, Ameya and Venkatachalam, Balaji and Sutherland, Danica J and Sinop, Ali Kemal},
  booktitle={International Conference on Machine Learning},
  pages={31613--31632},
  year={2023},
  organization={PMLR}
}

specformer: weird spectral tf
@article{bo2023specformer,
  title={Specformer: Spectral graph neural networks meet transformers},
  author={Bo, Deyu and Shi, Chuan and Wang, Lele and Liao, Renjie},
  journal={arXiv preprint arXiv:2303.01028},
  year={2023}
}

CSA
@article{menegaux2023self,
  title={Self-attention in colors: Another take on encoding graph structure in transformers},
  author={Menegaux, Romain and Jehanno, Emmanuel and Selosse, Margot and Mairal, Julien},
  journal={arXiv preprint arXiv:2304.10933},
  year={2023}
}

GRIT
@inproceedings{ma2023graph,
  title={Graph inductive biases in transformers without message passing},
  author={Ma, Liheng and Lin, Chen and Lim, Derek and Romero-Soriano, Adriana and Dokania, Puneet K and Coates, Mark and Torr, Philip and Lim, Ser-Nam},
  booktitle={International Conference on Machine Learning},
  pages={23321--23337},
  year={2023},
  organization={PMLR}
}

gat
@article{velivckovic2017graph,
  title={Graph attention networks},
  author={Veli{\v{c}}kovi{\'c}, Petar and Cucurull, Guillem and Casanova, Arantxa and Romero, Adriana and Lio, Pietro and Bengio, Yoshua},
  journal={arXiv preprint arXiv:1710.10903},
  year={2017}
}

gatv2
@article{brody2021attentive,
  title={How attentive are graph attention networks?},
  author={Brody, Shaked and Alon, Uri and Yahav, Eran},
  journal={arXiv preprint arXiv:2105.14491},
  year={2021}
}

## Path > walks for MPNN
@inproceedings{michel2023path,
  title={Path neural networks: Expressive and accurate graph neural networks},
  author={Michel, Gaspard and Nikolentzos, Giannis and Lutzeyer, Johannes F and Vazirgiannis, Michalis},
  booktitle={International Conference on Machine Learning},
  pages={24737--24755},
  year={2023},
  organization={PMLR}
}

@inproceedings{graziani2023no,
  title={No PAIN no Gain: More Expressive GNNs with Paths},
  author={Graziani, Caterina and Drucks, Tamara and Bianchini, Monica and Scarselli, Franco and G{\"a}rtner, Thomas and others},
  booktitle={NeurIPS 2023 Workshop: New Frontiers in Graph Learning},
  year={2023}
}

## Datasets

benchmarking gnn
@article{dwivedi2023benchmarking,
  title={Benchmarking graph neural networks},
  author={Dwivedi, Vijay Prakash and Joshi, Chaitanya K and Luu, Anh Tuan and Laurent, Thomas and Bengio, Yoshua and Bresson, Xavier},
  journal={Journal of Machine Learning Research},
  volume={24},
  number={43},
  pages={1--48},
  year={2023}
}

peptides
@article{dwivedi2022long,
  title={Long range graph benchmark},
  author={Dwivedi, Vijay Prakash and Ramp{\'a}{\v{s}}ek, Ladislav and Galkin, Michael and Parviz, Ali and Wolf, Guy and Luu, Anh Tuan and Beaini, Dominique},
  journal={Advances in Neural Information Processing Systems},
  volume={35},
  pages={22326--22340},
  year={2022}
}

pcqm
@article{hu2021ogb,
  title={Ogb-lsc: A large-scale challenge for machine learning on graphs},
  author={Hu, Weihua and Fey, Matthias and Ren, Hongyu and Nakata, Maho and Dong, Yuxiao and Leskovec, Jure},
  journal={arXiv preprint arXiv:2103.09430},
  year={2021}
}


@article{min2022transformer,
  title={Transformer for graphs: An overview from architecture perspective},
  author={Min, Erxue and Chen, Runfa and Bian, Yatao and Xu, Tingyang and Zhao, Kangfei and Huang, Wenbing and Zhao, Peilin and Huang, Junzhou and Ananiadou, Sophia and Rong, Yu},
  journal={arXiv preprint arXiv:2202.08455},
  year={2022}
}
@article{yun2019graph,
  title={Graph transformer networks},
  author={Yun, Seongjun and Jeong, Minbyul and Kim, Raehyun and Kang, Jaewoo and Kim, Hyunwoo J},
  journal={Advances in neural information processing systems},
  volume={32},
  year={2019}
}
GPS
@article{rampavsek2022recipe,
  title={Recipe for a general, powerful, scalable graph transformer},
  author={Ramp{\'a}{\v{s}}ek, Ladislav and Galkin, Michael and Dwivedi, Vijay Prakash and Luu, Anh Tuan and Wolf, Guy and Beaini, Dominique},
  journal={Advances in Neural Information Processing Systems},
  volume={35},
  pages={14501--14515},
  year={2022}
}
@inproceedings{vassilevska2009finding,
  title={Finding, minimizing, and counting weighted subgraphs},
  author={Vassilevska, Virginia and Williams, Ryan},
  booktitle={Proceedings of the forty-first annual ACM symposium on Theory of computing},
  pages={455--464},
  year={2009}
}

@inproceedings{ma2023rethinking,
  title={Rethinking structural encodings: Adaptive graph transformer for node classification task},
  author={Ma, Xiaojun and Chen, Qin and Wu, Yi and Song, Guojie and Wang, Liang and Zheng, Bo},
  booktitle={Proceedings of the ACM Web Conference 2023},
  pages={533--544},
  year={2023}
}
@article{wu2024simplifying,
  title={Simplifying and empowering transformers for large-graph representations},
  author={Wu, Qitian and Zhao, Wentao and Yang, Chenxiao and Zhang, Hengrui and Nie, Fan and Jiang, Haitian and Bian, Yatao and Yan, Junchi},
  journal={Advances in Neural Information Processing Systems},
  volume={36},
  year={2024}
}
@inproceedings{alon2021on,
title={On the Bottleneck of Graph Neural Networks and its Practical Implications},
author={Uri Alon and Eran Yahav},
booktitle={International Conference on Learning Representations},
year={2021},
url={https://openreview.net/forum?id=i80OPhOCVH2}
}

@inproceedings{topping2022understanding,
title={Understanding over-squashing and bottlenecks on graphs via curvature},
author={Jake Topping and Francesco Di Giovanni and Benjamin Paul Chamberlain and Xiaowen Dong and Michael M. Bronstein},
booktitle={International Conference on Learning Representations},
year={2022},
url={https://openreview.net/forum?id=7UmjRGzp-A}
}


@article{may2014efficient,
  title={Efficient ring perception for the Chemistry Development Kit},
  author={May, John W and Steinbeck, Christoph},
  journal={Journal of Cheminformatics},
  volume={6},
  pages={1--12},
  year={2014},
  publisher={Springer}
}
@article{agundez2023aromatic,
  title={Aromatic cycles are widespread in cold clouds},
  author={Ag{\'u}ndez, Marcelino and Marcelino, Nuria and Tercero, Bel{\'e}n and Cernicharo, Jos{\'e}},
  journal={Astronomy \& Astrophysics},
  volume={677},
  pages={L13},
  year={2023},
  publisher={EDP Sciences}
}

@article{radicchi2004defining,
  title={Defining and identifying communities in networks},
  author={Radicchi, Filippo and Castellano, Claudio and Cecconi, Federico and Loreto, Vittorio and Parisi, Domenico},
  journal={Proceedings of the national academy of sciences},
  volume={101},
  number={9},
  pages={2658--2663},
  year={2004},
  publisher={National Acad Sciences}
}
@inproceedings{dhilber2020community,
  title={Community detection in social networks using deep learning},
  author={Dhilber, M and Bhavani, S Durga},
  booktitle={Distributed Computing and Internet Technology: 16th International Conference, ICDCIT 2020, Bhubaneswar, India, January 9--12, 2020, Proceedings 16},
  pages={241--250},
  year={2020},
  organization={Springer}
}

@book{horowitz1989art,
  title={The art of electronics},
  author={Horowitz, Paul and Hill, Winfield and Robinson, Ian},
  volume={2},
  year={1989},
  publisher={Cambridge university press Cambridge}
}

Experimental comparison

GCN
@article{kipf2016semi,
  title={Semi-supervised classification with graph convolutional networks},
  author={Kipf, Thomas N and Welling, Max},
  journal={arXiv preprint arXiv:1609.02907},
  year={2016}
}

GIN
@inproceedings{
xu2018how,
title={How Powerful are Graph Neural Networks?},
author={Keyulu Xu and Weihua Hu and Jure Leskovec and Stefanie Jegelka},
booktitle={International Conference on Learning Representations},
year={2019},
url={https://openreview.net/forum?id=ryGs6iA5Km},
}

GAT
@article{velickovic2017graph,
  title={Graph attention networks},
  author={Velickovic, Petar and Cucurull, Guillem and Casanova, Arantxa and Romero, Adriana and Lio, Pietro and Bengio, Yoshua and others},
  journal={stat},
  volume={1050},
  number={20},
  pages={10--48550},
  year={2017}
}

GatedGCN
@article{bresson2017residual,
  title={Residual gated graph convnets},
  author={Bresson, Xavier and Laurent, Thomas},
  journal={arXiv preprint arXiv:1711.07553},
  year={2017}
}

GIN AK+
@article{zhao2021stars,
  title={From stars to subgraphs: Uplifting any GNN with local structure awareness},
  author={Zhao, Lingxiao and Jin, Wei and Akoglu, Leman and Shah, Neil},
  journal={arXiv preprint arXiv:2110.03753},
  year={2021}
}

SAN: kreuzer2021rethinking

Graphormer: ying2021transformers

EGT: hussain2022global

GraphViT: he2023generalization

Exphormer: shirzad2023exphormer

Drew
@inproceedings{gutteridge2023drew,
  title={Drew: Dynamically rewired message passing with delay},
  author={Gutteridge, Benjamin and Dong, Xiaowen and Bronstein, Michael M and Di Giovanni, Francesco},
  booktitle={International Conference on Machine Learning},
  pages={12252--12267},
  year={2023},
  organization={PMLR}
}

### Path / cycle counting literature

pere & voropaev, cycle counting / relation with paths
@article{perepechko2009number,
  title={The number of fixed length cycles in an undirected graph. Explicit formulae in case of small lengths},
  author={Perepechko, SN and Voropaev, AN},
  journal={Mathematical Modeling and Computational Physics (MMCP2009)},
  volume={148},
  year={2009}
}

# counting c & p
@article{flum2004parameterized,
  title={The parameterized complexity of counting problems},
  author={Flum, J{\"o}rg and Grohe, Martin},
  journal={SIAM Journal on Computing},
  volume={33},
  number={4},
  pages={892--922},
  year={2004},
  publisher={SIAM}
}

alon, counting c & p
@article{alon1997finding,
  title={Finding and counting given length cycles},
  author={Alon, Noga and Yuster, Raphael and Zwick, Uri},
  journal={Algorithmica},
  volume={17},
  number={3},
  pages={209--223},
  year={1997},
  publisher={Springer}
}

counting with rl
@inproceedings{
anonymous2025grammar,
title={Grammar Reinforcement Learning: path and cycle counting in graphs with a Context-Free Grammar and Transformer approach},
author={Anonymous},
booktitle={The Thirteenth International Conference on Learning Representations},
year={2025},
url={https://openreview.net/forum?id=yEox25xAED}
}

giscard, based on connected induced subgraphs
@article{giscard2019general,
  title={A general purpose algorithm for counting simple cycles and simple paths of any length},
  author={Giscard, Pierre-Louis and Kriege, Nils and Wilson, Richard C},
  journal={Algorithmica},
  volume={81},
  pages={2716--2737},
  year={2019},
  publisher={Springer}
}

johnson, cycle counting
@article{johnson1975finding,
  title={Finding all the elementary circuits of a directed graph},
  author={Johnson, Donald B},
  journal={SIAM Journal on Computing},
  volume={4},
  number={1},
  pages={77--84},
  year={1975},
  publisher={SIAM}
}

@inproceedings{bodnar2022neural,
title={Neural Sheaf Diffusion: A Topological Perspective on Heterophily and Oversmoothing in {GNN}s},
author={Cristian Bodnar and Francesco Di Giovanni and Benjamin Paul Chamberlain and Pietro Lio and Michael M. Bronstein},
booktitle={Advances in Neural Information Processing Systems},
editor={Alice H. Oh and Alekh Agarwal and Danielle Belgrave and Kyunghyun Cho},
year={2022},
url={https://openreview.net/forum?id=vbPsD-BhOZ}
}
@article{duta2024sphinx,
  title={SPHINX: Structural Prediction using Hypergraph Inference Network},
  author={Duta, Iulia and Li{\`o}, Pietro},
  journal={arXiv preprint arXiv:2410.03208},
  year={2024}
}
@inproceedings{kipf2017semisupervised,
title={Semi-Supervised Classification with Graph Convolutional Networks},
author={Thomas N. Kipf and Max Welling},
booktitle={International Conference on Learning Representations},
year={2017},
url={https://openreview.net/forum?id=SJU4ayYgl}
}
@inproceedings{veličković2018graph,
title={Graph Attention Networks},
author={Petar Veličković and Guillem Cucurull and Arantxa Casanova and Adriana Romero and Pietro Liò and Yoshua Bengio},
booktitle={International Conference on Learning Representations},
year={2018},
url={https://openreview.net/forum?id=rJXMpikCZ},
}
@inproceedings{lachi2024a,
title={A Simple and Expressive Graph Neural Network Based Method for Structural Link Representation},
author={Veronica Lachi and Francesco Ferrini and Antonio Longa and Bruno Lepri and Andrea Passerini},
booktitle={ICML 2024 Workshop on Geometry-grounded Representation Learning and Generative Modeling},
year={2024},
url={https://openreview.net/forum?id=EGGSCLyVrz}
}

@inproceedings{ferrini2024meta,
  title={Meta-Path Learning for Multi-relational Graph Neural Networks},
  author={Ferrini, Francesco and Longa, Antonio and Passerini, Andrea and Jaeger, Manfred},
  booktitle={Learning on Graphs Conference},
  pages={2--1},
  year={2024},
  organization={PMLR}
}

@article{otte2002social,
  title={Social network analysis: a powerful strategy, also for the information sciences},
  author={Otte, Evelien and Rousseau, Ronald},
  journal={Journal of information Science},
  volume={28},
  number={6},
  pages={441--453},
  year={2002},
  publisher={Sage Publications Sage CA: Thousand Oaks, CA}
} 

@article{quinn2017molecular,
  title={Molecular networking as a drug discovery, drug metabolism, and precision medicine strategy},
  author={Quinn, Robert A and Nothias, Louis-Felix and Vining, Oliver and Meehan, Michael and Esquenazi, Eduardo and Dorrestein, Pieter C},
  journal={Trends in pharmacological sciences},
  volume={38},
  number={2},
  pages={143--154},
  year={2017},
  publisher={Elsevier}
}

@article{radicchi2011citation,
  title={Citation networks},
  author={Radicchi, Filippo and Fortunato, Santo and Vespignani, Alessandro},
  journal={Models of science dynamics: Encounters between complexity theory and information sciences},
  pages={233--257},
  year={2011},
  publisher={Springer}
}

