@misc{agarwal2022reincarnatingrl,
      title={Reincarnating Reinforcement Learning: Reusing Prior Computation to Accelerate Progress}, 
      author={Rishabh Agarwal and Max Schwarzer and Pablo Samuel Castro and Aaron Courville and Marc G. Bellemare},
      year={2022},
      eprint={2206.01626},
      archivePrefix={arXiv},
      primaryClass={cs.LG},
      url={https://arxiv.org/abs/2206.01626}, 
}

@misc{hester2017dqndemonstrations,
      title={Deep Q-learning from Demonstrations}, 
      author={Todd Hester and Matej Vecerik and Olivier Pietquin and Marc Lanctot and Tom Schaul and Bilal Piot and Dan Horgan and John Quan and Andrew Sendonaris and Gabriel Dulac-Arnold and Ian Osband and John Agapiou and Joel Z. Leibo and Audrunas Gruslys},
      year={2017},
      eprint={1704.03732},
      archivePrefix={arXiv},
      primaryClass={cs.AI},
      url={https://arxiv.org/abs/1704.03732}, 
}

@misc{nair2021awac,
      title={AWAC: Accelerating Online Reinforcement Learning with Offline Datasets}, 
      author={Ashvin Nair and Abhishek Gupta and Murtaza Dalal and Sergey Levine},
      year={2021},
      eprint={2006.09359},
      archivePrefix={arXiv},
      primaryClass={cs.LG},
      url={https://arxiv.org/abs/2006.09359}, 
}

@misc{rengarajan2022rlsparse,
      title={Reinforcement Learning with Sparse Rewards using Guidance from Offline Demonstration}, 
      author={Desik Rengarajan and Gargi Vaidya and Akshay Sarvesh and Dileep Kalathil and Srinivas Shakkottai},
      year={2022},
      eprint={2202.04628},
      archivePrefix={arXiv},
      primaryClass={cs.LG},
      url={https://arxiv.org/abs/2202.04628}, 
}

@misc{schmitt2018kickstartrl,
      title={Kickstarting Deep Reinforcement Learning}, 
      author={Simon Schmitt and Jonathan J. Hudson and Augustin Zidek and Simon Osindero and Carl Doersch and Wojciech M. Czarnecki and Joel Z. Leibo and Heinrich Kuttler and Andrew Zisserman and Karen Simonyan and S. M. Ali Eslami},
      year={2018},
      eprint={1803.03835},
      archivePrefix={arXiv},
      primaryClass={cs.LG},
      url={https://arxiv.org/abs/1803.03835}, 
}

@misc{schulman2017trpo,
      title={Trust Region Policy Optimization}, 
      author={John Schulman and Sergey Levine and Philipp Moritz and Michael I. Jordan and Pieter Abbeel},
      year={2017},
      eprint={1502.05477},
      archivePrefix={arXiv},
      primaryClass={cs.LG},
      url={https://arxiv.org/abs/1502.05477}, 
}

@misc{vecerik2018lddpgfd,
      title={Leveraging Demonstrations for Deep Reinforcement Learning on Robotics Problems with Sparse Rewards}, 
      author={Mel Vecerik and Todd Hester and Jonathan Scholz and Fumin Wang and Olivier Pietquin and Bilal Piot and Nicolas Heess and Thomas Roth√∂rl and Thomas Lampe and Martin Riedmiller},
      year={2018},
      eprint={1707.08817},
      archivePrefix={arXiv},
      primaryClass={cs.AI},
      url={https://arxiv.org/abs/1707.08817}, 
}

