@incollection{Bengio+chapter2007,
author = {Bengio, Yoshua and LeCun, Yann},
booktitle = {Large Scale Kernel Machines},
publisher = {MIT Press},
title = {Scaling Learning Algorithms Towards {AI}},
year = {2007}
}

@article{Hinton06,
author = {Hinton, Geoffrey E. and Osindero, Simon and Teh, Yee Whye},
journal = {Neural Computation},
pages = {1527--1554},
title = {A Fast Learning Algorithm for Deep Belief Nets},
volume = {18},
year = {2006}
}

@book{goodfellow2016deep,
title={Deep learning},
author={Goodfellow, Ian and Bengio, Yoshua and Courville, Aaron and Bengio, Yoshua},
volume={1},
year={2016},
publisher={MIT Press}
}

@article{willis2021fusion,
  title={Fusion 360 gallery: A dataset and environment for programmatic cad construction from human design sequences},
  author={Willis, Karl DD and Pu, Yewen and Luo, Jieliang and Chu, Hang and Du, Tao and Lambourne, Joseph G and Solar-Lezama, Armando and Matusik, Wojciech},
  journal={ACM Transactions on Graphics (TOG)},
  volume={40},
  number={4},
  pages={1--24},
  year={2021},
  publisher={ACM New York, NY, USA}
}

@inproceedings{wu2021deepcad,
  title={Deepcad: A deep generative network for computer-aided design models},
  author={Wu, Rundi and Xiao, Chang and Zheng, Changxi},
  booktitle={Proceedings of the IEEE/CVF International Conference on Computer Vision},
  pages={6772--6782},
  year={2021}
}

@inproceedings{xu2022skexgen,
  title={SkexGen: Autoregressive Generation of CAD Construction Sequences with Disentangled Codebooks},
  author={Xu, Xiang and Willis, Karl DD and Lambourne, Joseph G and Cheng, Chin-Yi and Jayaraman, Pradeep Kumar and Furukawa, Yasutaka},
  booktitle={International Conference on Machine Learning},
  pages={24698--24724},
  year={2022},
  organization={PMLR}
}

@inproceedings{seff2020sketchgraphs,
  title={Sketchgraphs: A large-scale dataset for modeling relational geometry in computer-aided design},
  author={Seff, Ari and Ovadia, Yaniv and Zhou, Wenda and Adams, Ryan P},
  booktitle={ICML 2020 Workshop on Object-Oriented Learning},
  year={2020}
}

@inproceedings{xu2023hierarchical,
  title={Hierarchical Neural Coding for Controllable CAD Model Generation},
  author={Xu, Xiang and Jayaraman, Pradeep Kumar and Lambourne, Joseph George and Willis, Karl DD and Furukawa, Yasutaka},
  booktitle={International Conference on Machine Learning},
  pages={38443--38461},
  year={2023},
  organization={PMLR}
}

@inproceedings{willis2021engineering,
  title={Engineering sketch generation for computer-aided design},
  author={Willis, Karl DD and Jayaraman, Pradeep Kumar and Lambourne, Joseph G and Chu, Hang and Pu, Yewen},
  booktitle={Proceedings of the IEEE/CVF conference on computer vision and pattern recognition},
  pages={2105--2114},
  year={2021}
}

@inproceedings{seff2022vitruvion,
  title={VITRUVION: A GENERATIVE MODEL OF PARAMETRIC CAD SKETCHES},
  author={Seff, Ari and Zhou, Wenda and Richardson, Nick and Adams, Ryan P},
  booktitle={10th International Conference on Learning Representations, ICLR 2022},
  year={2022}
}

@article{achiam2023gpt,
  title={Gpt-4 technical report},
  author={Achiam, Josh and Adler, Steven and Agarwal, Sandhini and Ahmad, Lama and Akkaya, Ilge and Aleman, Florencia Leoni and Almeida, Diogo and Altenschmidt, Janko and Altman, Sam and Anadkat, Shyamal and others},
  journal={arXiv preprint arXiv:2303.08774},
  year={2023}
}

@misc{OpenAI2023,
  author = {{OpenAI}},
  title = {Introducing ChatGPT},
  year = {2023},
  howpublished = {OpenAI Blog},
  note = {Available: \url{https://openai.com/blog/chatgpt}}
}

@article{touvron2023llama,
  title={Llama 2: Open foundation and fine-tuned chat models},
  author={Touvron, Hugo and Martin, Louis and Stone, Kevin and Albert, Peter and Almahairi, Amjad and Babaei, Yasmine and Bashlykov, Nikolay and Batra, Soumya and Bhargava, Prajjwal and Bhosale, Shruti and others},
  journal={arXiv preprint arXiv:2307.09288},
  year={2023}
}

@article{team2023gemini,
  title={Gemini: a family of highly capable multimodal models},
  author={Team, Gemini and Anil, Rohan and Borgeaud, Sebastian and Wu, Yonghui and Alayrac, Jean-Baptiste and Yu, Jiahui and Soricut, Radu and Schalkwyk, Johan and Dai, Andrew M and Hauth, Anja and others},
  journal={arXiv preprint arXiv:2312.11805},
  year={2023}
}

@article{brown2020language,
  title={Language models are few-shot learners},
  author={Brown, Tom and Mann, Benjamin and Ryder, Nick and Subbiah, Melanie and Kaplan, Jared D and Dhariwal, Prafulla and Neelakantan, Arvind and Shyam, Pranav and Sastry, Girish and Askell, Amanda and others},
  journal={Advances in neural information processing systems},
  volume={33},
  pages={1877--1901},
  year={2020}
}

@article{wei2022chain,
  title={Chain-of-thought prompting elicits reasoning in large language models},
  author={Wei, Jason and Wang, Xuezhi and Schuurmans, Dale and Bosma, Maarten and Xia, Fei and Chi, Ed and Le, Quoc V and Zhou, Denny and others},
  journal={Advances in Neural Information Processing Systems},
  volume={35},
  pages={24824--24837},
  year={2022}
}

@article{kojima2022large,
  title={Large language models are zero-shot reasoners},
  author={Kojima, Takeshi and Gu, Shixiang Shane and Reid, Machel and Matsuo, Yutaka and Iwasawa, Yusuke},
  journal={Advances in neural information processing systems},
  volume={35},
  pages={22199--22213},
  year={2022}
}

@inproceedings{xu2024wizardlm,
  title={WizardLM: Empowering large pre-trained language models to follow complex instructions},
  author={Xu, Can and Sun, Qingfeng and Zheng, Kai and Geng, Xiubo and Zhao, Pu and Feng, Jiazhan and Tao, Chongyang and Lin, Qingwei and Jiang, Daxin},
  booktitle={The Twelfth International Conference on Learning Representations},
  year={2024}
}

@inproceedings{yumetamath,
  title={MetaMath: Bootstrap Your Own Mathematical Questions for Large Language Models},
  author={Yu, Longhui and Jiang, Weisen and Shi, Han and Jincheng, YU and Liu, Zhengying and Zhang, Yu and Kwok, James and Li, Zhenguo and Weller, Adrian and Liu, Weiyang},
  booktitle={The Twelfth International Conference on Learning Representations},
  year={2024}
}

@inproceedings{shypulalearning,
  title={Learning Performance-Improving Code Edits},
  author={Shypula, Alexander G and Madaan, Aman and Zeng, Yimeng and Alon, Uri and Gardner, Jacob R and Yang, Yiming and Hashemi, Milad and Neubig, Graham and Ranganathan, Parthasarathy and Bastani, Osbert and others},
  booktitle={The Twelfth International Conference on Learning Representations},
  year={2023}
}

@article{zhao2024codev,
  title={CodeV: Empowering LLMs for Verilog Generation through Multi-Level Summarization},
  author={Zhao, Yang and Huang, Di and Li, Chongxiao and Jin, Pengwei and Nan, Ziyuan and Ma, Tianyun and Qi, Lei and Pan, Yansong and Zhang, Zhenxing and Zhang, Rui and others},
  journal={arXiv preprint arXiv:2407.10424},
  year={2024}
}

@article{ouyang2022training,
  title={Training language models to follow instructions with human feedback},
  author={Ouyang, Long and Wu, Jeffrey and Jiang, Xu and Almeida, Diogo and Wainwright, Carroll and Mishkin, Pamela and Zhang, Chong and Agarwal, Sandhini and Slama, Katarina and Ray, Alex and others},
  journal={Advances in neural information processing systems},
  volume={35},
  pages={27730--27744},
  year={2022}
}

@inproceedings{gatys2016image,
  title={Image style transfer using convolutional neural networks},
  author={Gatys, Leon A and Ecker, Alexander S and Bethge, Matthias},
  booktitle={Proceedings of the IEEE conference on computer vision and pattern recognition},
  pages={2414--2423},
  year={2016}
}

@inproceedings{huang2018multimodal,
  title={Multimodal unsupervised image-to-image translation},
  author={Huang, Xun and Liu, Ming-Yu and Belongie, Serge and Kautz, Jan},
  booktitle={Proceedings of the European conference on computer vision (ECCV)},
  pages={172--189},
  year={2018}
}

@inproceedings{karras2020analyzing,
  title={Analyzing and improving the image quality of stylegan},
  author={Karras, Tero and Laine, Samuli and Aittala, Miika and Hellsten, Janne and Lehtinen, Jaakko and Aila, Timo},
  booktitle={Proceedings of the IEEE/CVF conference on computer vision and pattern recognition},
  pages={8110--8119},
  year={2020}
}

@inproceedings{brooks2023instructpix2pix,
  title={Instructpix2pix: Learning to follow image editing instructions},
  author={Brooks, Tim and Holynski, Aleksander and Efros, Alexei A},
  booktitle={Proceedings of the IEEE/CVF Conference on Computer Vision and Pattern Recognition},
  pages={18392--18402},
  year={2023}
}

@article{ramesh2022hierarchical,
  title={Hierarchical Text-Conditional Image Generation with CLIP Latents},
  author={Ramesh, Aditya and Dhariwal, Prafulla and Nichol, Alex and Chu, Casey and Chen, Mark},
  journal={arXiv e-prints},
  pages={arXiv--2204},
  year={2022}
}

@inproceedings{ma2024draw,
  title={Draw Step by Step: Reconstructing CAD Construction Sequences from Point Clouds via Multimodal Diffusion.},
  author={Ma, Weijian and Chen, Shuaiqi and Lou, Yunzhong and Li, Xueyang and Zhou, Xiangdong},
  booktitle={Proceedings of the IEEE/CVF Conference on Computer Vision and Pattern Recognition},
  pages={27154--27163},
  year={2024}
}

@inproceedings{khan2024cad,
  title={CAD-SIGNet: CAD Language Inference from Point Clouds using Layer-wise Sketch Instance Guided Attention},
  author={Khan, Mohammad Sadil and Dupont, Elona and Ali, Sk Aziz and Cherenkova, Kseniya and Kacem, Anis and Aouada, Djamila},
  booktitle={Proceedings of the IEEE/CVF Conference on Computer Vision and Pattern Recognition},
  pages={4713--4722},
  year={2024}
}

@inproceedings{mikaeili2023sked,
  title={Sked: Sketch-guided text-based 3d editing},
  author={Mikaeili, Aryan and Perel, Or and Safaee, Mehdi and Cohen-Or, Daniel and Mahdavi-Amiri, Ali},
  booktitle={Proceedings of the IEEE/CVF International Conference on Computer Vision},
  pages={14607--14619},
  year={2023}
}

@inproceedings{chai2023stablevideo,
  title={Stablevideo: Text-driven consistency-aware diffusion video editing},
  author={Chai, Wenhao and Guo, Xun and Wang, Gaoang and Lu, Yan},
  booktitle={Proceedings of the IEEE/CVF International Conference on Computer Vision},
  pages={23040--23050},
  year={2023}
}

@inproceedings{radford2021learning,
  title={Learning transferable visual models from natural language supervision},
  author={Radford, Alec and Kim, Jong Wook and Hallacy, Chris and Ramesh, Aditya and Goh, Gabriel and Agarwal, Sandhini and Sastry, Girish and Askell, Amanda and Mishkin, Pamela and Clark, Jack and others},
  booktitle={International conference on machine learning},
  pages={8748--8763},
  year={2021},
  organization={PMLR}
}

@inproceedings{hertzprompt,
  title={Prompt-to-Prompt Image Editing with Cross-Attention Control},
  author={Hertz, Amir and Mokady, Ron and Tenenbaum, Jay and Aberman, Kfir and Pritch, Yael and Cohen-or, Daniel},
  booktitle={The Eleventh International Conference on Learning Representations},
  year={2022}
}

@article{meng2021sdedit,
  title={Sdedit: Image synthesis and editing with stochastic differential equations},
  author={Meng, Chenlin and Song, Yang and Song, Jiaming and Wu, Jiajun and Zhu, Jun-Yan and Ermon, Stefano},
  journal={arXiv preprint arXiv:2108.01073},
  year={2021}
}

@inproceedings{ceylan2023pix2video,
  title={Pix2video: Video editing using image diffusion},
  author={Ceylan, Duygu and Huang, Chun-Hao P and Mitra, Niloy J},
  booktitle={Proceedings of the IEEE/CVF International Conference on Computer Vision},
  pages={23206--23217},
  year={2023}
}

@article{mann2020language,
  title={Language models are few-shot learners},
  author={Mann, Ben and Ryder, N and Subbiah, M and Kaplan, J and Dhariwal, P and Neelakantan, A and Shyam, P and Sastry, G and Askell, A and Agarwal, S and others},
  journal={arXiv preprint arXiv:2005.14165},
  volume={1},
  year={2020}
}

@inproceedings{hulora,
  title={LoRA: Low-Rank Adaptation of Large Language Models},
  author={Hu, Edward J and Wallis, Phillip and Allen-Zhu, Zeyuan and Li, Yuanzhi and Wang, Shean and Wang, Lu and Chen, Weizhu and others},
  booktitle={International Conference on Learning Representations},
  year = {2022}
}

@article{gal2022stylegan,
  title={Stylegan-nada: Clip-guided domain adaptation of image generators},
  author={Gal, Rinon and Patashnik, Or and Maron, Haggai and Bermano, Amit H and Chechik, Gal and Cohen-Or, Daniel},
  journal={ACM Transactions on Graphics (TOG)},
  volume={41},
  number={4},
  pages={1--13},
  year={2022},
  publisher={ACM New York, NY, USA}
}

@inproceedings{lee2001partial,
  title={Partial entity structure: a compact non-manifold boundary representation based on partial topological entities},
  author={Lee, Sang Hun and Lee, Kunwoo},
  booktitle={Proceedings of the sixth ACM symposium on Solid modeling and applications},
  pages={159--170},
  year={2001}
}

@article{camba2016parametric,
  title={Parametric CAD modeling: An analysis of strategies for design reusability},
  author={Camba, Jorge D and Contero, Manuel and Company, Pedro},
  journal={Computer-Aided Design},
  volume={74},
  pages={18--31},
  year={2016},
  publisher={Elsevier}
}

@article{shahin2008feature,
  title={Feature-based design--an overview},
  author={Shahin, Tamer MM},
  journal={Computer-Aided Design and Applications},
  volume={5},
  number={5},
  pages={639--653},
  year={2008},
  publisher={Taylor \& Francis}
}

@inproceedings{chen2023teaching,
  title={Teaching Large Language Models to Self-Debug},
  author={Chen, Xinyun and Lin, Maxwell and Schaerli, Nathanael and Zhou, Denny},
  booktitle={The 61st Annual Meeting Of The Association For Computational Linguistics},
  year={2023}
}

@article{chen2021evaluating,
  title={Evaluating large language models trained on code},
  author={Chen, Mark and Tworek, Jerry and Jun, Heewoo and Yuan, Qiming and Pinto, Henrique Ponde De Oliveira and Kaplan, Jared and Edwards, Harri and Burda, Yuri and Joseph, Nicholas and Brockman, Greg and others},
  journal={arXiv preprint arXiv:2107.03374},
  year={2021}
}

@inproceedings{nijkamp2022codegen,
  title={CodeGen: An Open Large Language Model for Code with Multi-Turn Program Synthesis},
  author={Nijkamp, Erik and Pang, Bo and Hayashi, Hiroaki and Tu, Lifu and Wang, Huan and Zhou, Yingbo and Savarese, Silvio and Xiong, Caiming},
  booktitle={The Eleventh International Conference on Learning Representations},
  year={2022}
}

@inproceedings{gruverfine,
  title={Fine-Tuned Language Models Generate Stable Inorganic Materials as Text},
  author={Gruver, Nate and Sriram, Anuroop and Madotto, Andrea and Wilson, Andrew Gordon and Zitnick, C Lawrence and Ulissi, Zachary Ward},
  booktitle={The Twelfth International Conference on Learning Representations},
  year={2024}
}

@article{zhang2023instruction,
  title={Instruction tuning for large language models: A survey},
  author={Zhang, Shengyu and Dong, Linfeng and Li, Xiaoya and Zhang, Sen and Sun, Xiaofei and Wang, Shuhe and Li, Jiwei and Hu, Runyi and Zhang, Tianwei and Wu, Fei and others},
  journal={arXiv preprint arXiv:2308.10792},
  year={2023}
}

@article{makatura2023can,
  title={How Can Large Language Models Help Humans in Design and Manufacturing?},
  author={Makatura, Liane and Foshey, Michael and Wang, Bohan and H{\"a}hnLein, Felix and Ma, Pingchuan and Deng, Bolei and Tjandrasuwita, Megan and Spielberg, Andrew and Owens, Crystal Elaine and Chen, Peter Yichen and others},
  journal={arXiv preprint arXiv:2307.14377},
  year={2023}
}


@inproceedings{cao2023unnatural,
  title={Unnatural error correction: Gpt-4 can almost perfectly handle unnatural scrambled text},
  author={Cao, Qi and Kojima, Takeshi and Matsuo, Yutaka and Iwasawa, Yusuke},
  booktitle={Proceedings of the 2023 Conference on Empirical Methods in Natural Language Processing},
  pages={8898--8913},
  year={2023}
}

@article{willis2021fusion,
  title={Fusion 360 gallery: A dataset and environment for programmatic cad construction from human design sequences},
  author={Willis, Karl DD and Pu, Yewen and Luo, Jieliang and Chu, Hang and Du, Tao and Lambourne, Joseph G and Solar-Lezama, Armando and Matusik, Wojciech},
  journal={ACM Transactions on Graphics (TOG)},
  volume={40},
  number={4},
  pages={1--24},
  year={2021},
}

@article{zhang2024flexcad,
  title={FlexCAD: Unified and Versatile Controllable CAD Generation with Fine-tuned Large Language Models},
  author={Zhang, Zhanwei and Sun, Shizhao and Wang, Wenxiao and Cai, Deng and Bian, Jiang},
  journal={arXiv preprint arXiv:2411.05823},
  year={2024}
}

@inproceedings{khantext2cad,
  title={Text2CAD: Generating Sequential CAD Designs from Beginner-to-Expert Level Text Prompts},
  author={Khan, Mohammad Sadil and Sinha, Sankalp and Uddin, Sheikh Talha and Stricker, Didier and Ali, Sk Aziz and Afzal, Muhammad Zeshan},
  booktitle={The Thirty-eighth Annual Conference on Neural Information Processing Systems},
  year={2024}
}
@inproceedings{zhang2024motiongpt,
  title={Motiongpt: Finetuned llms are general-purpose motion generators},
  author={Zhang, Yaqi and Huang, Di and Liu, Bin and Tang, Shixiang and Lu, Yan and Chen, Lu and Bai, Lei and Chu, Qi and Yu, Nenghai and Ouyang, Wanli},
  booktitle={Proceedings of the AAAI Conference on Artificial Intelligence},
  volume={38},
  number={7},
  pages={7368--7376},
  year={2024}
}