@misc{OpenAI2023,
  author = {{OpenAI}},
  title = {Introducing ChatGPT},
  year = {2023},
  howpublished = {OpenAI Blog},
  note = {Available: \url{https://openai.com/blog/chatgpt}}
}

@article{achiam2023gpt,
  title={Gpt-4 technical report},
  author={Achiam, Josh and Adler, Steven and Agarwal, Sandhini and Ahmad, Lama and Akkaya, Ilge and Aleman, Florencia Leoni and Almeida, Diogo and Altenschmidt, Janko and Altman, Sam and Anadkat, Shyamal and others},
  journal={arXiv preprint arXiv:2303.08774},
  year={2023}
}

@inproceedings{brooks2023instructpix2pix,
  title={Instructpix2pix: Learning to follow image editing instructions},
  author={Brooks, Tim and Holynski, Aleksander and Efros, Alexei A},
  booktitle={Proceedings of the IEEE/CVF Conference on Computer Vision and Pattern Recognition},
  pages={18392--18402},
  year={2023}
}

@inproceedings{ceylan2023pix2video,
  title={Pix2video: Video editing using image diffusion},
  author={Ceylan, Duygu and Huang, Chun-Hao P and Mitra, Niloy J},
  booktitle={Proceedings of the IEEE/CVF International Conference on Computer Vision},
  pages={23206--23217},
  year={2023}
}

@inproceedings{chai2023stablevideo,
  title={Stablevideo: Text-driven consistency-aware diffusion video editing},
  author={Chai, Wenhao and Guo, Xun and Wang, Gaoang and Lu, Yan},
  booktitle={Proceedings of the IEEE/CVF International Conference on Computer Vision},
  pages={23040--23050},
  year={2023}
}

@inproceedings{gruverfine,
  title={Fine-Tuned Language Models Generate Stable Inorganic Materials as Text},
  author={Gruver, Nate and Sriram, Anuroop and Madotto, Andrea and Wilson, Andrew Gordon and Zitnick, C Lawrence and Ulissi, Zachary Ward},
  booktitle={The Twelfth International Conference on Learning Representations},
  year={2024}
}

@inproceedings{khan2024cad,
  title={CAD-SIGNet: CAD Language Inference from Point Clouds using Layer-wise Sketch Instance Guided Attention},
  author={Khan, Mohammad Sadil and Dupont, Elona and Ali, Sk Aziz and Cherenkova, Kseniya and Kacem, Anis and Aouada, Djamila},
  booktitle={Proceedings of the IEEE/CVF Conference on Computer Vision and Pattern Recognition},
  pages={4713--4722},
  year={2024}
}

@inproceedings{khantext2cad,
  title={Text2CAD: Generating Sequential CAD Designs from Beginner-to-Expert Level Text Prompts},
  author={Khan, Mohammad Sadil and Sinha, Sankalp and Uddin, Sheikh Talha and Stricker, Didier and Ali, Sk Aziz and Afzal, Muhammad Zeshan},
  booktitle={The Thirty-eighth Annual Conference on Neural Information Processing Systems},
  year={2024}
}

@article{meng2021sdedit,
  title={Sdedit: Image synthesis and editing with stochastic differential equations},
  author={Meng, Chenlin and Song, Yang and Song, Jiaming and Wu, Jiajun and Zhu, Jun-Yan and Ermon, Stefano},
  journal={arXiv preprint arXiv:2108.01073},
  year={2021}
}

@inproceedings{mikaeili2023sked,
  title={Sked: Sketch-guided text-based 3d editing},
  author={Mikaeili, Aryan and Perel, Or and Safaee, Mehdi and Cohen-Or, Daniel and Mahdavi-Amiri, Ali},
  booktitle={Proceedings of the IEEE/CVF International Conference on Computer Vision},
  pages={14607--14619},
  year={2023}
}

@article{touvron2023llama,
  title={Llama 2: Open foundation and fine-tuned chat models},
  author={Touvron, Hugo and Martin, Louis and Stone, Kevin and Albert, Peter and Almahairi, Amjad and Babaei, Yasmine and Bashlykov, Nikolay and Batra, Soumya and Bhargava, Prajjwal and Bhosale, Shruti and others},
  journal={arXiv preprint arXiv:2307.09288},
  year={2023}
}

@inproceedings{wu2021deepcad,
  title={Deepcad: A deep generative network for computer-aided design models},
  author={Wu, Rundi and Xiao, Chang and Zheng, Changxi},
  booktitle={Proceedings of the IEEE/CVF International Conference on Computer Vision},
  pages={6772--6782},
  year={2021}
}

@inproceedings{xu2022skexgen,
  title={SkexGen: Autoregressive Generation of CAD Construction Sequences with Disentangled Codebooks},
  author={Xu, Xiang and Willis, Karl DD and Lambourne, Joseph G and Cheng, Chin-Yi and Jayaraman, Pradeep Kumar and Furukawa, Yasutaka},
  booktitle={International Conference on Machine Learning},
  pages={24698--24724},
  year={2022},
  organization={PMLR}
}

@inproceedings{xu2023hierarchical,
  title={Hierarchical Neural Coding for Controllable CAD Model Generation},
  author={Xu, Xiang and Jayaraman, Pradeep Kumar and Lambourne, Joseph George and Willis, Karl DD and Furukawa, Yasutaka},
  booktitle={International Conference on Machine Learning},
  pages={38443--38461},
  year={2023},
  organization={PMLR}
}

@inproceedings{xu2024wizardlm,
  title={WizardLM: Empowering large pre-trained language models to follow complex instructions},
  author={Xu, Can and Sun, Qingfeng and Zheng, Kai and Geng, Xiubo and Zhao, Pu and Feng, Jiazhan and Tao, Chongyang and Lin, Qingwei and Jiang, Daxin},
  booktitle={The Twelfth International Conference on Learning Representations},
  year={2024}
}

@inproceedings{yumetamath,
  title={MetaMath: Bootstrap Your Own Mathematical Questions for Large Language Models},
  author={Yu, Longhui and Jiang, Weisen and Shi, Han and Jincheng, YU and Liu, Zhengying and Zhang, Yu and Kwok, James and Li, Zhenguo and Weller, Adrian and Liu, Weiyang},
  booktitle={The Twelfth International Conference on Learning Representations},
  year={2024}
}

@article{zhang2024flexcad,
  title={FlexCAD: Unified and Versatile Controllable CAD Generation with Fine-tuned Large Language Models},
  author={Zhang, Zhanwei and Sun, Shizhao and Wang, Wenxiao and Cai, Deng and Bian, Jiang},
  journal={arXiv preprint arXiv:2411.05823},
  year={2024}
}

@inproceedings{zhang2024motiongpt,
  title={Motiongpt: Finetuned llms are general-purpose motion generators},
  author={Zhang, Yaqi and Huang, Di and Liu, Bin and Tang, Shixiang and Lu, Yan and Chen, Lu and Bai, Lei and Chu, Qi and Yu, Nenghai and Ouyang, Wanli},
  booktitle={Proceedings of the AAAI Conference on Artificial Intelligence},
  volume={38},
  number={7},
  pages={7368--7376},
  year={2024}
}

