@inproceedings{carlini2023extracting,
  title={Extracting training data from diffusion models},
  author={Carlini, Nicolas and Hayes, Jamie and Nasr, Milad and Jagielski, Matthew and Sehwag, Vikash and Tramer, Florian and Balle, Borja and Ippolito, Daphne and Wallace, Eric},
  booktitle={USENIX Security},
  year={2023}
}

@inproceedings{chen2023advdiffuser,
  title={Advdiffuser: Natural adversarial example synthesis with diffusion models},
  author={Chen, Xinquan and Gao, Xitong and Zhao, Juanjuan and Ye, Kejiang and Xu, Cheng-Zhong},
  booktitle={ICCV},
  year={2023}
}

@inproceedings{chen2023disenbooth,
  title={Disenbooth: Identity-preserving disentangled tuning for subject-driven text-to-image generation},
  author={Chen, Hong and Zhang, Yipeng and Wu, Simin and Wang, Xin and Duan, Xuguang and Zhou, Yuwei and Zhu, Wenwu},
  booktitle={ICLR},
  year={2023}
}

@inproceedings{cherepanova2021lowkey,
  title={Lowkey: Leveraging adversarial attacks to protect social media users from facial recognition},
  author={Cherepanova, Valeriia and Goldblum, Micah and Foley, Harrison and Duan, Shiyuan and Dickerson, John and Taylor, Gavin and Goldstein, Tom},
  booktitle={ICLR},
  year={2021}
}

@inproceedings{cui2024localize,
  title={Localize, Understand, Collaborate: Semantic-Aware Dragging via Intention Reasoner},
  author={Cui, Xing and Li, Peipei and Li, Zekun and Liu, Xuannan and Zou, Yueying and He, Zhaofeng},
  booktitle={NeurIPS},
  year={2024}
}

@inproceedings{deb2020advfaces,
  title={Advfaces: Adversarial face synthesis},
  author={Deb, Debayan and Zhang, Jianbang and Jain, Anil K},
  booktitle={IJCB},
  year={2020}
}

@inproceedings{gal2022image,
  title={An Image is Worth One Word: Personalizing Text-to-Image Generation using Textual Inversion},
  author={Gal, Rinon and Alaluf, Yuval and Atzmon, Yuval and Patashnik, Or and Bermano, Amit H and Chechik, Gal and Cohen-Or, Daniel},
  booktitle={ICLR},
  year={2023}
}

@article{goodfellow2014explaining,
  title={Explaining and harnessing adversarial examples},
  author={Goodfellow, Ian J and Shlens, Jonathon and Szegedy, Christian},
  journal={arXiv preprint arXiv:1412.6572},
  year={2014}
}

@inproceedings{kumari2023multi,
  title={Multi-concept customization of text-to-image diffusion},
  author={Kumari, Nupur and Zhang, Bingliang and Zhang, Richard and Shechtman, Eli and Zhu, Jun-Yan},
  booktitle={CVPR},
  year={2023}
}

@inproceedings{li2023unganable,
  title={$\{$UnGANable$\}$: Defending against $\{$GAN-based$\}$ face manipulation},
  author={Li, Zheng and Yu, Ning and Salem, Ahmed and Backes, Michael and Fritz, Mario and Zhang, Yang},
  booktitle={USENIX Security},
  year={2023}
}

@inproceedings{li2024pid,
  title={PID: prompt-independent data protection against latent diffusion models},
  author={Li, Ang and Mo, Yichuan and Li, Mingjie and Wang, Yisen},
  booktitle={ICML},
  year={2024},

}

@inproceedings{liang2023adversarial,
  title={Adversarial Example Does Good: Preventing Painting Imitation from Diffusion Models via Adversarial Examples},
  author={Liang, Chumeng and Wu, Xiaoyu and Hua, Yang and Zhang, Jiaru and Xue, Yiming and Song, Tao and Xue, Zhengui and Ma, Ruhui and Guan, Haibing},
  booktitle={ICML},
  year={2023},
}

@inproceedings{liu2023enhancing,
  title={Enhancing generalization of universal adversarial perturbation through gradient aggregation},
  author={Liu, Xuannan and Zhong, Yaoyao and Zhang, Yuhang and Qin, Lixiong and Deng, Weihong},
  booktitle={ICCV},
  year={2023}
}

@inproceedings{liu2024metacloak,
  title={MetaCloak: Preventing Unauthorized Subject-driven Text-to-image Diffusion-based Synthesis via Meta-learning},
  author={Liu, Yixin and Fan, Chenrui and Dai, Yutong and Chen, Xun and Zhou, Pan and Sun, Lichao},
  booktitle={CVPR},
  year={2024}
}

@article{liu2025advcloak,
  title={Advcloak: Customized adversarial cloak for privacy protection},
  author={Liu, Xuannan and Zhong, Yaoyao and Cui, Xing and Zhang, Yuhang and Li, Peipei and Deng, Weihong},
  journal={Pattern Recognition},
  year={2025}
}

@inproceedings{moosavi2017universal,
  title={Universal adversarial perturbations},
  author={Moosavi-Dezfooli, Seyed-Mohsen and Fawzi, Alhussein and Fawzi, Omar and Frossard, Pascal},
  booktitle={CVPR},
  year={2017}
}

@inproceedings{nichol2021glide,
  title={Glide: Towards photorealistic image generation and editing with text-guided diffusion models},
  author={Nichol, Alex and Dhariwal, Prafulla and Ramesh, Aditya and Shyam, Pranav and Mishkin, Pamela and McGrew, Bob and Sutskever, Ilya and Chen, Mark},
  booktitle={ICML},
  year={2022}
}

@inproceedings{poursaeed2018generative,
  title={Generative adversarial perturbations},
  author={Poursaeed, Omid and Katsman, Isay and Gao, Bicheng and Belongie, Serge},
  booktitle={CVPR},
  year={2018}
}

@inproceedings{rombach2022high,
  title={High-resolution image synthesis with latent diffusion models},
  author={Rombach, Robin and Blattmann, Andreas and Lorenz, Dominik and Esser, Patrick and Ommer, Bj{\"o}rn},
  booktitle={CVPR},
  year={2022}
}

@inproceedings{ruiz2020disrupting,
  title={Disrupting deepfakes: Adversarial attacks against conditional image translation networks and facial manipulation systems},
  author={Ruiz, Nataniel and Bargal, Sarah Adel and Sclaroff, Stan},
  booktitle={ECCVW},
  year={2020}
}

@inproceedings{ruiz2023dreambooth,
  title={Dreambooth: Fine tuning text-to-image diffusion models for subject-driven generation},
  author={Ruiz, Nataniel and Li, Yuanzhen and Jampani, Varun and Pritch, Yael and Rubinstein, Michael and Aberman, Kfir},
  booktitle={CVPR},
  year={2023}
}

@inproceedings{shan2020fawkes,
  title={Fawkes: Protecting privacy against unauthorized deep learning models},
  author={Shan, Shawn and Wenger, Emily and Zhang, Jiayun and Li, Huiying and Zheng, Haitao and Zhao, Ben Y},
  booktitle={USENIX Security},
  year={2020}
}

@inproceedings{shi2024instantbooth,
  title={Instantbooth: Personalized text-to-image generation without test-time finetuning},
  author={Shi, Jing and Xiong, Wei and Lin, Zhe and Jung, Hyun Joon},
  booktitle={CVPR},
  year={2024}
}

@article{szegedy2013intriguing,
  title={Intriguing properties of neural networks},
  author={Szegedy, C},
  journal={arXiv preprint arXiv:1312.6199},
  year={2013}
}

@inproceedings{van2023anti,
  title={Anti-dreambooth: Protecting users from personalized text-to-image synthesis},
  author={Van Le, Thanh and Phung, Hao and Nguyen, Thuan Hoang and Dao, Quan and Tran, Ngoc N and Tran, Anh},
  booktitle={ICCV},
  year={2023}
}

@inproceedings{vyas2023provable,
  title={On provable copyright protection for generative models},
  author={Vyas, Nikhil and Kakade, Sham M and Barak, Boaz},
  booktitle={ICML},
  year={2023}
}

@inproceedings{wan2024prompt,
  title={Prompt-agnostic adversarial perturbation for customized diffusion models},
  author={Wan, Cong and He, Yuhang and Song, Xiang and Gong, Yihong},
  booktitle={NeurIPS},
  year={2024}
}

@inproceedings{wang2022anti,
  title={Anti-forgery: Towards a stealthy and robust deepfake disruption attack via adversarial perceptual-aware perturbations},
  author={Wang, Run and Huang, Ziheng and Chen, Zhikai and Liu, Li and Chen, Jing and Wang, Lina},
  booktitle={IJCAI},
  year={2022}
}

@inproceedings{wang2022deepfake,
  title={Deepfake disrupter: The detector of deepfake is my friend},
  author={Wang, Xueyu and Huang, Jiajun and Ma, Siqi and Nepal, Surya and Xu, Chang},
  booktitle={CVPR},
  year={2022}
}

@inproceedings{wang2024simac,
  title={Simac: A simple anti-customization method for protecting face privacy against text-to-image synthesis of diffusion models},
  author={Wang, Feifei and Tan, Zhentao and Wei, Tianyi and Wu, Yue and Huang, Qidong},
  booktitle={CVPR},
  year={2024}
}

@article{wang2024stablegarment,
  title={StableGarment: Garment-Centric Generation via Stable Diffusion},
  author={Wang, Rui and Guo, Hailong and Liu, Jiaming and Li, Huaxia and Zhao, Haibo and Tang, Xu and Hu, Yao and Tang, Hao and Li, Peipei},
  journal={arXiv preprint arXiv:2403.10783},
  year={2024}
}

@inproceedings{xiao2018generating,
  title={Generating adversarial examples with adversarial networks},
  author={Xiao, Chaowei and Li, Bo and Zhu, Jun-Yan and He, Warren and Liu, Mingyan and Song, Dawn},
  booktitle={IJCAI},
  year={2018}
}

@article{xiong2023black,
  title={A black-box reversible adversarial example for authorizable recognition to shared images},
  author={Xiong, Lizhi and Wu, Yue and Yu, Peipeng and Zheng, Yuhui},
  journal={Pattern Recognition},
  year={2023}
}

@inproceedings{xue2023toward,
  title={Toward effective protection against diffusion-based mimicry through score distillation},
  author={Xue, Haotian and Liang, Chumeng and Wu, Xiaoyu and Chen, Yongxin},
  booktitle={ICLR},
  year={2023}
}

@inproceedings{yang2021towards,
  title={Towards face encryption by generating adversarial identity masks},
  author={Yang, Xiao and Dong, Yinpeng and Pang, Tianyu and Su, Hang and Zhu, Jun and Chen, Yuefeng and Xue, Hui},
  booktitle={ICCV},
  year={2021}
}

@article{zhong2022opom,
  title={Opom: Customized invisible cloak towards face privacy protection},
  author={Zhong, Yaoyao and Deng, Weihong},
  journal={IEEE TPAMI},
  year={2022}
}

