@misc{chen2023maybe05dataneeded,
      title={Maybe Only 0.5% Data is Needed: A Preliminary Exploration of Low Training Data Instruction Tuning}, 
      author={Hao Chen and Yiming Zhang and Qi Zhang and Hantao Yang and Xiaomeng Hu and Xuetao Ma and Yifan Yanggong and Junbo Zhao},
      year={2023},
      eprint={2305.09246},
      archivePrefix={arXiv},
      primaryClass={cs.AI},
      url={https://arxiv.org/abs/2305.09246}
}

@misc{chen2024visionlanguagemodelstrongfilter,
      title={Your Vision-Language Model Itself Is a Strong Filter: Towards High-Quality Instruction Tuning with Data Selection}, 
      author={Ruibo Chen and Yihan Wu and Lichang Chen and Guodong Liu and Qi He and Tianyi Xiong and Chenxi Liu and Junfeng Guo and Heng Huang},
      year={2024},
      eprint={2402.12501},
      archivePrefix={arXiv},
      primaryClass={cs.CL},
      url={https://arxiv.org/abs/2402.12501}
}

@misc{chen2025expandingperformanceboundariesopensource,
      title={Expanding Performance Boundaries of Open-Source Multimodal Models with Model, Data, and Test-Time Scaling}, 
      author={Zhe Chen and Weiyun Wang and Yue Cao and Yangzhou Liu and Zhangwei Gao and Erfei Cui and Jinguo Zhu and Shenglong Ye and Hao Tian and Zhaoyang Liu and Lixin Gu and Xuehui Wang and Qingyun Li and Yimin Ren and Zixuan Chen and Jiapeng Luo and Jiahao Wang and Tan Jiang and Bo Wang and Conghui He and Botian Shi and Xingcheng Zhang and Han Lv and Yi Wang and Wenqi Shao and Pei Chu and Zhongying Tu and Tong He and Zhiyong Wu and Huipeng Deng and Jiaye Ge and Kai Chen and Kaipeng Zhang and Limin Wang and Min Dou and Lewei Lu and Xizhou Zhu and Tong Lu and Dahua Lin and Yu Qiao and Jifeng Dai and Wenhai Wang},
      year={2025},
      eprint={2412.05271},
      archivePrefix={arXiv},
      primaryClass={cs.CV},
      url={https://arxiv.org/abs/2412.05271}
}

@misc{lee2024conceptskilltransferabilitybaseddataselection,
      title={Concept-skill Transferability-based Data Selection for Large Vision-Language Models}, 
      author={Jaewoo Lee and Boyang Li and Sung Ju Hwang},
      year={2024},
      eprint={2406.10995},
      archivePrefix={arXiv},
      primaryClass={cs.CV},
      url={https://arxiv.org/abs/2406.10995}
}

@misc{li2024llavaonevisioneasyvisualtask,
      title={LLaVA-OneVision: Easy Visual Task Transfer}, 
      author={Bo Li and Yuanhan Zhang and Dong Guo and Renrui Zhang and Feng Li and Hao Zhang and Kaichen Zhang and Peiyuan Zhang and Yanwei Li and Ziwei Liu and Chunyuan Li},
      year={2024},
      eprint={2408.03326},
      archivePrefix={arXiv},
      primaryClass={cs.CV},
      url={https://arxiv.org/abs/2408.03326}
}

@misc{liu2024morehighvaluedataselection,
      title={Less is More: High-value Data Selection for Visual Instruction Tuning}, 
      author={Zikang Liu and Kun Zhou and Wayne Xin Zhao and Dawei Gao and Yaliang Li and Ji-Rong Wen},
      year={2024},
      eprint={2403.09559},
      archivePrefix={arXiv},
      primaryClass={cs.CL},
      url={https://arxiv.org/abs/2403.09559}
}

@article{liu2024visual,
  title={Visual instruction tuning},
  author={Liu, Haotian and Li, Chunyuan and Wu, Qingyang and Lee, Yong Jae},
  journal={Advances in neural information processing systems},
  volume={36},
  year={2024}
}

@article{tong2024cambrian,
  title={Cambrian-1: A fully open, vision-centric exploration of multimodal llms},
  author={Tong, Shengbang and Brown, Ellis and Wu, Penghao and Woo, Sanghyun and Middepogu, Manoj and Akula, Sai Charitha and Yang, Jihan and Yang, Shusheng and Iyer, Adithya and Pan, Xichen and others},
  journal={arXiv preprint arXiv:2406.16860},
  year={2024}
}

@misc{wei2023instructiongpt4200instructionparadigmfinetuning,
      title={InstructionGPT-4: A 200-Instruction Paradigm for Fine-Tuning MiniGPT-4}, 
      author={Lai Wei and Zihao Jiang and Weiran Huang and Lichao Sun},
      year={2023},
      eprint={2308.12067},
      archivePrefix={arXiv},
      primaryClass={cs.LG},
      url={https://arxiv.org/abs/2308.12067}
}

@misc{wu2025iconsinfluenceconsensusvisionlanguage,
      title={ICONS: Influence Consensus for Vision-Language Data Selection}, 
      author={Xindi Wu and Mengzhou Xia and Rulin Shao and Zhiwei Deng and Pang Wei Koh and Olga Russakovsky},
      year={2025},
      eprint={2501.00654},
      archivePrefix={arXiv},
      primaryClass={cs.CV},
      url={https://arxiv.org/abs/2501.00654}, 
}

@misc{xia2024lessselectinginfluentialdata,
      title={LESS: Selecting Influential Data for Targeted Instruction Tuning}, 
      author={Mengzhou Xia and Sadhika Malladi and Suchin Gururangan and Sanjeev Arora and Danqi Chen},
      year={2024},
      eprint={2402.04333},
      archivePrefix={arXiv},
      primaryClass={cs.CL},
      url={https://arxiv.org/abs/2402.04333}
}

@article{xue2024xgen,
  title={xgen-mm (blip-3): A family of open large multimodal models},
  author={Xue, Le and Shu, Manli and Awadalla, Anas and Wang, Jun and Yan, An and Purushwalkam, Senthil and Zhou, Honglu and Prabhu, Viraj and Dai, Yutong and Ryoo, Michael S and others},
  journal={arXiv preprint arXiv:2408.08872},
  year={2024}
}

@article{yu2024mastering,
  title={Mastering Collaborative Multi-modal Data Selection: A Focus on Informativeness, Uniqueness, and Representativeness},
  author={Yu, Qifan and Shen, Zhebei and Yue, Zhongqi and Wu, Yang and Zhang, Wenqiao and Li, Yunfei and Li, Juncheng and Tang, Siliang and Zhuang, Yueting},
  journal={arXiv preprint arXiv:2412.06293},
  year={2024}
}

@article{zhou2024lima,
  title={Lima: Less is more for alignment},
  author={Zhou, Chunting and Liu, Pengfei and Xu, Puxin and Iyer, Srinivasan and Sun, Jiao and Mao, Yuning and Ma, Xuezhe and Efrat, Avia and Yu, Ping and Yu, Lili and others},
  journal={Advances in Neural Information Processing Systems},
  volume={36},
  year={2024}
}

@misc{zhu2023minigpt4enhancingvisionlanguageunderstanding,
      title={MiniGPT-4: Enhancing Vision-Language Understanding with Advanced Large Language Models}, 
      author={Deyao Zhu and Jun Chen and Xiaoqian Shen and Xiang Li and Mohamed Elhoseiny},
      year={2023},
      eprint={2304.10592},
      archivePrefix={arXiv},
      primaryClass={cs.CV},
      url={https://arxiv.org/abs/2304.10592}
}

