@article{chen2024netgpt,
  title={Netgpt: An ai-native network architecture for provisioning beyond personalized generative services},
  author={Chen, Yuxuan and Li, Rongpeng and Zhao, Zhifeng and Peng, Chenghui and Wu, Jianjun and Hossain, Ekram and Zhang, Honggang},
  journal={IEEE Network},
  year={2024},
  publisher={IEEE}
}

@inproceedings{ding2023abc,
  title={ABC: Automatic Bottom-Up Construction of Configuration Knowledge Base for Multi-Vendor Networks},
  author={Ding, Wenlong and Liu, Libin and Chen, Li and Xu, Hong},
  booktitle={2023 IEEE 5th International Conference on Cognitive Machine Intelligence (CogMI)},
  pages={135--140},
  year={2023},
  organization={IEEE Computer Society}
}

@article{guo2023netcr,
  title={NetCR: Knowledge Graph Based Recommendation Framework for Manual Network Configuration},
  author={Guo, Zhenbei and Li, Fuliang and Shen, Jiaxing and Wang, Xingwei},
  journal={IEEE Internet of Things Journal},
  year={2023},
  publisher={IEEE}
}

@article{tong2023ten,
  title={Ten issues of NetGPT},
  author={Tong, Wen and Peng, Chenghui and Yang, Tingting and Wang, Fei and Deng, Juan and Li, Rongpeng and Yang, Lu and Zhang, Honggang and Wang, Dong and Ai, Ming and others},
  journal={arXiv preprint arXiv:2311.13106},
  year={2023}
}

@article{wang2023network,
  title={Network Meets ChatGPT: Intent Autonomous Management, Control and Operation},
  author={Wang, Jingyu and Zhang, Lei and Yang, Yiran and Zhuang, Zirui and Qi, Qi and Sun, Haifeng and Lu, Lu and Feng, Junlan and Liao, Jianxin},
  journal={Journal of Communications and Information Networks},
  volume={8},
  number={3},
  pages={239--255},
  year={2023},
  publisher={PTP}
}

@inproceedings{zhao2023confpilot,
  title={CONFPILOT: A Pilot for Faster Configuration by Learning from Device Manuals},
  author={Zhao, Jinyu and Sun, Haifeng and Wang, Jingyu and Qi, Qi and Zhuang, Zirui and Tao, Shimin and Liao, Jianxin},
  booktitle={2023 IEEE 43rd International Conference on Distributed Computing Systems (ICDCS)},
  pages={108--119},
  year={2023},
  organization={IEEE}
}

