@article{chen2024netgpt,
  title={Netgpt: An ai-native network architecture for provisioning beyond personalized generative services},
  author={Chen, Yuxuan and Li, Rongpeng and Zhao, Zhifeng and Peng, Chenghui and Wu, Jianjun and Hossain, Ekram and Zhang, Honggang},
  journal={IEEE Network},
  year={2024},
  publisher={IEEE}
}

@article{meng2023netgpt,
  title={Netgpt: Generative pretrained transformer for network traffic},
  author={Meng, Xuying and Lin, Chungang and Wang, Yequan and Zhang, Yujun},
  journal={arXiv preprint arXiv:2304.09513},
  year={2023}
}

@article{tong2023ten,
  title={Ten issues of NetGPT},
  author={Tong, Wen and Peng, Chenghui and Yang, Tingting and Wang, Fei and Deng, Juan and Li, Rongpeng and Yang, Lu and Zhang, Honggang and Wang, Dong and Ai, Ming and others},
  journal={arXiv preprint arXiv:2311.13106},
  year={2023}
}

@article{wang2023network,
  title={Network Meets ChatGPT: Intent Autonomous Management, Control and Operation},
  author={Wang, Jingyu and Zhang, Lei and Yang, Yiran and Zhuang, Zirui and Qi, Qi and Sun, Haifeng and Lu, Lu and Feng, Junlan and Liao, Jianxin},
  journal={Journal of Communications and Information Networks},
  volume={8},
  number={3},
  pages={239--255},
  year={2023},
  publisher={PTP}
}

@inproceedings{ding2023abc,
  title={ABC: Automatic Bottom-Up Construction of Configuration Knowledge Base for Multi-Vendor Networks},
  author={Ding, Wenlong and Liu, Libin and Chen, Li and Xu, Hong},
  booktitle={2023 IEEE 5th International Conference on Cognitive Machine Intelligence (CogMI)},
  pages={135--140},
  year={2023},
  organization={IEEE Computer Society}
}

@inproceedings{zhao2023confpilot,
  title={CONFPILOT: A Pilot for Faster Configuration by Learning from Device Manuals},
  author={Zhao, Jinyu and Sun, Haifeng and Wang, Jingyu and Qi, Qi and Zhuang, Zirui and Tao, Shimin and Liao, Jianxin},
  booktitle={2023 IEEE 43rd International Conference on Distributed Computing Systems (ICDCS)},
  pages={108--119},
  year={2023},
  organization={IEEE}
}

@article{guo2023netcr,
  title={NetCR: Knowledge Graph Based Recommendation Framework for Manual Network Configuration},
  author={Guo, Zhenbei and Li, Fuliang and Shen, Jiaxing and Wang, Xingwei},
  journal={IEEE Internet of Things Journal},
  year={2023},
  publisher={IEEE}
}

@article{rashid2019cisco,
  title={Cisco packet tracer simulation as effective pedagogy in Computer Networking course},
  author={Rashid, Nazre Abdul and bin Othman, Zahar and bin Johan, Rasyidi and Sidek, Salman bin Hj},
  year={2019},
  publisher={International Association of Online Engineering}
}

@inproceedings{janitor2010visual,
  title={Visual learning tools for teaching/learning computer networks: Cisco networking academy and packet tracer},
  author={Janitor, Jozef and Jakab, Franti{\v{s}}ek and Kniewald, Karol},
  booktitle={2010 Sixth international conference on networking and services},
  pages={351--355},
  year={2010},
  organization={IEEE}
}

@inproceedings{allison2022simulation,
  title={Simulation-based learning via cisco packet tracer to enhance the teaching of computer networks},
  author={Allison, Jordan},
  booktitle={Proceedings of the 27th ACM Conference on on Innovation and Technology in Computer Science Education Vol. 1},
  pages={68--74},
  year={2022}
}

@book{neumann2015book,
  title={The book of GNS3: build virtual network labs using Cisco, Juniper, and more},
  author={Neumann, Jason C},
  year={2015},
  publisher={No Starch Press}
}

@inproceedings{sharma2024comparison,
  title={Comparison of Packet Tracer and EVE-NG Tools for Efficient Network Design},
  author={Sharma, Amit and Kumar, Anil and Kumar, Mahesh},
  booktitle={2024 11th International Conference on Computing for Sustainable Global Development (INDIACom)},
  pages={917--919},
  year={2024},
  organization={IEEE}
}

@article{harahus23interactive,
  title={Interactive Network Learning: An Assessment of EVE-NG Platform in Educational Settings},
  author={Harahus, Maro{\v{s}} and {\v{C}}avojsk{\`y}, Mat{\'u}{\v{s}} and Bug{\'a}r, Gabriel and Pleva, Mat{\'u}{\v{s}}},
  journal={Acta Electrotechnica et Informatica},
  volume={23},
  number={3},
  pages={3--9}
}

@inproceedings{sierszen2017teaching,
  title={Teaching Of Computer Networks With Using Simulation And Emulation Environments},
  author={Siersze{\'n}, Artur and Sturgulewski, Lukasz and Przy{\l}ucki, S{\l}awomir and Czerwi{\'n}ski, Dariusz},
  booktitle={ICERI2017 Proceedings},
  pages={5173--5179},
  year={2017},
  organization={IATED}
}

@misc{EVE-NG,
    author = "{Uldis Dzerkals}",
    title = "{Emulated Virtual Environment - Next Generation}",
    year = "2024",
    url = "https://www.eve-ng.net/",
    note = "[Online; accessed 1-June-2024]"
}

@article{marquardson2019simulation,
  title={Simulation for network education: Transferring networking skills between simulated to physical environments},
  author={Marquardson, Jim and Gomillion, David},
  journal={Information Systems Education Journal},
  volume={17},
  number={1},
  pages={28},
  year={2019}
}

@article{ranjan2016survey,
  title={A Survey on Techniques in NLP},
  author={Ranjan, Nihar and Mundada, Kaushal and Phaltane, Kunal and Ahmad, Saim},
  journal={International Journal of Computer Applications},
  volume={134},
  number={8},
  pages={6--9},
  year={2016},
  publisher={Foundation of Computer Science}
}