@inproceedings{ayush2021geographyaware,
  title = {Geography-Aware Self-Supervised Learning},
  booktitle = {2021 IEEE/CVF International Conference on Computer Vision (ICCV)},
  author = {Ayush, Kumar and Uzkent, Burak and Meng, Chenlin and Tanmay, Kumar and Burke, Marshall and Lobell, David and Ermon, Stefano},
  year = {2021},
  month = oct,
  pages = {10161--10170},
  publisher = {IEEE},
  address = {Montreal, QC, Canada},
  doi = {10.1109/ICCV48922.2021.01002},
  urldate = {2023-06-02},
  isbn = {978-1-66542-812-5},
  langid = {english}
}

@inproceedings{caron2021emerging,
title={Emerging properties in self-supervised vision transformers},
  author={Caron, Mathilde and Touvron, Hugo and Misra, Ishan and J{\'e}gou, Herv{\'e} and Mairal, Julien and Bojanowski, Piotr and Joulin, Armand},
  booktitle={Proceedings of the IEEE/CVF international conference on computer vision},
  pages={9650--9660},
  year={2021}
}

@inproceedings{chacra2018municipal,
  title = {Municipal Infrastructure Anomaly and Defect Detection},
  booktitle = {2018 26th European Signal Processing Conference (EUSIPCO)},
  author = {Chacra, David Abou and Zelek, John},
  year = {2018},
  pages = {2125--2129},
  publisher = {IEEE},
  address = {Rome},
  isbn = {978-90-827970-1-5}
}

@inproceedings{chen2020Simple,
  title = {A Simple Framework for Contrastive Learning of Visual Representations},
  booktitle = {Proceedings of the 37th International Conference on Machine Learning},
  author = {Chen, Ting and Kornblith, Simon and Norouzi, Mohammad and Hinton, Geoffrey},
  editor = {III, Hal Daum{\'e} and Singh, Aarti},
  year = {2020},
  month = jul,
  series = {Proceedings of Machine Learning Research},
  volume = {119},
  pages = {1597--1607},
  publisher = {PMLR}
}

@inproceedings{chen2021Exploring,
  title = {Exploring Simple Siamese Representation Learning},
  booktitle = {2021 IEEE/CVF Conference on Computer Vision and Pattern Recognition (CVPR)},
  author = {Chen, Xinlei and He, Kaiming},
  year = {2021},
  month = jun,
  pages = {15745--15753},
  publisher = {IEEE},
  address = {Nashville, TN, USA},
  doi = {10.1109/CVPR46437.2021.01549},
  urldate = {2024-04-05},
  copyright = {https://ieeexplore.ieee.org/Xplorehelp/downloads/license-information/IEEE.html},
  isbn = {978-1-66544-509-2},
  langid = {english}
}

@inproceedings{chen2021empirical,
  title = {An Empirical Study of Training Self-Supervised Vision Transformers},
  booktitle = {2021 IEEE/CVF International Conference on Computer Vision (ICCV)},
  author = {Chen, Xinlei and Xie, Saining and He, Kaiming},
  year = {2021},
  pages = {9620--9629},
  doi = {10.1109/ICCV48922.2021.00950},
  keywords = {Benchmark testing,Computer vision,Recognition and classification,Representation learning,Standards,Training,Transfer/Low-shot/Semi/Unsupervised Learning,Transformers}
}

@inproceedings{deuser2023sample4geo,
  title = {Sample4Geo: Hard Negative Sampling For Cross-View Geo-Localisation},
  shorttitle = {Sample4Geo},
  booktitle = {2023 IEEE/CVF International Conference on Computer Vision (ICCV)},
  author = {Deuser, Fabian and Habel, Konrad and Oswald, Norbert},
  year = {2023},
  month = oct,
  pages = {16801--16810},
  publisher = {IEEE},
  address = {Paris, France},
  doi = {10.1109/ICCV51070.2023.01545},
  urldate = {2024-04-13},
  copyright = {https://doi.org/10.15223/policy-029},
  isbn = {9798350307184},
  langid = {english}
}

@article{fan2023urban,
  title = {Urban visual intelligence: Uncovering hidden city profiles with street view images},
  author = {Fan, Zhuangyuan and Zhang, Fan and Loo, Becky P. Y. and Ratti, Carlo},
  year = {2023},
  journal = {Proceedings of the National Academy of Sciences},
  volume = {120},
  number = {27},
  pages = {e2220417120},
  publisher = {Proceedings of the National Academy of Sciences}
}

@inproceedings{grill2020bootstrap,
  title={Bootstrap your own latent-a new approach to self-supervised learning},
  author={Grill, Jean-Bastien and Strub, Florian and Altch{\'e}, Florent and Tallec, Corentin and Richemond, Pierre and Buchatskaya, Elena and Doersch, Carl and Avila Pires, Bernardo and Guo, Zhaohan and Gheshlaghi Azar, Mohammad and others},
  booktitle={Advances in neural information processing systems},
  volume={33},
  pages={21271--21284},
  year={2020}
}

@article{guo2024spatialscene2vec,
  title={SpatialScene2Vec: A self-supervised contrastive representation learning method for spatial scene similarity evaluation},
  author={Guo, Danhuai and Yu, Yingxue and Ge, Shiyin and Gao, Song and Mai, Gengchen and Chen, Huixuan},
  journal={International Journal of Applied Earth Observation and Geoinformation},
  volume={128},
  pages={103743},
  year={2024},
  publisher={Elsevier}
}

@inproceedings{he2020Momentum,
  title = {Momentum Contrast for Unsupervised Visual Representation Learning},
  booktitle = {2020 IEEE/CVF Conference on Computer Vision and Pattern Recognition (CVPR)},
  author = {He, Kaiming and Fan, Haoqi and Wu, Yuxin and Xie, Saining and Girshick, Ross},
  year = {2020},
  month = jun,
  pages = {9726--9735},
  publisher = {IEEE},
  address = {Seattle, WA, USA},
  doi = {10.1109/CVPR42600.2020.00975},
  urldate = {2021-04-07},
  isbn = {978-1-72817-168-5},
  langid = {english}
}

@article{huang2023comprehensive,
  title = {Comprehensive urban space representation with varying numbers of street-level images},
  author = {Huang, Yingjing and Zhang, Fan and Gao, Yong and Tu, Wei and Duarte, Fabio and Ratti, Carlo and Guo, Diansheng and Liu, Yu},
  year = {2023},
  journal = {Computers, Environment and Urban Systems},
  volume = {106},
  pages = {102043},
  issn = {01989715}
}

@misc{klemmer2024satclip,
  title = {SatCLIP: Global, General-Purpose Location Embeddings with Satellite Imagery},
  shorttitle = {SatCLIP},
  author = {Klemmer, Konstantin and Rolf, Esther and Robinson, Caleb and Mackey, Lester and Ru{\ss}wurm, Marc},
  year = {2024},
  month = apr,
  number = {arXiv:2311.17179},
  eprint = {2311.17179},
  primaryclass = {cs},
  publisher = {arXiv},
  urldate = {2024-10-01},
  archiveprefix = {arXiv},
  langid = {english},
  keywords = {Computer Science - Artificial Intelligence,Computer Science - Computer Vision and Pattern Recognition,Computer Science - Computers and Society,Computer Science - Machine Learning}
}

@article{liu2022tcgl,
  title = {TCGL: Temporal Contrastive Graph for Self-Supervised Video Representation Learning},
  author = {Liu, Yang and Wang, Keze and Liu, Lingbo and Lan, Haoyuan and Lin, Liang},
  year = {2022},
  journal = {IEEE Transactions on Image Processing},
  volume = {31},
  pages = {1978--1993},
  doi = {10.1109/TIP.2022.3147032},
  keywords = {Discrete cosine transforms,Feature extraction,graph neural networks,Legged locomotion,Representation learning,self-supervised learning,spatial-temporal data analysis,Streaming media,Supervised learning,Task analysis,Video understanding}
}

@misc{liu2023knowledgeinfused,
  title = {Knowledge-Infused Contrastive Learning for Urban Imagery-Based Socioeconomic Prediction},
  author = {Liu, Yu and Zhang, Xin and Ding, Jingtao and Xi, Yanxin and Li, Yong},
  year = {2023},
  month = feb,
  number = {arXiv:2302.13094},
  eprint = {2302.13094},
  primaryclass = {cs},
  publisher = {arXiv},
  urldate = {2023-04-25},
  archiveprefix = {arXiv},
  keywords = {Computer Science - Artificial Intelligence,Computer Science - Computer Vision and Pattern Recognition}
}

@inproceedings{mai2023csp,
  title={Csp: Self-supervised contrastive spatial pre-training for geospatial-visual representations},
  author={Mai, Gengchen and Lao, Ni and He, Yutong and Song, Jiaming and Ermon, Stefano},
  booktitle={International Conference on Machine Learning},
  pages={23498--23515},
  year={2023},
  organization={PMLR}
}

@inproceedings{manas2021seasonal,
  title = {Seasonal Contrast: Unsupervised Pre-Training from Uncurated Remote Sensing Data},
  shorttitle = {Seasonal Contrast},
  booktitle = {2021 IEEE/CVF International Conference on Computer Vision (ICCV)},
  author = {Manas, Oscar and Lacoste, Alexandre and {Giro-i-Nieto}, Xavier and Vazquez, David and Rodriguez, Pau},
  year = {2021},
  month = oct,
  pages = {9394--9403},
  publisher = {IEEE},
  address = {Montreal, QC, Canada},
  doi = {10.1109/ICCV48922.2021.00928},
  urldate = {2024-10-01},
  copyright = {https://doi.org/10.15223/policy-029},
  isbn = {978-1-66542-812-5},
  langid = {english}
}

@misc{oord2019representation,
  title = {Representation Learning with Contrastive Predictive Coding},
  author = {van den Oord, Aaron and Li, Yazhe and Vinyals, Oriol},
  year = {2019},
  month = jan,
  number = {1807.03748},
  eprint = {1807.03748},
  urldate = {2021-05-04},
  archiveprefix = {arXiv},
  keywords = {Computer Science - Machine Learning,Statistics - Machine Learning}
}

@article{stalder2024selfsupervised,
  title = {Self-supervised learning unveils urban change from street-level images},
  author = {Stalder, Steven and Volpi, Michele and B{\"u}ttner, Nicolas and Law, Stephen and Harttgen, Kenneth and Suel, Esra},
  year = {2024},
  journal = {Computers, Environment and Urban Systems},
  volume = {112},
  pages = {102156},
  issn = {01989715},
  language = {en}
}

@inproceedings{tian2020contrastive,
  title = {Contrastive Multiview Coding},
  booktitle = {Computer Vision--ECCV 2020: 16th European Conference, Glasgow, UK, August 23--28, 2020, Proceedings, Part XI 16},
  author = {Tian, Yonglong and Krishnan, Dilip and Isola, Phillip},
  year = {2020},
  pages = {776--794},
  publisher = {Springer}
}

@inproceedings{wang2020urban2vec,
  title = {Urban2vec: Incorporating Street View Imagery and Pois for Multi-Modal Urban Neighborhood Embedding},
  booktitle = {Proceedings of the AAAI Conference on Artificial Intelligence},
  author = {Wang, Zhecheng and Li, Haoyuan and Rajagopal, Ram},
  year = {2020},
  volume = {34},
  pages = {1013--1020}
}

@inproceedings{wang2022longshort,
  title = {Long-Short Temporal Contrastive Learning of Video Transformers},
  booktitle = {2022 IEEE/CVF Conference on Computer Vision and Pattern Recognition (CVPR)},
  author = {Wang, Jue and Bertasius, Gedas and Tran, Du and Torresani, Lorenzo},
  year = {2022},
  month = jun,
  pages = {13990--14000},
  publisher = {IEEE},
  address = {New Orleans, LA, USA},
  doi = {10.1109/CVPR52688.2022.01362},
  urldate = {2024-09-12},
  copyright = {https://doi.org/10.15223/policy-029},
  isbn = {978-1-66546-946-3},
  langid = {english}
}

@inproceedings{wu2018unsupervised,
  title={Unsupervised feature learning via non-parametric instance discrimination},
  author={Wu, Zhirong and Xiong, Yuanjun and Yu, Stella X and Lin, Dahua},
  booktitle={Proceedings of the IEEE conference on computer vision and pattern recognition},
  pages={3733--3742},
  year={2018}
}

@article{zhou2017places,
  title = {Places: A 10 million image database for scene recognition},
  author = {Zhou, Bolei and Lapedriza, Agata and Khosla, Aditya and Oliva, Aude and Torralba, Antonio},
  year = {2017},
  journal = {IEEE Transactions on Pattern Analysis and Machine Intelligence},
  publisher = {IEEE},
  language = {en}
}

