
#######intro

@article{burke2021using,
  title = {Using Satellite Imagery to Understand and Promote Sustainable Development},
  author = {Burke, Marshall and Driscoll, Anne and Lobell, David B. and Ermon, Stefano},
  year = {2021},
  month = mar,
  journal = {Science},
  volume = {371},
  number = {6535},
  pages = {eabe8628},
  issn = {0036-8075, 1095-9203},
  doi = {10.1126/science.abe8628},
  urldate = {2023-10-26},
  langid = {english}
}
@article{jean2016combining,
  title = {Combining Satellite Imagery and Machine Learning to Predict Poverty},
  author = {Jean, Neal and Burke, Marshall and Xie, Michael and Davis, W. Matthew and Lobell, David B. and Ermon, Stefano},
  year = {2016},
  journal = {Science},
  volume = {353},
  number = {6301},
  eprint = {https://www.science.org/doi/pdf/10.1126/science.aaf7894},
  pages = {790--794},
  doi = {10.1126/science.aaf7894}
}







### 
@inproceedings{wu2018unsupervised,
  title={Unsupervised feature learning via non-parametric instance discrimination},
  author={Wu, Zhirong and Xiong, Yuanjun and Yu, Stella X and Lin, Dahua},
  booktitle={Proceedings of the IEEE conference on computer vision and pattern recognition},
  pages={3733--3742},
  year={2018}
}

###
@inproceedings{he2020Momentum,
  title = {Momentum Contrast for Unsupervised Visual Representation Learning},
  booktitle = {2020 IEEE/CVF Conference on Computer Vision and Pattern Recognition (CVPR)},
  author = {He, Kaiming and Fan, Haoqi and Wu, Yuxin and Xie, Saining and Girshick, Ross},
  year = {2020},
  month = jun,
  pages = {9726--9735},
  publisher = {IEEE},
  address = {Seattle, WA, USA},
  doi = {10.1109/CVPR42600.2020.00975},
  urldate = {2021-04-07},
  isbn = {978-1-72817-168-5},
  langid = {english}
}
@inproceedings{chen2020Simple,
  title = {A Simple Framework for Contrastive Learning of Visual Representations},
  booktitle = {Proceedings of the 37th International Conference on Machine Learning},
  author = {Chen, Ting and Kornblith, Simon and Norouzi, Mohammad and Hinton, Geoffrey},
  editor = {III, Hal Daum{\'e} and Singh, Aarti},
  year = {2020},
  month = jul,
  series = {Proceedings of Machine Learning Research},
  volume = {119},
  pages = {1597--1607},
  publisher = {PMLR}
}
@inproceedings{chen2021empirical,
  title = {An Empirical Study of Training Self-Supervised Vision Transformers},
  booktitle = {2021 IEEE/CVF International Conference on Computer Vision (ICCV)},
  author = {Chen, Xinlei and Xie, Saining and He, Kaiming},
  year = {2021},
  pages = {9620--9629},
  doi = {10.1109/ICCV48922.2021.00950},
  keywords = {Benchmark testing,Computer vision,Recognition and classification,Representation learning,Standards,Training,Transfer/Low-shot/Semi/Unsupervised Learning,Transformers}
}


###
@inproceedings{chen2021Exploring,
  title = {Exploring Simple Siamese Representation Learning},
  booktitle = {2021 IEEE/CVF Conference on Computer Vision and Pattern Recognition (CVPR)},
  author = {Chen, Xinlei and He, Kaiming},
  year = {2021},
  month = jun,
  pages = {15745--15753},
  publisher = {IEEE},
  address = {Nashville, TN, USA},
  doi = {10.1109/CVPR46437.2021.01549},
  urldate = {2024-04-05},
  copyright = {https://ieeexplore.ieee.org/Xplorehelp/downloads/license-information/IEEE.html},
  isbn = {978-1-66544-509-2},
  langid = {english}
}

@inproceedings{grill2020bootstrap,
  title={Bootstrap your own latent-a new approach to self-supervised learning},
  author={Grill, Jean-Bastien and Strub, Florian and Altch{\'e}, Florent and Tallec, Corentin and Richemond, Pierre and Buchatskaya, Elena and Doersch, Carl and Avila Pires, Bernardo and Guo, Zhaohan and Gheshlaghi Azar, Mohammad and others},
  booktitle={Advances in neural information processing systems},
  volume={33},
  pages={21271--21284},
  year={2020}
}

@inproceedings{caron2021emerging,
title={Emerging properties in self-supervised vision transformers},
  author={Caron, Mathilde and Touvron, Hugo and Misra, Ishan and J{\'e}gou, Herv{\'e} and Mairal, Julien and Bojanowski, Piotr and Joulin, Armand},
  booktitle={Proceedings of the IEEE/CVF international conference on computer vision},
  pages={9650--9660},
  year={2021}
}

# 
@misc{oord2019representation,
  title = {Representation Learning with Contrastive Predictive Coding},
  author = {van den Oord, Aaron and Li, Yazhe and Vinyals, Oriol},
  year = {2019},
  month = jan,
  number = {1807.03748},
  eprint = {1807.03748},
  urldate = {2021-05-04},
  archiveprefix = {arXiv},
  keywords = {Computer Science - Machine Learning,Statistics - Machine Learning}
}

@article{liu2022tcgl,
  title = {TCGL: Temporal Contrastive Graph for Self-Supervised Video Representation Learning},
  author = {Liu, Yang and Wang, Keze and Liu, Lingbo and Lan, Haoyuan and Lin, Liang},
  year = {2022},
  journal = {IEEE Transactions on Image Processing},
  volume = {31},
  pages = {1978--1993},
  doi = {10.1109/TIP.2022.3147032},
  keywords = {Discrete cosine transforms,Feature extraction,graph neural networks,Legged locomotion,Representation learning,self-supervised learning,spatial-temporal data analysis,Streaming media,Supervised learning,Task analysis,Video understanding}
}

@inproceedings{wang2022longshort,
  title = {Long-Short Temporal Contrastive Learning of Video Transformers},
  booktitle = {2022 IEEE/CVF Conference on Computer Vision and Pattern Recognition (CVPR)},
  author = {Wang, Jue and Bertasius, Gedas and Tran, Du and Torresani, Lorenzo},
  year = {2022},
  month = jun,
  pages = {13990--14000},
  publisher = {IEEE},
  address = {New Orleans, LA, USA},
  doi = {10.1109/CVPR52688.2022.01362},
  urldate = {2024-09-12},
  copyright = {https://doi.org/10.15223/policy-029},
  isbn = {978-1-66546-946-3},
  langid = {english}
}


@inproceedings{tian2020contrastive,
  title = {Contrastive Multiview Coding},
  booktitle = {Computer Vision--ECCV 2020: 16th European Conference, Glasgow, UK, August 23--28, 2020, Proceedings, Part XI 16},
  author = {Tian, Yonglong and Krishnan, Dilip and Isola, Phillip},
  year = {2020},
  pages = {776--794},
  publisher = {Springer}
}

@inproceedings{xu2022multilevel,
  title = {Multi-Level Feature Learning for Contrastive Multi-View Clustering},
  booktitle = {Proceedings of the IEEE/CVF Conference on Computer Vision and Pattern Recognition (CVPR)},
  author = {Xu, Jie and Tang, Huayi and Ren, Yazhou and Peng, Liang and Zhu, Xiaofeng and He, Lifang},
  year = {2022},
  month = jun,
  pages = {16051--16060}
}

@inproceedings{deuser2023sample4geo,
  title = {Sample4Geo: Hard Negative Sampling For Cross-View Geo-Localisation},
  shorttitle = {Sample4Geo},
  booktitle = {2023 IEEE/CVF International Conference on Computer Vision (ICCV)},
  author = {Deuser, Fabian and Habel, Konrad and Oswald, Norbert},
  year = {2023},
  month = oct,
  pages = {16801--16810},
  publisher = {IEEE},
  address = {Paris, France},
  doi = {10.1109/ICCV51070.2023.01545},
  urldate = {2024-04-13},
  copyright = {https://doi.org/10.15223/policy-029},
  isbn = {9798350307184},
  langid = {english}
}
@inproceedings{ayush2021geographyaware,
  title = {Geography-Aware Self-Supervised Learning},
  booktitle = {2021 IEEE/CVF International Conference on Computer Vision (ICCV)},
  author = {Ayush, Kumar and Uzkent, Burak and Meng, Chenlin and Tanmay, Kumar and Burke, Marshall and Lobell, David and Ermon, Stefano},
  year = {2021},
  month = oct,
  pages = {10161--10170},
  publisher = {IEEE},
  address = {Montreal, QC, Canada},
  doi = {10.1109/ICCV48922.2021.01002},
  urldate = {2023-06-02},
  isbn = {978-1-66542-812-5},
  langid = {english}
}

@article{arandjelovic2018netvlad,
  title = {NetVLAD: CNN Architecture for Weakly Supervised Place Recognition},
  author = {Arandjelovi{\'c}, Relja and Gronat, Petr and Torii, Akihiko and Pajdla, Tomas and Sivic, Josef},
  year = {2018},
  journal = {IEEE Transactions on Pattern Analysis and Machine Intelligence},
  volume = {40},
  number = {6},
  pages = {1437--1451},
  doi = {10.1109/TPAMI.2017.2711011},
  keywords = {Computer architecture,computer vision,Electronic mail,feature representation,Image recognition,Image representation,Image retrieval,image/video retrieval,Neural nets,Neural networks,object recognition,Training,vision and scene understanding}
}

@misc{liu2023knowledgeinfused,
  title = {Knowledge-Infused Contrastive Learning for Urban Imagery-Based Socioeconomic Prediction},
  author = {Liu, Yu and Zhang, Xin and Ding, Jingtao and Xi, Yanxin and Li, Yong},
  year = {2023},
  month = feb,
  number = {arXiv:2302.13094},
  eprint = {2302.13094},
  primaryclass = {cs},
  publisher = {arXiv},
  urldate = {2023-04-25},
  archiveprefix = {arXiv},
  keywords = {Computer Science - Artificial Intelligence,Computer Science - Computer Vision and Pattern Recognition}
}

@inproceedings{wang2020urban2vec,
  title = {Urban2vec: Incorporating Street View Imagery and Pois for Multi-Modal Urban Neighborhood Embedding},
  booktitle = {Proceedings of the AAAI Conference on Artificial Intelligence},
  author = {Wang, Zhecheng and Li, Haoyuan and Rajagopal, Ram},
  year = {2020},
  volume = {34},
  pages = {1013--1020}
}

@article{fan2023urban,
  title = {Urban visual intelligence: Uncovering hidden city profiles with street view images},
  author = {Fan, Zhuangyuan and Zhang, Fan and Loo, Becky P. Y. and Ratti, Carlo},
  year = {2023},
  journal = {Proceedings of the National Academy of Sciences},
  volume = {120},
  number = {27},
  pages = {e2220417120},
  publisher = {Proceedings of the National Academy of Sciences}
}

@inproceedings{chacra2018municipal,
  title = {Municipal Infrastructure Anomaly and Defect Detection},
  booktitle = {2018 26th European Signal Processing Conference (EUSIPCO)},
  author = {Chacra, David Abou and Zelek, John},
  year = {2018},
  pages = {2125--2129},
  publisher = {IEEE},
  address = {Rome},
  isbn = {978-90-827970-1-5}
}

@article{huang2023comprehensive,
  title = {Comprehensive urban space representation with varying numbers of street-level images},
  author = {Huang, Yingjing and Zhang, Fan and Gao, Yong and Tu, Wei and Duarte, Fabio and Ratti, Carlo and Guo, Diansheng and Liu, Yu},
  year = {2023},
  journal = {Computers, Environment and Urban Systems},
  volume = {106},
  pages = {102043},
  issn = {01989715}
}

@article{zhou2017places,
  title = {Places: A 10 million image database for scene recognition},
  author = {Zhou, Bolei and Lapedriza, Agata and Khosla, Aditya and Oliva, Aude and Torralba, Antonio},
  year = {2017},
  journal = {IEEE Transactions on Pattern Analysis and Machine Intelligence},
  publisher = {IEEE},
  language = {en}
}

@article{stalder2024selfsupervised,
  title = {Self-supervised learning unveils urban change from street-level images},
  author = {Stalder, Steven and Volpi, Michele and B{\"u}ttner, Nicolas and Law, Stephen and Harttgen, Kenneth and Suel, Esra},
  year = {2024},
  journal = {Computers, Environment and Urban Systems},
  volume = {112},
  pages = {102156},
  issn = {01989715},
  language = {en}
}

@article{boeing2017osmnx,
  title = {OSMnx: New methods for acquiring, constructing, analyzing, and visualizing complex street networks},
  author = {Boeing, Geoff},
  year = {2017},
  journal = {Computers, Environment and Urban Systems},
  volume = {65},
  pages = {126--139},
  issn = {01989715},
  language = {en}
}

# experiment


@inproceedings{loshchilov2019decoupled,
title={Decoupled Weight Decay Regularization},
author={Ilya Loshchilov and Frank Hutter},
booktitle={International Conference on Learning Representations},
year={2019},
pages = {~},
url={https://openreview.net/forum?id=Bkg6RiCqY7},
}
@inproceedings{loshchilov2017sgdr,
  title = {SGDR: Stochastic Gradient Descent with Warm Restarts},
  booktitle = {International Conference on Learning Representations},
  author = {Loshchilov, Ilya and Hutter, Frank},
pages = {~},
  year = {2017}
}
@misc{goyal2018accurate,
  title = {Accurate, Large Minibatch SGD: Training ImageNet in 1 Hour},
  shorttitle = {Accurate, Large Minibatch SGD},
  author = {Goyal, Priya and Doll{\'a}r, Piotr and Girshick, Ross and Noordhuis, Pieter and Wesolowski, Lukasz and Kyrola, Aapo and Tulloch, Andrew and Jia, Yangqing and He, Kaiming},
  year = {2018},
  month = apr,
  number = {arXiv:1706.02677},
  eprint = {1706.02677},
  primaryclass = {cs},
  publisher = {arXiv},
  doi = {10.48550/arXiv.1706.02677},
  urldate = {2024-09-25},
  archiveprefix = {arXiv},
  keywords = {Computer Science - Computer Vision and Pattern Recognition,Computer Science - Distributed Parallel and Cluster Computing,Computer Science - Machine Learning}
}

@article{zhang2023knowledge,
  title = {Knowledge and topology: A two layer spatially dependent graph neural networks to identify urban functions with time-series street view image},
  author = {Zhang, Yan and Liu, Pengyuan and Biljecki, Filip},
  year = {2023},
  journal = {ISPRS Journal of Photogrammetry and Remote Sensing},
  volume = {198},
  pages = {153--168},
  issn = {09242716},
  language = {en}
}

@article{biljecki2021street,
  title = {Street view imagery in urban analytics and GIS: A review},
  author = {Biljecki, Filip and Ito, Koichi},
  year = {2021},
  journal = {Landscape and Urban Planning},
  volume = {215},
  pages = {104217},
  issn = {0169-2046},
  language = {en}
}

@article{zhang2024urban,
  title = {Urban visual intelligence: Studying cities with artificial intelligence and street-level imagery},
  author = {Zhang, Fan and {Salazar-Miranda}, Arianna and Duarte, F{\'a}bio and Vale, Lawrence and Hack, Gary and Chen, Min and Liu, Yu and Batty, Michael and Ratti, Carlo},
  year = {2024},
  journal = {Annals of the American Association of Geographers},
  volume = {114},
  number = {5},
  pages = {876--897},
  publisher = {Taylor \& Francis},
  issn = {2469-4452, 2469-4460},
  language = {en}
}


@inproceedings{
dosovitskiy2021an,
title={An Image is Worth 16x16 Words: Transformers for Image Recognition at Scale},
author={Alexey Dosovitskiy and Lucas Beyer and Alexander Kolesnikov and Dirk Weissenborn and Xiaohua Zhai and Thomas Unterthiner and Mostafa Dehghani and Matthias Minderer and Georg Heigold and Sylvain Gelly and Jakob Uszkoreit and Neil Houlsby},
booktitle={International Conference on Learning Representations},
year={2021},
pages={~},
url={https://openreview.net/forum?id=YicbFdNTTy},
}



# 
@inproceedings{chefer2021transformer,
  title = {Transformer Interpretability beyond Attention Visualization},
  booktitle = {Proceedings of the IEEE/CVF Conference on Computer Vision and Pattern Recognition (CVPR)},
  author = {Chefer, Hila and Gur, Shir and Wolf, Lior},
  year = {2021},
  month = jun,
  pages = {782--791}
}

#data
@inproceedings{manslarsson2019crossseason,
  title = {A Cross-Season Correspondence Dataset for Robust Semantic Segmentation},
  booktitle = {2019 IEEE/CVF Conference on Computer Vision and Pattern Recognition (CVPR)},
  author = {Mans Larsson, Mans and Stenborg, Erik and Hammarstrand, Lars and Pollefeys, Marc and Sattler, Torsten and Kahl, Fredrik},
  year = {2019},
  month = jun,
  pages = {9524--9534},
  publisher = {IEEE},
  address = {Long Beach, CA, USA},
  doi = {10.1109/CVPR.2019.00976},
  urldate = {2024-09-28},
  copyright = {https://doi.org/10.15223/policy-029},
  isbn = {978-1-72813-293-8},
  langid = {english}
}
@inproceedings{dubey2016deep,
  title = {Deep Learning the City: Quantifying Urban Perception at a Global Scale},
  shorttitle = {Deep Learning the City},
  booktitle = {Computer Vision -- ECCV 2016},
  author = {Dubey, Abhimanyu and Naik, Nikhil and Parikh, Devi and Raskar, Ramesh and Hidalgo, C{\'e}sar A.},
  editor = {Leibe, Bastian and Matas, Jiri and Sebe, Nicu and Welling, Max},
  year = {2016},
  pages = {196--212},
  publisher = {Springer International Publishing},
  address = {Cham},
  doi = {10.1007/978-3-319-46448-0_12},
  isbn = {978-3-319-46448-0},
  langid = {english},
  keywords = {Attributes,Crowdsourcing,Perception,Street view}
}
@article{chen2018learning,
  title = {Learning Context Flexible Attention Model for Long-Term Visual Place Recognition},
  author = {Chen, Zetao and Liu, Lingqiao and Sa, Inkyu and Ge, Zongyuan and Chli, Margarita},
  year = {2018},
  journal = {IEEE Robotics and Automation Letters},
  volume = {3},
  number = {4},
  pages = {4015--4022},
  doi = {10.1109/LRA.2018.2859916},
  keywords = {Context modeling,Data mining,deep learning in robotics and automation,Feature extraction,Image recognition,Localization,Shape,Task analysis,visual-based navigation,Visualization}
}
@inproceedings{warburg2020mapillary,
  title = {Mapillary Street-Level Sequences: A Dataset for Lifelong Place Recognition},
  booktitle = {2020 IEEE/CVF Conference on Computer Vision and Pattern Recognition (CVPR)},
  author = {Warburg, Frederik and Hauberg, S{\o}ren and {L{\'o}pez-Antequera}, Manuel and Gargallo, Pau and Kuang, Yubin and Civera, Javier},
  year = {2020},
  pages = {2623--2632},
  doi = {10.1109/CVPR42600.2020.00270},
  keywords = {Benchmark testing,Cameras,Image recognition,Image sequences,Meteorology,Task analysis,Urban areas}
}
@article{zaffar2021memorable,
  title = {Memorable Maps: A Framework for Re-Defining Places in Visual Place Recognition},
  author = {Zaffar, Mubariz and Ehsan, Shoaib and Milford, Michael and {McDonald-Maier}, Klaus D.},
  year = {2021},
  journal = {IEEE Transactions on Intelligent Transportation Systems},
  volume = {22},
  number = {12},
  pages = {7355--7369},
  doi = {10.1109/TITS.2020.3001228},
  keywords = {Entropy,ESSEX3IN1,Feature extraction,Image recognition,memorability,memorable maps,Semantics,Simultaneous localization and mapping,staticity,Visual Place Recognition,Visualization}
}
@article{arandjelovic2018netvlada,
  title = {NetVLAD: CNN Architecture for Weakly Supervised Place Recognition},
  author = {Arandjelovi{\'c}, Relja and Gronat, Petr and Torii, Akihiko and Pajdla, Tomas and Sivic, Josef},
  year = {2018},
  journal = {IEEE Transactions on Pattern Analysis and Machine Intelligence},
  volume = {40},
  number = {6},
  pages = {1437--1451},
  doi = {10.1109/TPAMI.2017.2711011},
  keywords = {Computer architecture,computer vision,Electronic mail,feature representation,Image recognition,Image representation,Image retrieval,image/video retrieval,Neural nets,Neural networks,object recognition,Training,vision and scene understanding}
}


@article{zhang2018measuring,
  title = {Measuring human perceptions of a large-scale urban region using machine learning},
  author = {Zhang, Fan and Zhou, Bolei and Liu, Liu and Liu, Yu and Fung, Helene H. and Lin, Hui and Ratti, Carlo},
  year = {2018},
  journal = {Landscape and Urban Planning},
  volume = {180},
  pages = {148--160},
  issn = {01692046},
  language = {en}
}

@inproceedings{xie2022simmim,
  title={Simmim: A simple framework for masked image modeling},
  author={Xie, Zhenda and Zhang, Zheng and Cao, Yue and Lin, Yutong and Bao, Jianmin and Yao, Zhuliang and Dai, Qi and Hu, Han},
  booktitle={Proceedings of the IEEE/CVF conference on computer vision and pattern recognition},
  pages={9653--9663},
  year={2022}
}

@inproceedings{wang2020self,
  title={Self-supervised equivariant attention mechanism for weakly supervised semantic segmentation},
  author={Wang, Yude and Zhang, Jie and Kan, Meina and Shan, Shiguang and Chen, Xilin},
  booktitle={Proceedings of the IEEE/CVF conference on computer vision and pattern recognition},
  pages={12275--12284},
  year={2020}
}
@inproceedings{radford2021learning,
  title={Learning transferable visual models from natural language supervision},
  author={Radford, Alec and Kim, Jong Wook and Hallacy, Chris and Ramesh, Aditya and Goh, Gabriel and Agarwal, Sandhini and Sastry, Girish and Askell, Amanda and Mishkin, Pamela and Clark, Jack and others},
  booktitle={International conference on machine learning},
  pages={8748--8763},
  year={2021},
  organization={PMLR}
}
@article{lowry2015visual,
  title={Visual place recognition: A survey},
  author={Lowry, Stephanie and S{\"u}nderhauf, Niko and Newman, Paul and Leonard, John J and Cox, David and Corke, Peter and Milford, Michael J},
  journal={ieee transactions on robotics},
  volume={32},
  number={1},
  pages={1--19},
  year={2015},
  publisher={IEEE}
}

@inproceedings{he2022masked,
  title = {Masked Autoencoders Are Scalable Vision Learners},
  booktitle = {2022 IEEE/CVF Conference on Computer Vision and Pattern Recognition (CVPR)},
  author = {He, Kaiming and Chen, Xinlei and Xie, Saining and Li, Yanghao and Dollar, Piotr and Girshick, Ross},
  year = {2022},
  month = jun,
  pages = {15979--15988},
  publisher = {IEEE},
  address = {New Orleans, LA, USA},
  doi = {10.1109/CVPR52688.2022.01553},
  urldate = {2024-03-07},
  isbn = {978-1-66546-946-3},
  langid = {english},
  keywords = {masked,selfsuoervised}
}

@inproceedings{park2023what,
  title = {What Do Self-Supervised Vision Transformers Learn?},
  booktitle = {The Eleventh International Conference on Learning Representations},
  author = {Park, Namuk and Kim, Wonjae and Heo, Byeongho and Kim, Taekyung and Yun, Sangdoo},
  year = {2023},
pages = {~},
  langid = {american},
}

@inproceedings{deng2009imagenet,
  title = {ImageNet: A large-scale hierarchical image database},
  booktitle = {2009 IEEE Conference on Computer Vision and Pattern Recognition},
  author = {Deng, Jia and Dong, Wei and Socher, Richard and Li, Li-Jia and {Kai Li} and {Li Fei-Fei}},
  year = {2009},
  pages = {248--255},
  publisher = {IEEE},
  address = {Miami, FL},
  isbn = {978-1-4244-3992-8}
}

@inproceedings{huang2024how,
  title = {How Transformers Learn Diverse Attention Correlations in Masked Vision Pretraining},
  booktitle = {ICML 2024 Workshop on Theoretical Foundations of Foundation Models},
  author = {Huang, Yu and Wen, Zixin and Chi, Yuejie and Liang, Yingbin},
  pages = {~},
  year = {2024}
}


@inproceedings{cheng2017segflow,
    title={Segflow: Joint learning for video object segmentation and optical flow},
  author={Cheng, Jingchun and Tsai, Yi-Hsuan and Wang, Shengjin and Yang, Ming-Hsuan},
  booktitle={Proceedings of the IEEE international conference on computer vision},
  pages={686--695},
  year={2017}
}

@inproceedings{wang2019learning,
  title={Learning correspondence from the cycle-consistency of time},
  author={Wang, Xiaolong and Jabri, Allan and Efros, Alexei A},
  booktitle={Proceedings of the IEEE/CVF conference on computer vision and pattern recognition},
  pages={2566--2576},
  year={2019}
}

@inproceedings{cordts2016cityscapes,
  title={The cityscapes dataset for semantic urban scene understanding},
  author={Cordts, Marius and Omran, Mohamed and Ramos, Sebastian and Rehfeld, Timo and Enzweiler, Markus and Benenson, Rodrigo and Franke, Uwe and Roth, Stefan and Schiele, Bernt},
  booktitle={Proceedings of the IEEE conference on computer vision and pattern recognition},
  pages={3213--3223},
  year={2016}
}

@inproceedings{mai2023csp,
  title={Csp: Self-supervised contrastive spatial pre-training for geospatial-visual representations},
  author={Mai, Gengchen and Lao, Ni and He, Yutong and Song, Jiaming and Ermon, Stefano},
  booktitle={International Conference on Machine Learning},
  pages={23498--23515},
  year={2023},
  organization={PMLR}
}

@inproceedings{manas2021seasonal,
  title = {Seasonal Contrast: Unsupervised Pre-Training from Uncurated Remote Sensing Data},
  shorttitle = {Seasonal Contrast},
  booktitle = {2021 IEEE/CVF International Conference on Computer Vision (ICCV)},
  author = {Manas, Oscar and Lacoste, Alexandre and {Giro-i-Nieto}, Xavier and Vazquez, David and Rodriguez, Pau},
  year = {2021},
  month = oct,
  pages = {9394--9403},
  publisher = {IEEE},
  address = {Montreal, QC, Canada},
  doi = {10.1109/ICCV48922.2021.00928},
  urldate = {2024-10-01},
  copyright = {https://doi.org/10.15223/policy-029},
  isbn = {978-1-66542-812-5},
  langid = {english}
}
@misc{klemmer2024satclip,
  title = {SatCLIP: Global, General-Purpose Location Embeddings with Satellite Imagery},
  shorttitle = {SatCLIP},
  author = {Klemmer, Konstantin and Rolf, Esther and Robinson, Caleb and Mackey, Lester and Ru{\ss}wurm, Marc},
  year = {2024},
  month = apr,
  number = {arXiv:2311.17179},
  eprint = {2311.17179},
  primaryclass = {cs},
  publisher = {arXiv},
  urldate = {2024-10-01},
  archiveprefix = {arXiv},
  langid = {english},
  keywords = {Computer Science - Artificial Intelligence,Computer Science - Computer Vision and Pattern Recognition,Computer Science - Computers and Society,Computer Science - Machine Learning}
}

@article{guo2024spatialscene2vec,
  title={SpatialScene2Vec: A self-supervised contrastive representation learning method for spatial scene similarity evaluation},
  author={Guo, Danhuai and Yu, Yingxue and Ge, Shiyin and Gao, Song and Mai, Gengchen and Chen, Huixuan},
  journal={International Journal of Applied Earth Observation and Geoinformation},
  volume={128},
  pages={103743},
  year={2024},
  publisher={Elsevier}
}