@INPROCEEDINGS{4534479,
  author={Kleidermacher, David N.},
  booktitle={2008 IEEE Conference on Technologies for Homeland Security}, 
  title={Integrating Static Analysis into a Secure Software Development Process}, 
  year={2008},
  volume={},
  number={},
  pages={367-371},
  keywords={Programming;National security;Instruction sets;Aerospace electronics;Medical information systems;Automobiles;Information security;Terrorism;Air traffic control;Software systems},
  doi={10.1109/THS.2008.4534479}}

@INPROCEEDINGS{6987569,
  author={AlBreiki, Hamda Hasan and Mahmoud, Qusay H.},
  booktitle={2014 10th International Conference on Innovations in Information Technology (IIT)}, 
  title={Evaluation of static analysis tools for software security}, 
  year={2014},
  volume={},
  number={},
  pages={93-98},
  keywords={Security;Software;Java;Binary codes;NIST;Computer architecture;Industries;software security;static analysis;OWASP;SAMATE;security metrics},
  doi={10.1109/INNOVATIONS.2014.6987569}}

@article{Harer2018AutomatedSV,
  title={Automated software vulnerability detection with machine learning},
  author={Jacob A. Harer and Louis Y. Kim and Rebecca L. Russell and Onur Ozdemir and Leonard Kosta and Akshay Rangamani and Lei H. Hamilton and Gabriel I. Centeno and Jonathan R. Key and Paul M. Ellingwood and Marc W. McConley and Jeffrey M. Opper and Peter Chin and Tomo Lazovich},
  journal={ArXiv},
  year={2018},
  volume={abs/1803.04497},
  url={https://api.semanticscholar.org/CorpusID:3880688}
}

@article{bandari2021comprehensive,
  title={A comprehensive review of AI applications in Automated Container Orchestration, Predictive maintenance, security and compliance, resource optimization, and continuous Deployment and Testing},
  author={Bandari, Vamsikrishna},
  journal={International Journal of Intelligent Automation and Computing},
  volume={4},
  number={1},
  pages={1--19},
  year={2021}
}

@article{chakraborty2021deep,
  title={Deep learning based vulnerability detection: Are we there yet?},
  author={Chakraborty, Saikat and Krishna, Rahul and Ding, Yangruibo and Ray, Baishakhi},
  journal={IEEE Transactions on Software Engineering},
  volume={48},
  number={9},
  pages={3280--3296},
  year={2021},
  publisher={IEEE}
}

@inproceedings{farkouh2023intelligent,
  title={Intelligent Orchestration of Containerized Applications in Cloud Infrastructures},
  author={Farkouh, Julie and Donwoung, Audrey Ahoukeng and Nazim, Agoulmine},
  booktitle={10th International Workshop on ADVANCEs in ICT Infrastructures and Services (ADVANCE 2023)},
  year={2023}
}

@inproceedings{fu2022linevul,
  title={Linevul: A transformer-based line-level vulnerability prediction},
  author={Fu, Michael and Tantithamthavorn, Chakkrit},
  booktitle={Proceedings of the 19th International Conference on Mining Software Repositories},
  pages={608--620},
  year={2022}
}

@inproceedings{fu2022vulrepair,
  title={VulRepair: a T5-based automated software vulnerability repair},
  author={Fu, Michael and Tantithamthavorn, Chakkrit and Le, Trung and Nguyen, Van and Phung, Dinh},
  booktitle={Proceedings of the 30th ACM joint european software engineering conference and symposium on the foundations of software engineering},
  pages={935--947},
  year={2022}
}

@inproceedings{haque2022kgsecconfig,
  title={Kgsecconfig: a knowledge graph based approach for secured container orchestrator configuration},
  author={Haque, Mubin Ul and Kholoosi, M Mehdi and Babar, M Ali},
  booktitle={2022 IEEE International Conference on Software Analysis, Evolution and Reengineering (SANER)},
  pages={420--431},
  year={2022},
  organization={IEEE}
}

@inproceedings{le2021deepcva,
  title={Deepcva: Automated commit-level vulnerability assessment with deep multi-task learning},
  author={Le, Triet Huynh Minh and Hin, David and Croft, Roland and Babar, M Ali},
  booktitle={2021 36th IEEE/ACM International Conference on Automated Software Engineering (ASE)},
  pages={717--729},
  year={2021},
  organization={IEEE}
}

@article{le2022survey,
  title={A survey on data-driven software vulnerability assessment and prioritization},
  author={Le, Triet Huynh Minh and Chen, Huaming and Babar, M Ali},
  journal={ACM Computing Surveys},
  volume={55},
  number={5},
  pages={1--39},
  year={2022},
  publisher={ACM New York, NY}
}

@article{le2022towards,
  title={Towards an improved understanding of software vulnerability assessment using data-driven approaches},
  author={Le, Triet HM},
  journal={arXiv preprint arXiv:2207.11708},
  year={2022}
}

@inproceedings{le2022use,
  title={On the use of fine-grained vulnerable code statements for software vulnerability assessment models},
  author={Le, Triet Huynh Minh and Babar, M Ali},
  booktitle={Proceedings of the 19th International Conference on Mining Software Repositories},
  pages={621--633},
  year={2022}
}

@inproceedings{le2024software,
  title={Software vulnerability prediction in low-resource languages: An empirical study of codebert and chatgpt},
  author={Le, Triet Huynh Minh and Babar, M Ali and Thai, Tung Hoang},
  booktitle={Proceedings of the 28th International Conference on Evaluation and Assessment in Software Engineering},
  pages={679--685},
  year={2024}
}

@inproceedings{nguyen2024automated,
  title={Automated Code-centric Software Vulnerability Assessment: How Far Are We? An Empirical Study in C/C++},
  author={Nguyen, Anh The and Le, Triet Huynh Minh and Babar, M Ali},
  booktitle={Proceedings of the 18th ACM/IEEE International Symposium on Empirical Software Engineering and Measurement},
  pages={72--83},
  year={2024}
}

@article{sultan2019container,
  title={Container security: Issues, challenges, and the road ahead},
  author={Sultan, Sari and Ahmad, Imtiaz and Dimitriou, Tassos},
  journal={IEEE access},
  volume={7},
  pages={52976--52996},
  year={2019},
  publisher={IEEE}
}

@inproceedings{yamaguchi2014modeling,
  title={Modeling and discovering vulnerabilities with code property graphs},
  author={Yamaguchi, Fabian and Golde, Nico and Arp, Daniel and Rieck, Konrad},
  booktitle={2014 IEEE symposium on security and privacy},
  pages={590--604},
  year={2014},
  organization={IEEE}
}

