@misc{malul2024genkubesecllmbasedkubernetesmisconfiguration,
      title={GenKubeSec: LLM-Based Kubernetes Misconfiguration Detection, Localization, Reasoning, and Remediation}, 
      author={Ehud Malul and Yair Meidan and Dudu Mimran and Yuval Elovici and Asaf Shabtai},
      year={2024},
      eprint={2405.19954},
      archivePrefix={arXiv},
      primaryClass={cs.CR},
      url={https://arxiv.org/abs/2405.19954}, 
}

@misc{lozhkov2024starcoder,
      title={StarCoder 2 and The Stack v2: The Next Generation}, 
      author={Anton Lozhkov and Raymond Li and Loubna Ben Allal and Federico Cassano and Joel Lamy-Poirier and Nouamane Tazi and Ao Tang and Dmytro Pykhtar and Jiawei Liu and Yuxiang Wei and Tianyang Liu and Max Tian and Denis Kocetkov and Arthur Zucker and Younes Belkada and Zijian Wang and Qian Liu and Dmitry Abulkhanov and Indraneil Paul and Zhuang Li and Wen-Ding Li and Megan Risdal and Jia Li and Jian Zhu and Terry Yue Zhuo and Evgenii Zheltonozhskii and Nii Osae Osae Dade and Wenhao Yu and Lucas Krauß and Naman Jain and Yixuan Su and Xuanli He and Manan Dey and Edoardo Abati and Yekun Chai and Niklas Muennighoff and Xiangru Tang and Muhtasham Oblokulov and Christopher Akiki and Marc Marone and Chenghao Mou and Mayank Mishra and Alex Gu and Binyuan Hui and Tri Dao and Armel Zebaze and Olivier Dehaene and Nicolas Patry and Canwen Xu and Julian McAuley and Han Hu and Torsten Scholak and Sebastien Paquet and Carolyn Jane Anderson and Nicolas Chapados and Mostofa Patwary and Nima Tajbakhsh and Yacine Jernite and Carlos Muñoz Ferrandis and Lingming Zhang and Sean Hughes and Thomas Wolf and Arjun Guha and Leandro von Werra and Harm de Vries},
      year={2024},
      eprint={2402.19173},
      archivePrefix={arXiv},
      primaryClass={cs.SE}
}

@article{truyen2019comprehensive,
  title={A comprehensive feature comparison study of open-source container orchestration frameworks},
  author={Truyen, Eddy and Van Landuyt, Dimitri and Preuveneers, Davy and Lagaisse, Bert and Joosen, Wouter},
  journal={Applied Sciences},
  volume={9},
  number={5},
  pages={931},
  year={2019},
  publisher={MDPI}
}

@inproceedings{haque2022kgsecconfig,
  title={Kgsecconfig: a knowledge graph based approach for secured container orchestrator configuration},
  author={Haque, Mubin Ul and Kholoosi, M Mehdi and Babar, M Ali},
  booktitle={2022 IEEE International Conference on Software Analysis, Evolution and Reengineering (SANER)},
  pages={420--431},
  year={2022},
  organization={IEEE}
}

@article{sultan2019container,
  title={Container security: Issues, challenges, and the road ahead},
  author={Sultan, Sari and Ahmad, Imtiaz and Dimitriou, Tassos},
  journal={IEEE access},
  volume={7},
  pages={52976--52996},
  year={2019},
  publisher={IEEE}
}

@article{bandari2021comprehensive,
  title={A comprehensive review of AI applications in Automated Container Orchestration, Predictive maintenance, security and compliance, resource optimization, and continuous Deployment and Testing},
  author={Bandari, Vamsikrishna},
  journal={International Journal of Intelligent Automation and Computing},
  volume={4},
  number={1},
  pages={1--19},
  year={2021}
}

@inproceedings{yang2021security,
  title={Security challenges in the container cloud},
  author={Yang, Yutian and Shen, Wenbo and Ruan, Bonan and Liu, Wenmao and Ren, Kui},
  booktitle={2021 Third IEEE International Conference on Trust, Privacy and Security in Intelligent Systems and Applications (TPS-ISA)},
  pages={137--145},
  year={2021},
  organization={IEEE}
}

@article{shamim2020xi,
  title={Xi commandments of kubernetes security: A systematization of knowledge related to kubernetes security practices},
  author={Shamim, Md Shazibul Islam and Bhuiyan, Farzana Ahamed and Rahman, Akond},
  journal={2020 IEEE Secure Development (SecDev)},
  pages={58--64},
  year={2020},
  publisher={IEEE}
}

@article{casalicchio2019container,
  title={Container orchestration: A survey},
  author={Casalicchio, Emiliano},
  journal={Systems Modeling: Methodologies and Tools},
  pages={221--235},
  year={2019},
  publisher={Springer}
}

@inproceedings{bose2021under,
  title={'under-reported'security defects in kubernetes manifests},
  author={Bose, Dibyendu Brinto and Rahman, Akond and Shamim, Shazibul Islam},
  booktitle={2021 IEEE/ACM 2nd International Workshop on Engineering and Cybersecurity of Critical Systems (EnCyCriS)},
  pages={9--12},
  year={2021},
  organization={IEEE}
}

@article{gao2023retrieval,
  title={Retrieval-augmented generation for large language models: A survey},
  author={Gao, Yunfan and Xiong, Yun and Gao, Xinyu and Jia, Kangxiang and Pan, Jinliu and Bi, Yuxi and Dai, Yi and Sun, Jiawei and Wang, Haofen},
  journal={arXiv preprint arXiv:2312.10997},
  year={2023}
}

@inproceedings{farkouh2023intelligent,
  title={Intelligent Orchestration of Containerized Applications in Cloud Infrastructures},
  author={Farkouh, Julie and Donwoung, Audrey Ahoukeng and Nazim, Agoulmine},
  booktitle={10th International Workshop on ADVANCEs in ICT Infrastructures and Services (ADVANCE 2023)},
  year={2023}
}

@article{yan2024corrective,
  title={Corrective Retrieval Augmented Generation},
  author={Yan, Shi-Qi and Gu, Jia-Chen and Zhu, Yun and Ling, Zhen-Hua},
  journal={arXiv preprint arXiv:2401.15884},
  year={2024}
}

@INPROCEEDINGS{4534479,
  author={Kleidermacher, David N.},
  booktitle={2008 IEEE Conference on Technologies for Homeland Security}, 
  title={Integrating Static Analysis into a Secure Software Development Process}, 
  year={2008},
  volume={},
  number={},
  pages={367-371},
  keywords={Programming;National security;Instruction sets;Aerospace electronics;Medical information systems;Automobiles;Information security;Terrorism;Air traffic control;Software systems},
  doi={10.1109/THS.2008.4534479}}

@INPROCEEDINGS{6987569,
  author={AlBreiki, Hamda Hasan and Mahmoud, Qusay H.},
  booktitle={2014 10th International Conference on Innovations in Information Technology (IIT)}, 
  title={Evaluation of static analysis tools for software security}, 
  year={2014},
  volume={},
  number={},
  pages={93-98},
  keywords={Security;Software;Java;Binary codes;NIST;Computer architecture;Industries;software security;static analysis;OWASP;SAMATE;security metrics},
  doi={10.1109/INNOVATIONS.2014.6987569}}

@inproceedings{guerriero2019adoption,
  title={Adoption, support, and challenges of infrastructure-as-code: Insights from industry},
  author={Guerriero, Michele and Garriga, Martin and Tamburri, Damian A and Palomba, Fabio},
  booktitle={2019 IEEE International conference on software maintenance and evolution (ICSME)},
  pages={580--589},
  year={2019},
  organization={IEEE}
}

@INPROCEEDINGS{10605161,
  author={Moric, Zlatan and Dakic, Vedran and Kulic, Matej},
  booktitle={2024 IEEE 11th International Conference on Cyber Security and Cloud Computing (CSCloud)}, 
  title={Implementing a Security Framework for Container Orchestration}, 
  year={2024},
  volume={},
  number={},
  pages={200-206},
  keywords={Protocols;Standards organizations;Pipelines;Microservice architectures;Manuals;Containers;Security;container security;microservices;automatization;CI/CD pipelines;grype;anchore;incident response;security frameworks;vulnerability assessment},
  doi={10.1109/CSCloud62866.2024.00042}}

@article{al2024containers,
  title={Containers: Security Challenges and Mitigation Strategies: A Systematic Literature Review},
  author={Al Mashta, Laith},
  year={2024}
}


@INPROCEEDINGS{7832899,
  author={Sharma, Tushar and Fragkoulis, Marios and Spinellis, Diomidis},
  booktitle={2016 IEEE/ACM 13th Working Conference on Mining Software Repositories (MSR)}, 
  title={Does Your Configuration Code Smell?}, 
  year={2016},
  volume={},
  number={},
  pages={189-200},
  keywords={Best practices;Software;Software engineering;Correlation;Context;Production;Data mining;Infrastructure as Code;Code quality;Configuration smells;Technical debt;Maintainability},
  doi={}}

@article{Casalicchio2020TheSI,
  title={The state-of-the-art in container technologies: Application, orchestration and security},
  author={Emiliano Casalicchio and Stefano Iannucci},
  journal={Concurr. Comput. Pract. Exp.},
  year={2020},
  volume={32},
  url={https://api.semanticscholar.org/CorpusID:211264375}
}

@article{Zhang2024RAFTAL,
  title={RAFT: Adapting Language Model to Domain Specific RAG},
  author={Tianjun Zhang and Shishir G. Patil and Naman Jain and Sheng Shen and Matei A. Zaharia and Ion Stoica and Joseph E. Gonzalez},
  journal={ArXiv},
  year={2024},
  volume={abs/2403.10131},
  url={https://api.semanticscholar.org/CorpusID:268510197}
}

@article{Asai2023SelfRAGLT,
  title={Self-RAG: Learning to Retrieve, Generate, and Critique through Self-Reflection},
  author={Akari Asai and Zeqiu Wu and Yizhong Wang and Avirup Sil and Hannaneh Hajishirzi},
  journal={ArXiv},
  year={2023},
  volume={abs/2310.11511},
  url={https://api.semanticscholar.org/CorpusID:264288947}
}

@article{Chen2020ResearchOM,
  title={Research on Multi-level Container Security Mechanism Based on Lightweight Virtualization Environment},
  author={Lu Chen and Yuanyuan Ma and Zhipeng Shao and Mu Chen},
  journal={2020 13th International Conference on Intelligent Computation Technology and Automation (ICICTA)},
  year={2020},
  pages={187-191},
  url={https://api.semanticscholar.org/CorpusID:237519314}
}

@inproceedings{Choi2018SecurityTV,
  title={Security Threat Verification Automation Platform to Build and Operating Secure Container Environment},
  author={Sang-Hoon Choi and 박준규 and 박기웅},
  year={2018},
  url={https://api.semanticscholar.org/CorpusID:204808115}
}

@inproceedings{Hande2020MitigationOD,
  title={Mitigation of Dockers security vulnerabilities hosted on a physical server using automation},
  author={P. N. Rohini Hande},
  year={2020},
  url={https://api.semanticscholar.org/CorpusID:226148681}
}

@article{Shevchuk2023SoftwareFI,
  title={Software for Improve the Security of Kubernetes-based CI/CD Pipeline},
  author={Ruslan Shevchuk and Mikolaj P. Karpinski and Mykhailo Kasianchuk and Ihor Yakymenko and Andriy Melnyk and Roman Tykhyi},
  journal={2023 13th International Conference on Advanced Computer Information Technologies (ACIT)},
  year={2023},
  pages={420-425},
  url={https://api.semanticscholar.org/CorpusID:264294763}
}

@article{pistoia2007survey,
  title={A survey of static analysis methods for identifying security vulnerabilities in software systems},
  author={Pistoia, Marco and Chandra, Satish and Fink, Stephen J and Yahav, Eran},
  journal={IBM systems journal},
  volume={46},
  number={2},
  pages={265--288},
  year={2007},
  publisher={IBM}
}

@article{Khraisat2021ACR,
  title={A critical review of intrusion detection systems in the internet of things: techniques, deployment strategy, validation strategy, attacks, public datasets and challenges},
  author={Ansam Khraisat and Ammar Alazab},
  journal={Cybersecurity},
  year={2021},
  volume={4},
  url={https://api.semanticscholar.org/CorpusID:232145452}
}

@article{Mahajan2022DetectionAA,
  title={Detection, Analysis and Countermeasures for Container based Misconfiguration using Docker and Kubernetes},
  author={Vijay Mahajan and Sunil B. Mane},
  journal={2022 International Conference on Computing, Communication, Security and Intelligent Systems (IC3SIS)},
  year={2022},
  pages={1-6},
  url={https://api.semanticscholar.org/CorpusID:252311879}
}

@online{checkov2024,
    title = {Checkov},
    author = {{Bridgecrew}},
    organization = {Prisma Cloud},
    url = {https://www.checkov.io/},
    year = {2024},
    note = {Accessed: 2024-05}
}

@online{terrascan2024,
    title = {Terrascan},
    author = {{Tenable}},
    organization = {Tenable},
    url = {https://runterrascan.io/},
    year = {2024},
    note = {Accessed: 2024-05}
}

@online{trivy2024,
    title = {Trivy},
    author = {{Aqua Security}},
    organization = {Aqua Security},
    url = {https://github.com/aquasecurity/trivy},
    year = {2024},
    note = {Accessed: 2024-05}
}

@online{kubesec2024,
    title = {KubeSec},
    author = {{controlplane}},
    organization = {controlplane},
    url = {https://kubesec.io/},
    year = {2024},
    note = {Accessed: 2024-05}
}

@online{k8s2024,
    title = {Kubernetes},
    author = {{The Kubernetes Authors}},
    organization = {The Linux Foundation},
    publisher = {Cloud Native Computing Foundation},
    url = {https://kubernetes.io/},
    year = {2024},
    note = {Accessed: 2024-05}
}

@online{dockercompose2024,
    title = {Docker Compose},
    author = {{Docker Inc.}},
    organization = {Docker Inc.},
    url = {https://docs.docker.com/compose/},
    year = {2024},
    note = {Accessed: 2024-05}
}

@online{redhat2023,
    title = {State of Kubernetes Security Report 2023},
    author = {{RedHat Inc.}},
    organization = {RedHat Inc.},
    url = {https://www.redhat.com/en/resources/state-kubernetes-security-report-2023},
    year = {2023},
    note = {Accessed: 2024-05}
}

@online{prisma_cloud,
    title = {Prisma Cloud},
    author = {{Palo Alto Networks}},
    organization = {Palo Alto Networks},
    url = {https://www.paloaltonetworks.com/prisma/cloud},
    year = {2024},
    note = {Accessed: 2024-11-09}
}

@techreport{cncf_survey_report_2020,
    title = {CNCF Survey Report 2020},
    author = {{Cloud Native Computing Foundation}},
    institution = {The Linux Foundation},
    publisher = {Cloud Native Computing Foundation},
    year = {2020},
    month = {11},
    url = {https://www.cncf.io/wp-content/uploads/2020/11/CNCF_Survey_Report_2020.pdf},
    note = {Accessed: 2024-11-09}
}

@online{edgedelta_kubernetes_adoption_statistics,
    title = {Kubernetes Adoption Statistics},
    author = {{EdgeDelta}},
    organization = {EdgeDelta},
    url = {https://edgedelta.com/company/blog/kubernetes-adoption-statistics},
    year = {2023},
    note = {Accessed: 2024-11-09}
}

@online{artifacthub,
    title = {Artifact Hub},
    author = {{Cloud Native Computing Foundation}},
    organization = {The Linux Foundation},
    publisher = {Cloud Native Computing Foundation},
    url = {https://artifacthub.io/},
    year = {2023},
    note = {Accessed: 2024-11-09}
}

@online{cncf_artifact_hub,
    title = {CNCF Projects: Artifact Hub},
    author = {{Cloud Native Computing Foundation}},
    organization = {The Linux Foundation},
    publisher = {Cloud Native Computing Foundation},
    url = {https://www.cncf.io/projects/artifact-hub/},
    year = {2023},
    note = {Accessed: 2024-11-09}
}

@online{mistral_large_enough,
    title = {Large Enough},
    author = {{Mistral AI Team}},
    organization = {Mistral AI},
    url = {https://mistral.ai/news/mistral-large-2407/},
    year = {2023},
    note = {Accessed: 2024-11-09}
}

@online{openai_gpt_4o_mini,
    title = {GPT-4o mini: Advancing Cost-Efficient Intelligence},
    author = {{OpenAI}},
    organization = {OpenAI},
    url = {https://openai.com/index/gpt-4o-mini-advancing-cost-efficient-intelligence/},
    year = {2023},
    note = {Accessed: 2024-11-09}
}

@misc{deepseekai2024deepseekcoderv2breakingbarrierclosedsource,
      title={DeepSeek-Coder-V2: Breaking the Barrier of Closed-Source Models in Code Intelligence}, 
      author={DeepSeek-AI and Qihao Zhu and Daya Guo and Zhihong Shao and Dejian Yang and Peiyi Wang and Runxin Xu and Y. Wu and Yukun Li and Huazuo Gao and Shirong Ma and Wangding Zeng and Xiao Bi and Zihui Gu and Hanwei Xu and Damai Dai and Kai Dong and Liyue Zhang and Yishi Piao and Zhibin Gou and Zhenda Xie and Zhewen Hao and Bingxuan Wang and Junxiao Song and Deli Chen and Xin Xie and Kang Guan and Yuxiang You and Aixin Liu and Qiushi Du and Wenjun Gao and Xuan Lu and Qinyu Chen and Yaohui Wang and Chengqi Deng and Jiashi Li and Chenggang Zhao and Chong Ruan and Fuli Luo and Wenfeng Liang},
      year={2024},
      eprint={2406.11931},
      archivePrefix={arXiv},
      primaryClass={cs.SE},
      url={https://arxiv.org/abs/2406.11931}, 
}

@online{berri2024litellm,
    title = {LiteLLM},
    author = {{BerriAI}},
    organization = {BerriAI},
    year = {2024},
    url = {https://github.com/BerriAI/litellm},
    urldate = {2024-11}
}

@article{Harer2018AutomatedSV,
  title={Automated software vulnerability detection with machine learning},
  author={Jacob A. Harer and Louis Y. Kim and Rebecca L. Russell and Onur Ozdemir and Leonard Kosta and Akshay Rangamani and Lei H. Hamilton and Gabriel I. Centeno and Jonathan R. Key and Paul M. Ellingwood and Marc W. McConley and Jeffrey M. Opper and Peter Chin and Tomo Lazovich},
  journal={ArXiv},
  year={2018},
  volume={abs/1803.04497},
  url={https://api.semanticscholar.org/CorpusID:3880688}
}

@article{chakraborty2021deep,
  title={Deep learning based vulnerability detection: Are we there yet?},
  author={Chakraborty, Saikat and Krishna, Rahul and Ding, Yangruibo and Ray, Baishakhi},
  journal={IEEE Transactions on Software Engineering},
  volume={48},
  number={9},
  pages={3280--3296},
  year={2021},
  publisher={IEEE}
}

@inproceedings{yamaguchi2014modeling,
  title={Modeling and discovering vulnerabilities with code property graphs},
  author={Yamaguchi, Fabian and Golde, Nico and Arp, Daniel and Rieck, Konrad},
  booktitle={2014 IEEE symposium on security and privacy},
  pages={590--604},
  year={2014},
  organization={IEEE}
}

% new ref 4 - begin
@misc{russell2024centralizeddefenseloggingmitigation,
      title={Centralized Defense: Logging and Mitigation of Kubernetes Misconfigurations with Open Source Tools}, 
      author={Eoghan Russell and Kapal Dev},
      year={2024},
      eprint={2408.03714},
      archivePrefix={arXiv},
      primaryClass={cs.CR},
      url={https://arxiv.org/abs/2408.03714}, 
}

@INPROCEEDINGS{9476056,
  author={Bose, Dibyendu Brinto and Rahman, Akond and Shamim, Shazibul Islam},
  booktitle={2021 IEEE/ACM 2nd International Workshop on Engineering and Cybersecurity of Critical Systems (EnCyCriS)}, 
  title={‘Under-reported’ Security Defects in Kubernetes Manifests}, 
  year={2021},
  volume={},
  number={},
  pages={9-12},
  keywords={Industries;Conferences;Organizations;Tools;Containers;Software;Encoding;dataset;devops;devsecops;kubernetes;security},
  doi={10.1109/EnCyCriS52570.2021.00009}}

@INPROCEEDINGS{10173942,
  author={Zerouali, Ahmed and Opdebeeck, Ruben and De Roover, Coen},
  booktitle={2023 IEEE/ACM 20th International Conference on Mining Software Repositories (MSR)}, 
  title={Helm Charts for Kubernetes Applications: Evolution, Outdatedness and Security Risks}, 
  year={2023},
  volume={},
  number={},
  pages={523-533},
  keywords={Ecosystems;Containers;Licenses;Metadata;Software;Security;Data mining;Kubernetes;Helm;Software Ecosystem;Infrastructure-as-code;Evolution;Security},
  doi={10.1109/MSR59073.2023.00078}}
% new ref 4 - end

% new ref 6 - begin
@misc{bhatt2023purplellamacybersecevalsecure,
      title={Purple Llama CyberSecEval: A Secure Coding Benchmark for Language Models}, 
      author={Manish Bhatt and Sahana Chennabasappa and Cyrus Nikolaidis and Shengye Wan and Ivan Evtimov and Dominik Gabi and Daniel Song and Faizan Ahmad and Cornelius Aschermann and Lorenzo Fontana and Sasha Frolov and Ravi Prakash Giri and Dhaval Kapil and Yiannis Kozyrakis and David LeBlanc and James Milazzo and Aleksandar Straumann and Gabriel Synnaeve and Varun Vontimitta and Spencer Whitman and Joshua Saxe},
      year={2023},
      eprint={2312.04724},
      archivePrefix={arXiv},
      primaryClass={cs.CR},
      url={https://arxiv.org/abs/2312.04724}, 
}

@article{le2022towards,
  title={Towards an improved understanding of software vulnerability assessment using data-driven approaches},
  author={Le, Triet HM},
  journal={arXiv preprint arXiv:2207.11708},
  year={2022}
}

@inproceedings{le2019automated,
  title={Automated software vulnerability assessment with concept drift},
  author={Le, Triet Huynh Minh and Sabir, Bushra and Babar, Muhammad Ali},
  booktitle={2019 IEEE/ACM 16th International Conference on Mining Software Repositories (MSR)},
  pages={371--382},
  year={2019},
  organization={IEEE}
}

@inproceedings{fu2022vulrepair,
  title={VulRepair: a T5-based automated software vulnerability repair},
  author={Fu, Michael and Tantithamthavorn, Chakkrit and Le, Trung and Nguyen, Van and Phung, Dinh},
  booktitle={Proceedings of the 30th ACM joint european software engineering conference and symposium on the foundations of software engineering},
  pages={935--947},
  year={2022}
}

@article{le2020deep,
  title={Deep learning for source code modeling and generation: Models, applications, and challenges},
  author={Le, Triet Huynh Minh and Chen, Hao and Babar, Muhammad Ali},
  journal={ACM Computing Surveys (CSUR)},
  volume={53},
  number={3},
  pages={1--38},
  year={2020},
  publisher={ACM New York, NY, USA}
}

@article{arani2024systematic,
  title={Systematic literature review on application of learning-based approaches in continuous integration},
  author={Arani, Ali Kazemi and Le, Triet Huynh Minh and Zahedi, Mansooreh and Babar, M Ali},
  journal={IEEE Access},
  year={2024},
  publisher={IEEE}
}

@inproceedings{le2021large,
  title={A large-scale study of security vulnerability support on developer q\&a websites},
  author={Le, Triet Huynh Minh and Croft, Roland and Hin, David and Babar, Muhammad Ali},
  booktitle={Proceedings of the 25th International Conference on Evaluation and Assessment in Software Engineering},
  pages={109--118},
  year={2021}
}

@article{le2022survey,
  title={A survey on data-driven software vulnerability assessment and prioritization},
  author={Le, Triet Huynh Minh and Chen, Huaming and Babar, M Ali},
  journal={ACM Computing Surveys},
  volume={55},
  number={5},
  pages={1--39},
  year={2022},
  publisher={ACM New York, NY}
}

@inproceedings{le2024automatic,
  title={Automatic Data Labeling for Software Vulnerability Prediction Models: How Far Are We?},
  author={Le, Triet Huynh Minh and Babar, Muhammad Ali},
  booktitle={Proceedings of the 18th ACM/IEEE International Symposium on Empirical Software Engineering and Measurement},
  pages={131--142},
  year={2024}
}

@inproceedings{le2024latent,
  title={Are Latent Vulnerabilities Hidden Gems for Software Vulnerability Prediction? An Empirical Study},
  author={Le, Triet Huynh Minh and Du, Xiaoning and Babar, M Ali},
  booktitle={2024 IEEE/ACM 21st International Conference on Mining Software Repositories (MSR)},
  pages={716--727},
  year={2024},
  organization={IEEE}
}

@inproceedings{croft2023data,
  title={Data quality for software vulnerability datasets},
  author={Croft, Roland and Babar, M Ali and Kholoosi, M Mehdi},
  booktitle={2023 IEEE/ACM 45th International Conference on Software Engineering (ICSE)},
  pages={121--133},
  year={2023},
  organization={IEEE}
}

@inproceedings{le2021deepcva,
  title={Deepcva: Automated commit-level vulnerability assessment with deep multi-task learning},
  author={Le, Triet Huynh Minh and Hin, David and Croft, Roland and Babar, M Ali},
  booktitle={2021 36th IEEE/ACM International Conference on Automated Software Engineering (ASE)},
  pages={717--729},
  year={2021},
  organization={IEEE}
}

@inproceedings{le2022use,
  title={On the use of fine-grained vulnerable code statements for software vulnerability assessment models},
  author={Le, Triet Huynh Minh and Babar, M Ali},
  booktitle={Proceedings of the 19th International Conference on Mining Software Repositories},
  pages={621--633},
  year={2022}
}


@article{hou2024large,
  title={Large language models for software engineering: A systematic literature review},
  author={Hou, Xinyi and Zhao, Yanjie and Liu, Yue and Yang, Zhou and Wang, Kailong and Li, Li and Luo, Xiapu and Lo, David and Grundy, John and Wang, Haoyu},
  journal={ACM Transactions on Software Engineering and Methodology},
  volume={33},
  number={8},
  pages={1--79},
  year={2024},
  publisher={ACM New York, NY}
}

@inproceedings{nguyen2024automated,
  title={Automated Code-centric Software Vulnerability Assessment: How Far Are We? An Empirical Study in C/C++},
  author={Nguyen, Anh The and Le, Triet Huynh Minh and Babar, M Ali},
  booktitle={Proceedings of the 18th ACM/IEEE International Symposium on Empirical Software Engineering and Measurement},
  pages={72--83},
  year={2024}
}

@inproceedings{fu2022linevul,
  title={Linevul: A transformer-based line-level vulnerability prediction},
  author={Fu, Michael and Tantithamthavorn, Chakkrit},
  booktitle={Proceedings of the 19th International Conference on Mining Software Repositories},
  pages={608--620},
  year={2022}
}

@inproceedings{le2024software,
  title={Software vulnerability prediction in low-resource languages: An empirical study of codebert and chatgpt},
  author={Le, Triet Huynh Minh and Babar, M Ali and Thai, Tung Hoang},
  booktitle={Proceedings of the 28th International Conference on Evaluation and Assessment in Software Engineering},
  pages={679--685},
  year={2024}
}

@misc{bhatt2024cyberseceval2widerangingcybersecurity,
      title={CyberSecEval 2: A Wide-Ranging Cybersecurity Evaluation Suite for Large Language Models}, 
      author={Manish Bhatt and Sahana Chennabasappa and Yue Li and Cyrus Nikolaidis and Daniel Song and Shengye Wan and Faizan Ahmad and Cornelius Aschermann and Yaohui Chen and Dhaval Kapil and David Molnar and Spencer Whitman and Joshua Saxe},
      year={2024},
      eprint={2404.13161},
      archivePrefix={arXiv},
      primaryClass={cs.CR},
      url={https://arxiv.org/abs/2404.13161}, 
}

@inproceedings{le2024mitigating,
  title={Mitigating Data Imbalance for Software Vulnerability Assessment: Does Data Augmentation Help?},
  author={Le, Triet Huynh Minh and Ali Babar, Muhammad},
  booktitle={Proceedings of the 18th ACM/IEEE International Symposium on Empirical Software Engineering and Measurement},
  pages={119--130},
  year={2024}
}

@misc{wan2024cyberseceval3advancingevaluation,
      title={CYBERSECEVAL 3: Advancing the Evaluation of Cybersecurity Risks and Capabilities in Large Language Models}, 
      author={Shengye Wan and Cyrus Nikolaidis and Daniel Song and David Molnar and James Crnkovich and Jayson Grace and Manish Bhatt and Sahana Chennabasappa and Spencer Whitman and Stephanie Ding and Vlad Ionescu and Yue Li and Joshua Saxe},
      year={2024},
      eprint={2408.01605},
      archivePrefix={arXiv},
      primaryClass={cs.CR},
      url={https://arxiv.org/abs/2408.01605}, 
}
% new ref 6 - end

@INPROCEEDINGS{10603677,
  author={Wang, Yiming and Zhang, Ziyang and Chen, Hanwei and Shen, Huayi},
  booktitle={2024 5th International Conference on Computer Engineering and Application (ICCEA)}, 
  title={Reasoning with Large Language Models on Graph Tasks: The Influence of Temperature}, 
  year={2024},
  volume={},
  number={},
  pages={630-634},
  keywords={Temperature sensors;Shortest path problem;Accuracy;Sensitivity;Large language models;Computational modeling;Cognition;large language models;graph problems;graph reasoning;temperature},
  doi={10.1109/ICCEA62105.2024.10603677}}
