@article{abudurexiti2025explainable,
  title={An explainable unsupervised anomaly detection framework for Industrial Internet of Things},
  author={Abudurexiti, Yilixiati and Han, Guangjie and Zhang, Fan and Liu, Li},
  journal={Computers \& Security},
  volume={148},
  pages={104130},
  year={2025},
  publisher={Elsevier}
}

@article{admass2024arrhythmia,
  title={Arrhythmia classification using ECG signal: A meta-heuristic improvement of optimal weighted feature integration and attention-based hybrid deep learning model},
  author={Admass, Wasyihun Sema and Bogale, Girmaw Andualem},
  journal={Biomedical Signal Processing and Control},
  volume={87},
  pages={105565},
  year={2024},
  publisher={Elsevier}
}

@article{ahmad2022deep,
  title={A deep learning ensemble approach to detecting unknown network attacks},
  author={Ahmad, Rasheed and Alsmadi, Izzat and Alhamdani, Wasim and Tawalbeh, Lo'ai},
  journal={Journal of Information Security and Applications},
  volume={67},
  pages={103196},
  year={2022},
  publisher={Elsevier}
}

@article{al2020unknown,
  title={Unknown security attack detection using shallow and deep ANN classifiers},
  author={Al-Zewairi, Malek and Almajali, Sufyan and Ayyash, Moussa},
  journal={Electronics},
  volume={9},
  number={12},
  pages={2006},
  year={2020},
  publisher={MDPI}
}

@article{albahar2020hybrid,
  title={A hybrid model based on radial basis function neural network for intrusion detection},
  author={Albahar, Marwan and Alharbi, Ayman and Alsuwat, Manal and Aljuaid, Hind},
  journal={International Journal of Advanced Computer Science and Applications},
  volume={11},
  number={8},
  year={2020},
  publisher={Science and Information (SAI) Organization Limited}
}

@article{ali2024blockchain,
  title={Blockchain and federated learning-based intrusion detection approaches for edge-enabled industrial IoT networks: A survey},
  author={Ali, Saqib and Li, Qianmu and Yousafzai, Abdullah},
  journal={Ad Hoc Networks},
  volume={152},
  pages={103320},
  year={2024},
  publisher={Elsevier}
}

@article{asgharzadeh2024intrusion,
  title={An Intrusion Detection System on The Internet of Things Using Deep Learning and Multi-objective Enhanced Gorilla Troops Optimizer},
  author={Asgharzadeh, Hossein and Ghaffari, Ali and Masdari, Mohammad and Gharehchopogh, Farhad Soleimanian},
  journal={Journal of Bionic Engineering},
  volume={21},
  number={5},
  pages={2658--2684},
  year={2024},
  publisher={Springer}
}

@article{ashraf2020novel,
  title={Novel deep learning-enabled LSTM autoencoder architecture for discovering anomalous events from intelligent transportation systems},
  author={Ashraf, Javed and Bakhshi, Asim D and Moustafa, Nour and Khurshid, Hasnat and Javed, Abdullah and Beheshti, Amin},
  journal={IEEE Transactions on Intelligent Transportation Systems},
  volume={22},
  number={7},
  pages={4507--4518},
  year={2020},
  publisher={IEEE}
}

@article{bahadoripour2024explainable,
  title={An explainable multi-modal model for advanced cyber-attack detection in industrial control systems},
  author={Bahadoripour, Sepideh and Karimipour, Hadis and Jahromi, Amir Namavar and Islam, Anik},
  journal={Internet of Things},
  volume={25},
  pages={101092},
  year={2024},
  publisher={Elsevier}
}

@article{bakhshi2021anomaly,
  title={Anomaly detection in encrypted internet traffic using hybrid deep learning},
  author={Bakhshi, Taimur and Ghita, Bogdan},
  journal={Security and Communication Networks},
  volume={2021},
  number={1},
  pages={5363750},
  year={2021},
  publisher={Wiley Online Library}
}

@article{bensaoud2024survey,
  title={A survey of malware detection using deep learning},
  author={Bensaoud, Ahmed and Kalita, Jugal and Bensaoud, Mahmoud},
  journal={Machine Learning With Applications},
  volume={16},
  pages={100546},
  year={2024},
  publisher={Elsevier}
}

@article{bukhari2024secure,
  title={Secure and privacy-preserving intrusion detection in wireless sensor networks: Federated learning with SCNN-Bi-LSTM for enhanced reliability},
  author={Bukhari, Syed Muhammad Salman and Zafar, Muhammad Hamza and Abou Houran, Mohamad and Moosavi, Syed Kumayl Raza and Mansoor, Majad and Muaaz, Muhammad and Sanfilippo, Filippo},
  journal={Ad Hoc Networks},
  volume={155},
  pages={103407},
  year={2024},
  publisher={Elsevier}
}

@article{chahal2024ddos,
  title={DDoS attacks \& defense mechanisms in SDN-enabled cloud: Taxonomy, review and research challenges},
  author={Chahal, Jasmeen Kaur and Bhandari, Abhinav and Behal, Sunny},
  journal={Computer Science Review},
  volume={53},
  pages={100644},
  year={2024},
  publisher={Elsevier}
}

@article{chen2024fast,
  title={Fast and practical intrusion detection system based on federated learning for VANET},
  author={Chen, Xiuzhen and Qiu, Weicheng and Chen, Lixing and Ma, Yinghua and Ma, Jin},
  journal={Computers \& Security},
  volume={142},
  pages={103881},
  year={2024},
  publisher={Elsevier}
}

@article{chen2024federated,
  title={When federated learning meets privacy-preserving computation},
  author={Chen, Jingxue and Yan, Hang and Liu, Zhiyuan and Zhang, Min and Xiong, Hu and Yu, Shui},
  journal={ACM Computing Surveys},
  volume={56},
  number={12},
  pages={1--36},
  year={2024},
  publisher={ACM New York, NY}
}

@article{chen2024machine,
  title={Machine learning-enabled hybrid intrusion detection system with host data transformation and an advanced two-stage classifier},
  author={Chen, Zhiyan and Simsek, Murat and Kantarci, Burak and Bagheri, Mehran and Djukic, Petar},
  journal={Computer Networks},
  pages={110576},
  year={2024},
  publisher={Elsevier}
}

@article{dang2024adaptive,
  title={Adaptive and communication-efficient zeroth-order optimization for distributed internet of things},
  author={Dang, Qianlong and Yang, Shuai and Liu, Qiqi and Ruan, Junhu},
  journal={IEEE Internet of Things Journal},
  year={2024},
  publisher={IEEE}
}

@article{darabi2024micro,
  title={A micro Reinforcement Learning architecture for Intrusion Detection Systems},
  author={Darabi, Boshra and Bag-Mohammadi, Mozafar and Karami, Mojtaba},
  journal={Pattern Recognition Letters},
  volume={185},
  pages={81--86},
  year={2024},
  publisher={Elsevier}
}

@article{dasari2024effective,
  title={An effective classification of DDoS attacks in a distributed network by adopting hierarchical machine learning and hyperparameters optimization techniques},
  author={Dasari, Sandeep and Kaluri, Rajesh},
  journal={IEEE Access},
  year={2024},
  publisher={IEEE}
}

@article{ghaffari2024securing,
  title={Securing internet of things using machine and deep learning methods: a survey},
  author={Ghaffari, Ali and Jelodari, Nasim and pouralish, Samira and derakhshanfard, Nahide and Arasteh, Bahman},
  journal={Cluster Computing},
  pages={1--25},
  year={2024},
  publisher={Springer}
}

@article{inuwa2024comparative,
  title={A comparative analysis of various machine learning methods for anomaly detection in cyber attacks on IoT networks},
  author={Inuwa, Muhammad Muhammad and Das, Resul},
  journal={Internet of Things},
  volume={26},
  pages={101162},
  year={2024},
  publisher={Elsevier}
}

@article{kalidindi2025feature,
  title={Feature selection and hybrid CNNF deep stacked autoencoder for botnet attack detection in IoT},
  author={Kalidindi, Archana and Arrama, Mahesh Babu},
  journal={Computers and Electrical Engineering},
  volume={122},
  pages={109984},
  year={2025},
  publisher={Elsevier}
}

@article{kaliyaperumal2024novel,
  title={A novel hybrid unsupervised learning approach for enhanced cybersecurity in the IoT},
  author={Kaliyaperumal, Prabu and Periyasamy, Sudhakar and Thirumalaisamy, Manikandan and Balusamy, Balamurugan and Benedetto, Francesco},
  journal={Future Internet},
  volume={16},
  number={7},
  pages={253},
  year={2024},
  publisher={MDPI}
}

@article{kamal2024advanced,
  title={Advanced Hybrid Transformer-CNN Deep Learning Model for Effective Intrusion Detection Systems with Class Imbalance Mitigation Using Resampling Techniques},
  author={Kamal, Hesham and Mashaly, Maggie},
  journal={Future Internet},
  volume={16},
  number={12},
  pages={481},
  year={2024},
  publisher={MDPI}
}

@article{karnani2024comprehensive,
  title={A comprehensive survey on low-rate and high-rate DDoS defense approaches in SDN: taxonomy, research challenges, and opportunities},
  author={Karnani, Suruchi and Agrawal, Neha and Kumar, Rohit},
  journal={Multimedia Tools and Applications},
  volume={83},
  number={12},
  pages={35253--35306},
  year={2024},
  publisher={Springer}
}

@article{korium2024intrusion,
  title={Intrusion detection system for cyberattacks in the Internet of Vehicles environment},
  author={Korium, Mohamed Selim and Saber, Mohamed and Beattie, Alexander and Narayanan, Arun and Sahoo, Subham and Nardelli, Pedro HJ},
  journal={Ad Hoc Networks},
  volume={153},
  pages={103330},
  year={2024},
  publisher={Elsevier}
}

@article{kunang2024end,
  title={An end-to-end intrusion detection system with IoT dataset using deep learning with unsupervised feature extraction},
  author={Kunang, Yesi Novaria and Nurmaini, Siti and Stiawan, Deris and Suprapto, Bhakti Yudho},
  journal={International Journal of Information Security},
  pages={1--30},
  year={2024},
  publisher={Springer}
}

@article{liu2023heterps,
  title={Heterps: Distributed deep learning with reinforcement learning based scheduling in heterogeneous environments},
  author={Liu, Ji and Wu, Zhihua and Feng, Danlei and Zhang, Minxu and Wu, Xinxuan and Yao, Xuefeng and Yu, Dianhai and Ma, Yanjun and Zhao, Feng and Dou, Dejing},
  journal={Future Generation Computer Systems},
  volume={148},
  pages={106--117},
  year={2023},
  publisher={Elsevier}
}

@article{lo2022hybrid,
  title={A hybrid deep learning based intrusion detection system using spatial-temporal representation of in-vehicle network traffic},
  author={Lo, Wei and Alqahtani, Hamed and Thakur, Kutub and Almadhor, Ahmad and Chander, Subhash and Kumar, Gulshan},
  journal={Vehicular Communications},
  volume={35},
  pages={100471},
  year={2022},
  publisher={Elsevier}
}

@article{lu2021communication,
  title={Communication constraints for distributed secondary control of heterogeneous microgrids: A survey},
  author={Lu, Xiaoqing and Lai, Jingang},
  journal={IEEE Transactions on Industry Applications},
  volume={57},
  number={6},
  pages={5636--5648},
  year={2021},
  publisher={IEEE}
}

@article{majidian2024optimizing,
  title={Optimizing random forests to detect intrusion in the Internet of Things},
  author={Majidian, Seyede Zohre and TaghipourEivazi, Shiva and Arasteh, Bahman and Ghaffari, Ali},
  journal={Computers and Electrical Engineering},
  volume={120},
  pages={109860},
  year={2024},
  publisher={Elsevier}
}

@article{manocchio2024flowtransformer,
  title={Flowtransformer: A transformer framework for flow-based network intrusion detection systems},
  author={Manocchio, Liam Daly and Layeghy, Siamak and Lo, Wai Weng and Kulatilleke, Gayan K and Sarhan, Mohanad and Portmann, Marius},
  journal={Expert Systems with Applications},
  volume={241},
  pages={122564},
  year={2024},
  publisher={Elsevier}
}

@article{mrudula2024internet,
  title={Internet of things and optimized knn based intelligent transportation system for traffic flow prediction in smart cities},
  author={Mrudula, Sunkara Teena and Ritonga, Mahyudin and Sivakumar, S and Jawarneh, Malik and Sammy, F and Keerthika, T and Rane, Kantilal Pitambar and Roy, Bhaskar and others},
  journal={Measurement: Sensors},
  pages={101297},
  year={2024},
  publisher={Elsevier}
}

@inproceedings{mynuddin2024automatic,
  title={Automatic Network Intrusion Detection System Using Machine Learning and Deep Learning},
  author={Mynuddin, Mohammed and Khan, Sultan Uddin and Chowdhury, Zayed Uddin and Islam, Foredul and Islam, Md Jahidul and Hossain, Mohammad Iqbal and Ahad, Dewan Mohammed Abdul},
  booktitle={2024 IEEE International Conference on Artificial Intelligence and Mechatronics Systems (AIMS)},
  pages={1--9},
  year={2024},
  organization={IEEE}
}

@article{nie2024intrusion,
  title={Intrusion Detection in Cyber-Physical Grid using Incremental ML with Adaptive Moment Estimation},
  author={Nie, Zhijie and Basumallik, Sagnik and Banerjee, P and Srivastava, Anurag K},
  journal={IEEE Transactions on Industrial Cyber-Physical Systems},
  year={2024},
  publisher={IEEE}
}

@article{olanrewaju2025federated,
  title={Federated learning-based intrusion detection system for the internet of things using unsupervised and supervised deep learning models},
  author={Olanrewaju-George, Babatunde and Pranggono, Bernardi},
  journal={Cyber Security and Applications},
  volume={3},
  pages={100068},
  year={2025},
  publisher={Elsevier}
}

@article{pandithurai2024ddos,
  title={DDoS attack prediction using a honey badger optimization algorithm based feature selection and Bi-LSTM in cloud environment},
  author={Pandithurai, O and Venkataiah, C and Tiwari, Shrikant and Ramanjaneyulu, N},
  journal={Expert Systems with Applications},
  volume={241},
  pages={122544},
  year={2024},
  publisher={Elsevier}
}

@article{prince2024ieee,
  title={IEEE Standards and Deep Learning Techniques for Securing Internet of Things (IoT) Devices Against Cyber Attacks},
  author={Prince, Nayem Uddin and Al Mamun, Mohd Abdullah and Olajide, Ahmed Olabisi and Khan, Obyed Ullah and Akeem, Adedokun Bidemi and Sani, Abuh Ibrahim},
  journal={Journal of Computational Analysis and Applications},
  volume={33},
  number={7},
  year={2024}
}

@inproceedings{quraishi2024employing,
  title={Employing Deep Neural Networks for Real-Time Anomaly Detection and Mitigation in IoT-Based Smart Grid Cybersecurity Systems},
  author={Quraishi, Aadam and Rusho, Maher Ali and Prasad, Anurag and Keshta, Ismail and Rivera, Richard and Bhatt, Mohammed Wasim},
  booktitle={2024 Third International Conference on Distributed Computing and Electrical Circuits and Electronics (ICDCECE)},
  pages={1--6},
  year={2024},
  organization={IEEE}
}

@article{ramkumar2024diagnosing,
  title={Diagnosing Unknown Attacks in Smart Homes Using Abductive Reasoning},
  author={Ramkumar, Kushal and Cai, Wanling and McCarthy, John and Doherty, Gavin and Nuseibeh, Bashar and Pasquale, Liliana},
  journal={arXiv preprint arXiv:2412.10738},
  year={2024}
}

@article{saiyed2024interactive,
  title={Interactive and Explainable Optimized Learning for DDoS Detection in Consumer IoT Networks},
  author={Saiyed, Makhduma F and Al-Anbagi, Irfan and Hossain, M Shamim},
  journal={IEEE Transactions on Consumer Electronics},
  year={2024},
  publisher={IEEE}
}

@article{samantaray2024comparative,
  title={A comparative assessment of machine learning algorithms in the IoT-based network intrusion detection systems},
  author={Samantaray, Milan and Barik, Ram Chandra and Biswal, Anil Kumar},
  journal={Decision Analytics Journal},
  volume={11},
  pages={100478},
  year={2024},
  publisher={Elsevier}
}

@article{sarker2024enhancing,
  title={Enhancing smart grid load forecasting: An attention-based deep learning model integrated with federated learning and XAI for security and interpretability},
  author={Sarker, Md Al Amin and Shanmugam, Bharanidharan and Azam, Sami and Thennadil, Suresh},
  journal={Intelligent Systems with Applications},
  volume={23},
  pages={200422},
  year={2024},
  publisher={Elsevier}
}

@article{shen2024deep,
  title={A Deep Learning-Based Data Management Scheme for Intelligent Control of Wastewater Treatment Processes Under Resource-Constrained IoT Systems},
  author={Shen, Yu and Zhu, Xiaogang and Guo, Zhiwei and Yu, Keping and Alfarraj, Osama and Leung, Victor CM and Rodrigues, Joel JPC},
  journal={IEEE Internet of Things Journal},
  year={2024},
  publisher={IEEE}
}

@article{shenify2024hybrid,
  title={Hybrid Supervised Machine Learning-based Intrusion Detection System of Internet of Things.},
  author={Shenify, Mohamed Abdullah and Alghamdi, Amjad Saeed and Alharthi, Adil Fahad},
  journal={International Journal of Advances in Soft Computing \& Its Applications},
  volume={16},
  number={2},
  year={2024}
}

@inproceedings{tariq2024hybrid,
  title={Hybrid AI-Driven Techniques for Enhancing ZeroDay Exploit Detection in Intrusion Detection System (IDS)},
  author={Tariq, Ahmed Hasham Ibn E and Tariq, Moazan Basoud Ibn E and Lu, Songfeng},
  booktitle={2024 3rd International Conference on Artificial Intelligence, Internet of Things and Cloud Computing Technology (AIoTC)},
  pages={156--160},
  year={2024},
  organization={IEEE}
}

@article{ullah2024ids,
  title={IDS-INT: Intrusion detection system using transformer-based transfer learning for imbalanced network traffic},
  author={Ullah, Farhan and Ullah, Shamsher and Srivastava, Gautam and Lin, Jerry Chun-Wei},
  journal={Digital Communications and Networks},
  volume={10},
  number={1},
  pages={190--204},
  year={2024},
  publisher={Elsevier}
}

@phdthesis{vitorino2023realistic,
  title = {Realistic Title Example},
  author = {Vitorino, Firstname},
  year = {2023},
  school = {School of Engineering, University Name},
  institution = {Research Group on Intelligent Engineering and Computing for Advanced Innovation and Development}
}

@article{wang2024abnormal,
  title={Abnormal traffic detection system in SDN based on deep learning hybrid models},
  author={Wang, Kun and Fu, Yu and Duan, Xueyuan and Liu, Taotao and Xu, Jianqiao},
  journal={Computer Communications},
  volume={216},
  pages={183--194},
  year={2024},
  publisher={Elsevier}
}

@article{wang2024network,
  title={A network intrusion detection system based on deep learning in the IoT},
  author={Wang, Xiao and Dai, Lie and Yang, Guang},
  journal={The Journal of Supercomputing},
  volume={80},
  number={16},
  pages={24520--24558},
  year={2024},
  publisher={Springer}
}

@article{wei2024efficient,
  title={Efficient Adaptive Learning Rate for Convolutional Neural Network Based on Quadratic Interpolation Egret Swarm Optimization Algorithm},
  author={Wei, Peiyang and Shang, Mingsheng and Zhou, Jiesan and Shi, Xiaoyu},
  journal={Heliyon},
  year={2024},
  publisher={Elsevier}
}

@article{wu2024current,
  title={Current Status and Challenges and Future Trends of Deep Learning-Based Intrusion Detection Models},
  author={Wu, Yuqiang and Zou, Bailin and Cao, Yifei},
  journal={Journal of Imaging},
  volume={10},
  number={10},
  pages={254},
  year={2024},
  publisher={MDPI}
}

@article{xiao2024exploration,
  title={Exploration of Attention Mechanism-Enhanced Deep Learning Models in the Mining of Medical Textual Data},
  author={Xiao, Lingxi and Li, Muqing and Feng, Yinqiu and Wang, Meiqi and Zhu, Ziyi and Chen, Zexi},
  journal={arXiv preprint arXiv:2406.00016},
  year={2024}
}

@article{xie2024anomaly,
  title={Anomaly detection for multivariate time series in IoT using discrete wavelet decomposition and dual graph attention networks},
  author={Xie, Shujiang and Li, Lian and Zhu, Yian},
  journal={Computers \& Security},
  volume={146},
  pages={104075},
  year={2024},
  publisher={Elsevier}
}

@article{xu2024attention,
  title={Attention mechanism-based deep learning for heat load prediction in blast furnace ironmaking process},
  author={Xu, Hong-Wei and Qin, Wei and Sun, Yan-Ning and Lv, You-Long and Zhang, Jie},
  journal={Journal of Intelligent Manufacturing},
  volume={35},
  number={3},
  pages={1207--1220},
  year={2024},
  publisher={Springer}
}

@article{xuan2021multi,
  title={A multi-layer approach for advanced persistent threat detection using machine learning based on network traffic},
  author={Xuan, Cho Do and Duong, Duc and Dau, Hoang Xuan},
  journal={Journal of Intelligent \& Fuzzy Systems},
  volume={40},
  number={6},
  pages={11311--11329},
  year={2021},
  publisher={IOS Press}
}

@article{yang2020real,
  title={Real-time intrusion detection in wireless network: A deep learning-based intelligent mechanism},
  author={Yang, Liqun and Li, Jianqiang and Yin, Liang and Sun, Zhonghao and Zhao, Yufei and Li, Zhoujun},
  journal={Ieee Access},
  volume={8},
  pages={170128--170139},
  year={2020},
  publisher={IEEE}
}

@article{zhang2023hybrid,
  title={A hybrid anomaly detection method for high dimensional data},
  author={Zhang, Xin and Wei, Pingping and Wang, Qingling},
  journal={PeerJ Computer Science},
  volume={9},
  pages={e1199},
  year={2023},
  publisher={PeerJ Inc.}
}

@article{zohourian2024iot,
  title={IoT-PRIDS: Leveraging packet representations for intrusion detection in IoT networks},
  author={Zohourian, Alireza and Dadkhah, Sajjad and Molyneaux, Heather and Neto, Euclides Carlos Pinto and Ghorbani, Ali A},
  journal={Computers \& Security},
  volume={146},
  pages={104034},
  year={2024},
  publisher={Elsevier}
}

