@inproceedings{DBLP:conf/aistats/FarajtabarAML20,
  author       = {Mehrdad Farajtabar and
                  Navid Azizan and
                  Alex Mott and
                  Ang Li},
  editor       = {Silvia Chiappa and
                  Roberto Calandra},
  title        = {Orthogonal Gradient Descent for Continual Learning},
  booktitle    = {The 23rd International Conference on Artificial Intelligence and Statistics,
                  {AISTATS} 2020, 26-28 August 2020, Online [Palermo, Sicily, Italy]},
  series       = {Proceedings of Machine Learning Research},
  volume       = {108},
  pages        = {3762--3773},
  publisher    = {{PMLR}},
  year         = {2020},
  url          = {http://proceedings.mlr.press/v108/farajtabar20a.html},
  timestamp    = {Mon, 29 Jun 2020 18:03:58 +0200},
  biburl       = {https://dblp.org/rec/conf/aistats/FarajtabarAML20.bib},
  bibsource    = {dblp computer science bibliography, https://dblp.org}
}

@inproceedings{DBLP:conf/eccv/ChaudhryDAT18,
  author       = {Arslan Chaudhry and
                  Puneet Kumar Dokania and
                  Thalaiyasingam Ajanthan and
                  Philip H. S. Torr},
  editor       = {Vittorio Ferrari and
                  Martial Hebert and
                  Cristian Sminchisescu and
                  Yair Weiss},
  title        = {Riemannian Walk for Incremental Learning: Understanding Forgetting
                  and Intransigence},
  booktitle    = {Computer Vision - {ECCV} 2018 - 15th European Conference, Munich,
                  Germany, September 8-14, 2018, Proceedings, Part {XI}},
  series       = {Lecture Notes in Computer Science},
  volume       = {11215},
  pages        = {556--572},
  publisher    = {Springer},
  year         = {2018},
  url          = {https://doi.org/10.1007/978-3-030-01252-6\_33},
  doi          = {10.1007/978-3-030-01252-6\_33},
  timestamp    = {Tue, 14 May 2019 10:00:45 +0200},
  biburl       = {https://dblp.org/rec/conf/eccv/ChaudhryDAT18.bib},
  bibsource    = {dblp computer science bibliography, https://dblp.org}
}

@inproceedings{DBLP:conf/iccvw/Soutif-Cormerais23,
  author       = {Albin Soutif{-}Cormerais and
                  Antonio Carta and
                  Andrea Cossu and
                  Julio Hurtado and
                  Vincenzo Lomonaco and
                  Joost van de Weijer and
                  Hamed Hemati},
  title        = {A Comprehensive Empirical Evaluation on Online Continual Learning},
  booktitle    = {{IEEE/CVF} International Conference on Computer Vision, {ICCV} 2023
                  - Workshops, Paris, France, October 2-6, 2023},
  pages        = {3510--3520},
  publisher    = {{IEEE}},
  year         = {2023},
  url          = {https://doi.org/10.1109/ICCVW60793.2023.00378},
  doi          = {10.1109/ICCVW60793.2023.00378},
  timestamp    = {Sun, 04 Aug 2024 19:39:19 +0200},
  biburl       = {https://dblp.org/rec/conf/iccvw/Soutif-Cormerais23.bib},
  bibsource    = {dblp computer science bibliography, https://dblp.org}
}

@inproceedings{DBLP:conf/iclr/CacciaAATPB22,
  author       = {Lucas Caccia and
                  Rahaf Aljundi and
                  Nader Asadi and
                  Tinne Tuytelaars and
                  Joelle Pineau and
                  Eugene Belilovsky},
  title        = {New Insights on Reducing Abrupt Representation Change in Online Continual
                  Learning},
  booktitle    = {The Tenth International Conference on Learning Representations, {ICLR}
                  2022, Virtual Event, April 25-29, 2022},
  publisher    = {OpenReview.net},
  year         = {2022},
  url          = {https://openreview.net/forum?id=N8MaByOzUfb},
  timestamp    = {Sat, 20 Aug 2022 01:15:42 +0200},
  biburl       = {https://dblp.org/rec/conf/iclr/CacciaAATPB22.bib},
  bibsource    = {dblp computer science bibliography, https://dblp.org}
}

@inproceedings{DBLP:conf/iclr/ChaudhryRRE19,
  author       = {Arslan Chaudhry and
                  Marc'Aurelio Ranzato and
                  Marcus Rohrbach and
                  Mohamed Elhoseiny},
  title        = {Efficient Lifelong Learning with {A-GEM}},
  booktitle    = {7th International Conference on Learning Representations, {ICLR} 2019,
                  New Orleans, LA, USA, May 6-9, 2019},
  publisher    = {OpenReview.net},
  year         = {2019},
  url          = {https://openreview.net/forum?id=Hkf2\_sC5FX},
  timestamp    = {Thu, 25 Jul 2019 14:25:58 +0200},
  biburl       = {https://dblp.org/rec/conf/iclr/ChaudhryRRE19.bib},
  bibsource    = {dblp computer science bibliography, https://dblp.org}
}

@inproceedings{DBLP:conf/iclr/LangeVT23,
  author       = {Matthias De Lange and
                  Gido M. van de Ven and
                  Tinne Tuytelaars},
  title        = {Continual evaluation for lifelong learning: Identifying the stability
                  gap},
  booktitle    = {The Eleventh International Conference on Learning Representations,
                  {ICLR} 2023, Kigali, Rwanda, May 1-5, 2023},
  publisher    = {OpenReview.net},
  year         = {2023},
  url          = {https://openreview.net/forum?id=Zy350cRstc6},
  timestamp    = {Wed, 24 Jul 2024 16:50:33 +0200},
  biburl       = {https://dblp.org/rec/conf/iclr/LangeVT23.bib},
  bibsource    = {dblp computer science bibliography, https://dblp.org}
}

@inproceedings{DBLP:conf/iclr/MagistriTS0B24,
  author       = {Simone Magistri and
                  Tomaso Trinci and
                  Albin Soutif{-}Cormerais and
                  Joost van de Weijer and
                  Andrew D. Bagdanov},
  title        = {Elastic Feature Consolidation For Cold Start Exemplar-Free Incremental
                  Learning},
  booktitle    = {The Twelfth International Conference on Learning Representations,
                  {ICLR} 2024, Vienna, Austria, May 7-11, 2024},
  publisher    = {OpenReview.net},
  year         = {2024},
  url          = {https://openreview.net/forum?id=7D9X2cFnt1},
  timestamp    = {Wed, 07 Aug 2024 17:11:53 +0200},
  biburl       = {https://dblp.org/rec/conf/iclr/MagistriTS0B24.bib},
  bibsource    = {dblp computer science bibliography, https://dblp.org}
}

@inproceedings{DBLP:conf/iclr/SahaG021,
  author       = {Gobinda Saha and
                  Isha Garg and
                  Kaushik Roy},
  title        = {Gradient Projection Memory for Continual Learning},
  booktitle    = {9th International Conference on Learning Representations, {ICLR} 2021,
                  Virtual Event, Austria, May 3-7, 2021},
  publisher    = {OpenReview.net},
  year         = {2021},
  url          = {https://openreview.net/forum?id=3AOj0RCNC2},
  timestamp    = {Mon, 03 Jan 2022 22:19:41 +0100},
  biburl       = {https://dblp.org/rec/conf/iclr/SahaG021.bib},
  bibsource    = {dblp computer science bibliography, https://dblp.org}
}

@inproceedings{DBLP:conf/icml/Benzing22,
  author       = {Frederik Benzing},
  editor       = {Kamalika Chaudhuri and
                  Stefanie Jegelka and
                  Le Song and
                  Csaba Szepesv{\'{a}}ri and
                  Gang Niu and
                  Sivan Sabato},
  title        = {Gradient Descent on Neurons and its Link to Approximate Second-order
                  Optimization},
  booktitle    = {International Conference on Machine Learning, {ICML} 2022, 17-23 July
                  2022, Baltimore, Maryland, {USA}},
  series       = {Proceedings of Machine Learning Research},
  volume       = {162},
  pages        = {1817--1853},
  publisher    = {{PMLR}},
  year         = {2022},
  url          = {https://proceedings.mlr.press/v162/benzing22a.html},
  timestamp    = {Tue, 12 Jul 2022 17:36:52 +0200},
  biburl       = {https://dblp.org/rec/conf/icml/Benzing22.bib},
  bibsource    = {dblp computer science bibliography, https://dblp.org}
}

@inproceedings{DBLP:conf/nips/GeorgeLBBV18,
  author       = {Thomas George and
                  C{\'{e}}sar Laurent and
                  Xavier Bouthillier and
                  Nicolas Ballas and
                  Pascal Vincent},
  editor       = {Samy Bengio and
                  Hanna M. Wallach and
                  Hugo Larochelle and
                  Kristen Grauman and
                  Nicol{\`{o}} Cesa{-}Bianchi and
                  Roman Garnett},
  title        = {Fast Approximate Natural Gradient Descent in a Kronecker Factored
                  Eigenbasis},
  booktitle    = {Advances in Neural Information Processing Systems 31: Annual Conference
                  on Neural Information Processing Systems 2018, NeurIPS 2018, December
                  3-8, 2018, Montr{\'{e}}al, Canada},
  pages        = {9573--9583},
  year         = {2018},
  url          = {https://proceedings.neurips.cc/paper/2018/hash/48000647b315f6f00f913caa757a70b3-Abstract.html},
  timestamp    = {Mon, 16 May 2022 15:41:51 +0200},
  biburl       = {https://dblp.org/rec/conf/nips/GeorgeLBBV18.bib},
  bibsource    = {dblp computer science bibliography, https://dblp.org}
}

@inproceedings{DBLP:conf/nips/KaoJVBH21,
  author       = {Ta{-}Chu Kao and
                  Kristopher T. Jensen and
                  Gido van de Ven and
                  Alberto Bernacchia and
                  Guillaume Hennequin},
  editor       = {Marc'Aurelio Ranzato and
                  Alina Beygelzimer and
                  Yann N. Dauphin and
                  Percy Liang and
                  Jennifer Wortman Vaughan},
  title        = {Natural continual learning: success is a journey, not (just) a destination},
  booktitle    = {Advances in Neural Information Processing Systems 34: Annual Conference
                  on Neural Information Processing Systems 2021, NeurIPS 2021, December
                  6-14, 2021, virtual},
  pages        = {28067--28079},
  year         = {2021},
  url          = {https://proceedings.neurips.cc/paper/2021/hash/ec5aa0b7846082a2415f0902f0da88f2-Abstract.html},
  timestamp    = {Tue, 03 May 2022 16:20:49 +0200},
  biburl       = {https://dblp.org/rec/conf/nips/KaoJVBH21.bib},
  bibsource    = {dblp computer science bibliography, https://dblp.org}
}

@inproceedings{DBLP:conf/nips/Lopez-PazR17,
  author       = {David Lopez{-}Paz and
                  Marc'Aurelio Ranzato},
  editor       = {Isabelle Guyon and
                  Ulrike von Luxburg and
                  Samy Bengio and
                  Hanna M. Wallach and
                  Rob Fergus and
                  S. V. N. Vishwanathan and
                  Roman Garnett},
  title        = {Gradient Episodic Memory for Continual Learning},
  booktitle    = {Advances in Neural Information Processing Systems 30: Annual Conference
                  on Neural Information Processing Systems 2017, December 4-9, 2017,
                  Long Beach, CA, {USA}},
  pages        = {6467--6476},
  year         = {2017},
  url          = {https://proceedings.neurips.cc/paper/2017/hash/f87522788a2be2d171666752f97ddebb-Abstract.html},
  timestamp    = {Thu, 21 Jan 2021 15:15:21 +0100},
  biburl       = {https://dblp.org/rec/conf/nips/Lopez-PazR17.bib},
  bibsource    = {dblp computer science bibliography, https://dblp.org}
}

@inproceedings{DBLP:conf/nips/MirzadehFPG20,
  author       = {Seyed{-}Iman Mirzadeh and
                  Mehrdad Farajtabar and
                  Razvan Pascanu and
                  Hassan Ghasemzadeh},
  editor       = {Hugo Larochelle and
                  Marc'Aurelio Ranzato and
                  Raia Hadsell and
                  Maria{-}Florina Balcan and
                  Hsuan{-}Tien Lin},
  title        = {Understanding the Role of Training Regimes in Continual Learning},
  booktitle    = {Advances in Neural Information Processing Systems 33: Annual Conference
                  on Neural Information Processing Systems 2020, NeurIPS 2020, December
                  6-12, 2020, virtual},
  year         = {2020},
  url          = {https://proceedings.neurips.cc/paper/2020/hash/518a38cc9a0173d0b2dc088166981cf8-Abstract.html},
  timestamp    = {Tue, 19 Jan 2021 15:57:20 +0100},
  biburl       = {https://dblp.org/rec/conf/nips/MirzadehFPG20.bib},
  bibsource    = {dblp computer science bibliography, https://dblp.org}
}

@article{DBLP:journals/corr/abs-1712-03847,
  author       = {Ferenc Husz{\'{a}}r},
  title        = {On Quadratic Penalties in Elastic Weight Consolidation},
  journal      = {CoRR},
  volume       = {abs/1712.03847},
  year         = {2017},
  url          = {http://arxiv.org/abs/1712.03847},
  eprinttype    = {arXiv},
  eprint       = {1712.03847},
  timestamp    = {Mon, 13 Aug 2018 16:49:13 +0200},
  biburl       = {https://dblp.org/rec/journals/corr/abs-1712-03847.bib},
  bibsource    = {dblp computer science bibliography, https://dblp.org}
}

@article{DBLP:journals/corr/abs-2311-04898,
  author       = {Timm Hess and
                  Tinne Tuytelaars and
                  Gido M. van de Ven},
  title        = {Two Complementary Perspectives to Continual Learning: Ask Not Only
                  What to Optimize, But Also How},
  journal      = {CoRR},
  volume       = {abs/2311.04898},
  year         = {2023},
  url          = {https://doi.org/10.48550/arXiv.2311.04898},
  doi          = {10.48550/ARXIV.2311.04898},
  eprinttype    = {arXiv},
  eprint       = {2311.04898},
  timestamp    = {Tue, 14 Nov 2023 14:47:55 +0100},
  biburl       = {https://dblp.org/rec/journals/corr/abs-2311-04898.bib},
  bibsource    = {dblp computer science bibliography, https://dblp.org}
}

@article{DBLP:journals/corr/abs-2406-05114,
  author       = {Sandesh Kamath and
                  Albin Soutif{-}Cormerais and
                  Joost van de Weijer and
                  Bogdan Raducanu},
  title        = {The Expanding Scope of the Stability Gap: Unveiling its Presence in
                  Joint Incremental Learning of Homogeneous Tasks},
  journal      = {CoRR},
  volume       = {abs/2406.05114},
  year         = {2024},
  url          = {https://doi.org/10.48550/arXiv.2406.05114},
  doi          = {10.48550/ARXIV.2406.05114},
  eprinttype    = {arXiv},
  eprint       = {2406.05114},
  timestamp    = {Sat, 13 Jul 2024 22:06:56 +0200},
  biburl       = {https://dblp.org/rec/journals/corr/abs-2406-05114.bib},
  bibsource    = {dblp computer science bibliography, https://dblp.org}
}

@article{DBLP:journals/nature/DohareHLRMS24,
  author       = {Shibhansh Dohare and
                  J. Fernando Hernandez{-}Garcia and
                  Qingfeng Lan and
                  Parash Rahman and
                  A. Rupam Mahmood and
                  Richard S. Sutton},
  title        = {Loss of plasticity in deep continual learning},
  journal      = {Nat.},
  volume       = {632},
  number       = {8026},
  pages        = {768--774},
  year         = {2024},
  url          = {https://doi.org/10.1038/s41586-024-07711-7},
  doi          = {10.1038/S41586-024-07711-7},
  timestamp    = {Fri, 20 Sep 2024 14:02:21 +0200},
  biburl       = {https://dblp.org/rec/journals/nature/DohareHLRMS24.bib},
  bibsource    = {dblp computer science bibliography, https://dblp.org}
}

@article{DBLP:journals/pami/LangeAMPJLST22,
  author       = {Matthias De Lange and
                  Rahaf Aljundi and
                  Marc Masana and
                  Sarah Parisot and
                  Xu Jia and
                  Ales Leonardis and
                  Gregory G. Slabaugh and
                  Tinne Tuytelaars},
  title        = {A Continual Learning Survey: Defying Forgetting in Classification
                  Tasks},
  journal      = {{IEEE} Trans. Pattern Anal. Mach. Intell.},
  volume       = {44},
  number       = {7},
  pages        = {3366--3385},
  year         = {2022},
  url          = {https://doi.org/10.1109/TPAMI.2021.3057446},
  doi          = {10.1109/TPAMI.2021.3057446},
  timestamp    = {Tue, 28 Jun 2022 21:07:49 +0200},
  biburl       = {https://dblp.org/rec/journals/pami/LangeAMPJLST22.bib},
  bibsource    = {dblp computer science bibliography, https://dblp.org}
}

@article{DBLP:journals/pami/MasanaLTMBW23,
  author       = {Marc Masana and
                  Xialei Liu and
                  Bartlomiej Twardowski and
                  Mikel Menta and
                  Andrew D. Bagdanov and
                  Joost van de Weijer},
  title        = {Class-Incremental Learning: Survey and Performance Evaluation on Image
                  Classification},
  journal      = {{IEEE} Trans. Pattern Anal. Mach. Intell.},
  volume       = {45},
  number       = {5},
  pages        = {5513--5533},
  year         = {2023},
  url          = {https://doi.org/10.1109/TPAMI.2022.3213473},
  doi          = {10.1109/TPAMI.2022.3213473},
  timestamp    = {Sat, 29 Apr 2023 19:26:22 +0200},
  biburl       = {https://dblp.org/rec/journals/pami/MasanaLTMBW23.bib},
  bibsource    = {dblp computer science bibliography, https://dblp.org}
}

@article{daxberger2023improving,
  title={Improving Continual Learning by Accurate Gradient Reconstructions of the Past},
  author={Daxberger, Erik and Swaroop, Siddharth and Osawa, Kazuki and Yokota, Rio and Turner, Richard E and Hern{\'a}ndez-Lobato, Jos{\'e} Miguel and Khan, Mohammad Emtiyaz},
  journal={Transactions on Machine Learning Research},
  year={2023}
}

@article{french1999catastrophic,
  title={Catastrophic forgetting in connectionist networks},
  author={French, Robert M},
  journal={Trends in cognitive sciences},
  volume={3},
  number={4},
  pages={128--135},
  year={1999},
  publisher={Elsevier}
}

@inproceedings{guo2022online,
  title={Online continual learning through mutual information maximization},
  author={Guo, Yiduo and Liu, Bing and Zhao, Dongyan},
  booktitle={International conference on machine learning},
  pages={8109--8126},
  year={2022},
  organization={PMLR}
}

@article{kirkpatrick2017overcoming,
  title={Overcoming catastrophic forgetting in neural networks},
  author={Kirkpatrick, James and Pascanu, Razvan and Rabinowitz, Neil and Veness, Joel and Desjardins, Guillaume and Rusu, Andrei A and Milan, Kieran and Quan, John and Ramalho, Tiago and Grabska-Barwinska, Agnieszka and others},
  journal={Proceedings of the national academy of sciences},
  volume={114},
  number={13},
  pages={3521--3526},
  year={2017},
  publisher={National Acad Sciences}
}

@article{kunstner2019limitations,
  title={Limitations of the empirical fisher approximation for natural gradient descent},
  author={Kunstner, Frederik and Hennig, Philipp and Balles, Lukas},
  journal={Advances in neural information processing systems},
  volume={32},
  year={2019}
}

@inproceedings{liu2018rotate,
  title={Rotate your networks: Better weight consolidation and less catastrophic forgetting},
  author={Liu, Xialei and Masana, Marc and Herranz, Luis and Van de Weijer, Joost and Lopez, Antonio M and Bagdanov, Andrew D},
  booktitle={2018 24th International Conference on Pattern Recognition (ICPR)},
  pages={2262--2268},
  year={2018},
  organization={IEEE}
}

@incollection{martens2012training,
  title={Training deep and recurrent networks with hessian-free optimization},
  author={Martens, James and Sutskever, Ilya},
  booktitle={Neural Networks: Tricks of the Trade: Second Edition},
  pages={479--535},
  year={2012},
  publisher={Springer}
}

@article{martens2020new,
  title={New insights and perspectives on the natural gradient method},
  author={Martens, James},
  journal={Journal of Machine Learning Research},
  volume={21},
  number={146},
  pages={1--76},
  year={2020}
}

@article{pan2020continual,
  title={Continual deep learning by functional regularisation of memorable past},
  author={Pan, Pingbo and Swaroop, Siddharth and Immer, Alexander and Eschenhagen, Runa and Turner, Richard and Khan, Mohammad Emtiyaz E},
  journal={Advances in neural information processing systems},
  volume={33},
  pages={4453--4464},
  year={2020}
}

@inproceedings{wei2023online,
  title={Online prototype learning for online continual learning},
  author={Wei, Yujie and Ye, Jiaxin and Huang, Zhizhong and Zhang, Junping and Shan, Hongming},
  booktitle={Proceedings of the IEEE/CVF International Conference on Computer Vision},
  pages={18764--18774},
  year={2023}
}

@article{yoo2024layerwise,
  title={Layerwise Proximal Replay: A Proximal Point Method for Online Continual Learning},
  author={Yoo, Jason and Liu, Yunpeng and Wood, Frank and Pleiss, Geoff},
  journal={arXiv preprint arXiv:2402.09542},
  year={2024}
}

