@article{Al_Jallad_2020,
   title={Anomaly detection optimization using big data and deep learning to reduce false-positive},
   volume={7},
   ISSN={2196-1115},
   url={http://dx.doi.org/10.1186/s40537-020-00346-1},
   DOI={10.1186/s40537-020-00346-1},
   number={1},
   journal={Journal of Big Data},
   publisher={Springer Science and Business Media LLC},
   author={Al Jallad, Khloud and Aljnidi, Mohamad and Desouki, Mohammad Said},
   year={2020},
   month=aug }

@article{DBLP:journals/corr/abs-1904-04717,
  author       = {Ahmet Iscen and
                  Giorgos Tolias and
                  Yannis Avrithis and
                  Ondrej Chum},
  title        = {Label Propagation for Deep Semi-supervised Learning},
  journal      = {CoRR},
  volume       = {abs/1904.04717},
  year         = {2019},
  url          = {http://arxiv.org/abs/1904.04717},
  eprinttype    = {arXiv},
  eprint       = {1904.04717},
  timestamp    = {Thu, 25 Apr 2019 13:55:01 +0200},
  biburl       = {https://dblp.org/rec/journals/corr/abs-1904-04717.bib},
  bibsource    = {dblp computer science bibliography, https://dblp.org}
}

@article{DBLP:journals/corr/abs-1908-02983,
  author       = {Eric Arazo and
                  Diego Ortego and
                  Paul Albert and
                  Noel E. O'Connor and
                  Kevin McGuinness},
  title        = {Pseudo-Labeling and Confirmation Bias in Deep Semi-Supervised Learning},
  journal      = {CoRR},
  volume       = {abs/1908.02983},
  year         = {2019},
  url          = {http://arxiv.org/abs/1908.02983},
  eprinttype    = {arXiv},
  eprint       = {1908.02983},
  timestamp    = {Thu, 14 Oct 2021 09:15:16 +0200},
  biburl       = {https://dblp.org/rec/journals/corr/abs-1908-02983.bib},
  bibsource    = {dblp computer science bibliography, https://dblp.org}
}

@article{DBLP:journals/corr/abs-2001-07685,
  author       = {Kihyuk Sohn and
                  David Berthelot and
                  Chun{-}Liang Li and
                  Zizhao Zhang and
                  Nicholas Carlini and
                  Ekin D. Cubuk and
                  Alex Kurakin and
                  Han Zhang and
                  Colin Raffel},
  title        = {FixMatch: Simplifying Semi-Supervised Learning with Consistency and
                  Confidence},
  journal      = {CoRR},
  volume       = {abs/2001.07685},
  year         = {2020},
  url          = {https://arxiv.org/abs/2001.07685},
  eprinttype    = {arXiv},
  eprint       = {2001.07685},
  timestamp    = {Wed, 21 Oct 2020 12:09:54 +0200},
  biburl       = {https://dblp.org/rec/journals/corr/abs-2001-07685.bib},
  bibsource    = {dblp computer science bibliography, https://dblp.org}
}

@inproceedings{Lee2013PseudoLabelT,
  title={Pseudo-Label : The Simple and Efficient Semi-Supervised Learning Method for Deep Neural Networks},
  author={Dong-Hyun Lee},
booktitle = {},
  year={2013},
  url={https://api.semanticscholar.org/CorpusID:18507866}

}

@INPROCEEDINGS{PanLogs,
  author={Pan, Jonathan and Liang, Wong Swee and Yidi, Yuan},
  booktitle={2024 IEEE World Forum on Public Safety Technology (WFPST)}, 
  title={RAGLog: Log Anomaly Detection using Retrieval Augmented Generation}, 
  year={2024},
  volume={},
  number={},
  pages={169-174},
  keywords={Fault diagnosis;Databases;Large language models;Pipelines;Digital forensics;Machine learning;Vectors;Log analysis;Retrieval Augmented Generation;Large Language Model},
  doi={10.1109/WFPST58552.2024.00034}}

@article{lewis2020retrieval,
  title={Retrieval-augmented generation for knowledge-intensive nlp tasks},
  author={Lewis, Patrick and Perez, Ethan and Piktus, Aleksandra and Petroni, Fabio and Karpukhin, Vladimir and Goyal, Naman and K{\"u}ttler, Heinrich and Lewis, Mike and Yih, Wen-tau and Rockt{\"a}schel, Tim and others},
  journal={Advances in Neural Information Processing Systems},
  volume={33},
  pages={9459--9474},
  year={2020}
}

@misc{nandakumar2023foundationalmodelsmalwareembeddings,
      title={Foundational Models for Malware Embeddings Using Spatio-Temporal Parallel Convolutional Networks}, 
      author={Dhruv Nandakumar and Devin Quinn and Elijah Soba and Eunyoung Kim and Christopher Redino and Chris Chan and Kevin Choi and Abdul Rahman and Edward Bowen},
      year={2023},
      eprint={2305.15488},
      archivePrefix={arXiv},
      primaryClass={cs.CR},
      url={https://arxiv.org/abs/2305.15488}, 
}

@article{ouali2020overview,
  title={An overview of deep semi-supervised learning},
  author={Ouali, Yassine and Hudelot, C{\'e}line and Tami, Myriam},
  journal={arXiv preprint arXiv:2006.05278},
  year={2020}
}

@article{shuster2021retrieval,
  title={Retrieval augmentation reduces hallucination in conversation},
  author={Shuster, Kurt and Poff, Spencer and Chen, Moya and Kiela, Douwe and Weston, Jason},
  journal={arXiv preprint arXiv:2104.07567},
  year={2021}
}

