@article{lecun2010mnist,
  title={MNIST handwritten digit database},
  author={LeCun, Yann and Cortes, Corinna and Burges, CJ},
  journal={ATT Labs [Online]. Available: http://yann.lecun.com/exdb/mnist},
  volume={2},
  year={2010}
}

@article{cohen_afshar_tapson_schaik_2017,
    title={EMNIST: Extending MNIST to handwritten letters},
    DOI={10.1109/ijcnn.2017.7966217},
    journal={2017 International Joint Conference on Neural Networks (IJCNN)},
    author={Cohen, Gregory and Afshar, Saeed and Tapson, Jonathan and Schaik, Andre Van},
    year={2017}
}

@misc{nandakumar2023foundationalmodelsmalwareembeddings,
      title={Foundational Models for Malware Embeddings Using Spatio-Temporal Parallel Convolutional Networks}, 
      author={Dhruv Nandakumar and Devin Quinn and Elijah Soba and Eunyoung Kim and Christopher Redino and Chris Chan and Kevin Choi and Abdul Rahman and Edward Bowen},
      year={2023},
      eprint={2305.15488},
      archivePrefix={arXiv},
      primaryClass={cs.CR},
      url={https://arxiv.org/abs/2305.15488}, 
}

@misc{hoffer2018deepmetriclearningusing,
      title={Deep metric learning using Triplet network}, 
      author={Elad Hoffer and Nir Ailon},
      year={2018},
      eprint={1412.6622},
      archivePrefix={arXiv},
      primaryClass={cs.LG},
      url={https://arxiv.org/abs/1412.6622}, 
}

@INPROCEEDINGS{PanLogs,
  author={Pan, Jonathan and Liang, Wong Swee and Yidi, Yuan},
  booktitle={2024 IEEE World Forum on Public Safety Technology (WFPST)}, 
  title={RAGLog: Log Anomaly Detection using Retrieval Augmented Generation}, 
  year={2024},
  volume={},
  number={},
  pages={169-174},
  keywords={Fault diagnosis;Databases;Large language models;Pipelines;Digital forensics;Machine learning;Vectors;Log analysis;Retrieval Augmented Generation;Large Language Model},
  doi={10.1109/WFPST58552.2024.00034}}

@article{Al_Jallad_2020,
   title={Anomaly detection optimization using big data and deep learning to reduce false-positive},
   volume={7},
   ISSN={2196-1115},
   url={http://dx.doi.org/10.1186/s40537-020-00346-1},
   DOI={10.1186/s40537-020-00346-1},
   number={1},
   journal={Journal of Big Data},
   publisher={Springer Science and Business Media LLC},
   author={Al Jallad, Khloud and Aljnidi, Mohamad and Desouki, Mohammad Said},
   year={2020},
   month=aug }

@article{li2013survey,
  title={A survey of network flow applications},
  author={Li, Bingdong and Springer, Jeff and Bebis, George and Gunes, Mehmet Hadi},
  journal={Journal of Network and Computer Applications},
  volume={36},
  number={2},
  pages={567--581},
  year={2013},
  publisher={Elsevier}
}
@article{lewis2020retrieval,
  title={Retrieval-augmented generation for knowledge-intensive nlp tasks},
  author={Lewis, Patrick and Perez, Ethan and Piktus, Aleksandra and Petroni, Fabio and Karpukhin, Vladimir and Goyal, Naman and K{\"u}ttler, Heinrich and Lewis, Mike and Yih, Wen-tau and Rockt{\"a}schel, Tim and others},
  journal={Advances in Neural Information Processing Systems},
  volume={33},
  pages={9459--9474},
  year={2020}
}
@article{pietraszek2005data,
  title={Data mining and machine learning—towards reducing false positives in intrusion detection},
  author={Pietraszek, Tadeusz and Tanner, Axel},
  journal={Information security technical report},
  volume={10},
  number={3},
  pages={169--183},
  year={2005},
  publisher={Elsevier}
}
@article{shuster2021retrieval,
  title={Retrieval augmentation reduces hallucination in conversation},
  author={Shuster, Kurt and Poff, Spencer and Chen, Moya and Kiela, Douwe and Weston, Jason},
  journal={arXiv preprint arXiv:2104.07567},
  year={2021}
}
@misc{maliciousurls,
      title={Malicious URLs dataset}, 
      author={Manu Siddhartha},
      year={2021},
      url={https://www.kaggle.com/datasets/sid321axn/malicious-urls-dataset}, 
}
@misc{lewis2021retrievalaugmentedgenerationknowledgeintensivenlp,
      title={Retrieval-Augmented Generation for Knowledge-Intensive NLP Tasks}, 
      author={Patrick Lewis and Ethan Perez and Aleksandra Piktus and Fabio Petroni and Vladimir Karpukhin and Naman Goyal and Heinrich Küttler and Mike Lewis and Wen-tau Yih and Tim Rocktäschel and Sebastian Riedel and Douwe Kiela},
      year={2021},
      eprint={2005.11401},
      archivePrefix={arXiv},
      primaryClass={cs.CL},
      url={https://arxiv.org/abs/2005.11401}, 
}
@misc{mikolov2013efficientestimationwordrepresentations,
      title={Efficient Estimation of Word Representations in Vector Space}, 
      author={Tomas Mikolov and Kai Chen and Greg Corrado and Jeffrey Dean},
      year={2013},
      eprint={1301.3781},
      archivePrefix={arXiv},
      primaryClass={cs.CL},
      url={https://arxiv.org/abs/1301.3781}, 
}
@inproceedings{pennington-etal-2014-glove,
    title = "{G}lo{V}e: Global Vectors for Word Representation",
    author = "Pennington, Jeffrey  and
      Socher, Richard  and
      Manning, Christopher",
    editor = "Moschitti, Alessandro  and
      Pang, Bo  and
      Daelemans, Walter",
    booktitle = "Proceedings of the 2014 Conference on Empirical Methods in Natural Language Processing ({EMNLP})",
    month = oct,
    year = "2014",
    address = "Doha, Qatar",
    publisher = "Association for Computational Linguistics",
    url = "https://aclanthology.org/D14-1162",
    doi = "10.3115/v1/D14-1162",
    pages = "1532--1543",
}
@misc{joulin2016bagtricksefficienttext,
    title={Bag of Tricks for Efficient Text Classification}, 
    author={Armand Joulin and Edouard Grave and Piotr Bojanowski and Tomas Mikolov},
    year={2016},
    eprint={1607.01759},
    archivePrefix={arXiv},
    primaryClass={cs.CL},
    url={https://arxiv.org/abs/1607.01759}, 
}
@inproceedings{JaccardDistributionDL,
    title={Distribution de la flore alpine dans le bassin des Dranses et dans quelques r{\'e}gions voisines},
    author={Paul Jaccard},
    url={https://api.semanticscholar.org/CorpusID:222435010},
    year={1901},
    booktitle={Bulletin de la Societe Vaudoise des Sciences Naturelles}
}
@misc{chen2019fastaccuratenetworkembeddings,
      title={Fast and Accurate Network Embeddings via Very Sparse Random Projection}, 
      author={Haochen Chen and Syed Fahad Sultan and Yingtao Tian and Muhao Chen and Steven Skiena},
      year={2019},
      eprint={1908.11512},
      archivePrefix={arXiv},
      primaryClass={cs.SI},
      url={https://arxiv.org/abs/1908.11512}, 
}

@article{ouali2020overview,
  title={An overview of deep semi-supervised learning},
  author={Ouali, Yassine and Hudelot, C{\'e}line and Tami, Myriam},
  journal={arXiv preprint arXiv:2006.05278},
  year={2020}
}

@inproceedings{Lee2013PseudoLabelT,
  title={Pseudo-Label : The Simple and Efficient Semi-Supervised Learning Method for Deep Neural Networks},
  author={Dong-Hyun Lee},
booktitle = {},
  year={2013},
  url={https://api.semanticscholar.org/CorpusID:18507866}

}
@article{DBLP:journals/corr/abs-1904-04717,
  author       = {Ahmet Iscen and
                  Giorgos Tolias and
                  Yannis Avrithis and
                  Ondrej Chum},
  title        = {Label Propagation for Deep Semi-supervised Learning},
  journal      = {CoRR},
  volume       = {abs/1904.04717},
  year         = {2019},
  url          = {http://arxiv.org/abs/1904.04717},
  eprinttype    = {arXiv},
  eprint       = {1904.04717},
  timestamp    = {Thu, 25 Apr 2019 13:55:01 +0200},
  biburl       = {https://dblp.org/rec/journals/corr/abs-1904-04717.bib},
  bibsource    = {dblp computer science bibliography, https://dblp.org}
}

@article{DBLP:journals/corr/abs-1908-02983,
  author       = {Eric Arazo and
                  Diego Ortego and
                  Paul Albert and
                  Noel E. O'Connor and
                  Kevin McGuinness},
  title        = {Pseudo-Labeling and Confirmation Bias in Deep Semi-Supervised Learning},
  journal      = {CoRR},
  volume       = {abs/1908.02983},
  year         = {2019},
  url          = {http://arxiv.org/abs/1908.02983},
  eprinttype    = {arXiv},
  eprint       = {1908.02983},
  timestamp    = {Thu, 14 Oct 2021 09:15:16 +0200},
  biburl       = {https://dblp.org/rec/journals/corr/abs-1908-02983.bib},
  bibsource    = {dblp computer science bibliography, https://dblp.org}
}

@article{DBLP:journals/corr/abs-2001-07685,
  author       = {Kihyuk Sohn and
                  David Berthelot and
                  Chun{-}Liang Li and
                  Zizhao Zhang and
                  Nicholas Carlini and
                  Ekin D. Cubuk and
                  Alex Kurakin and
                  Han Zhang and
                  Colin Raffel},
  title        = {FixMatch: Simplifying Semi-Supervised Learning with Consistency and
                  Confidence},
  journal      = {CoRR},
  volume       = {abs/2001.07685},
  year         = {2020},
  url          = {https://arxiv.org/abs/2001.07685},
  eprinttype    = {arXiv},
  eprint       = {2001.07685},
  timestamp    = {Wed, 21 Oct 2020 12:09:54 +0200},
  biburl       = {https://dblp.org/rec/journals/corr/abs-2001-07685.bib},
  bibsource    = {dblp computer science bibliography, https://dblp.org}
}

@ARTICLE{4787647,
  author={Chapelle, O. and Scholkopf, B. and Zien, Eds., A.},
  journal={IEEE Transactions on Neural Networks}, 
  title={Semi-Supervised Learning (Chapelle, O. et al., Eds.; 2006) [Book reviews]}, 
  year={2009},
  volume={20},
  number={3},
  pages={542-542},
  keywords={Semisupervised learning;Books;Unsupervised learning;Hidden Markov models;Benchmark testing;Image processing;Information retrieval;Image retrieval;Bioinformatics;Machine learning},
  doi={10.1109/TNN.2009.2015974}}

@ARTICLE{6814316,
  author={Hofstede, Rick and Čeleda, Pavel and Trammell, Brian and Drago, Idilio and Sadre, Ramin and Sperotto, Anna and Pras, Aiko},
  journal={IEEE Communications Surveys \& Tutorials}, 
  title={Flow Monitoring Explained: From Packet Capture to Data Analysis With NetFlow and IPFIX}, 
  year={2014},
  volume={16},
  number={4},
  pages={2037-2064},
  keywords={Telecommunication traffic;Telecommunication congestion control;Internet;Data analysis;High-speed networks;Electronic mail;Flow export;network monitoring;Internet measurements;NetFlow;IPFIX},
  doi={10.1109/COMST.2014.2321898}}
