@article{dai2023fine,
  title={Fine-grained open domain image animation with motion guidance},
  author={Dai, Zuozhuo and Zhang, Zhenghao and Yao, Yao and Qiu, Bingxue and Zhu, Siyu and Qin, Long and Wang, Weizhi},
  journal={arXiv preprint arXiv:2311.12886},
  year={2023}
}

@article{guo2023animatediff,
  title={Animatediff: Animate your personalized text-to-image diffusion models without specific tuning},
  author={Guo, Yuwei and Yang, Ceyuan and Rao, Anyi and Liang, Zhengyang and Wang, Yaohui and Qiao, Yu and Agrawala, Maneesh and Lin, Dahua and Dai, Bo},
  journal={arXiv preprint arXiv:2307.04725},
  year={2023}
}

@article{he2022latent,
  title={Latent video diffusion models for high-fidelity long video generation},
  author={He, Yingqing and Yang, Tianyu and Zhang, Yong and Shan, Ying and Chen, Qifeng},
  journal={arXiv preprint arXiv:2211.13221},
  year={2022}
}

@article{ho2022imagen,
  title={Imagen video: High definition video generation with diffusion models},
  author={Ho, Jonathan and Chan, William and Saharia, Chitwan and Whang, Jay and Gao, Ruiqi and Gritsenko, Alexey and Kingma, Diederik P and Poole, Ben and Norouzi, Mohammad and Fleet, David J and others},
  journal={arXiv preprint arXiv:2210.02303},
  year={2022}
}

@inproceedings{li2018video,
  title={Video generation from text},
  author={Li, Yitong and Min, Martin and Shen, Dinghan and Carlson, David and Carin, Lawrence},
  booktitle={Proceedings of the AAAI conference on artificial intelligence},
  volume={32},
  number={1},
  year={2018}
}

@inproceedings{ronneberger2015u,
  title={U-net: Convolutional networks for biomedical image segmentation},
  author={Ronneberger, Olaf and Fischer, Philipp and Brox, Thomas},
  booktitle={Medical image computing and computer-assisted intervention--MICCAI 2015: 18th international conference, Munich, Germany, October 5-9, 2015, proceedings, part III 18},
  pages={234--241},
  year={2015},
  organization={Springer}
}

@inproceedings{saito2017temporal,
  title={Temporal generative adversarial nets with singular value clipping},
  author={Saito, Masaki and Matsumoto, Eiichi and Saito, Shunta},
  booktitle={Proceedings of the IEEE international conference on computer vision},
  pages={2830--2839},
  year={2017}
}

@article{singer2022make,
  title={Make-a-video: Text-to-video generation without text-video data},
  author={Singer, Uriel and Polyak, Adam and Hayes, Thomas and Yin, Xi and An, Jie and Zhang, Songyang and Hu, Qiyuan and Yang, Harry and Ashual, Oron and Gafni, Oran and others},
  journal={arXiv preprint arXiv:2209.14792},
  year={2022}
}

@inproceedings{tulyakov2018mocogan,
  title={Mocogan: Decomposing motion and content for video generation},
  author={Tulyakov, Sergey and Liu, Ming-Yu and Yang, Xiaodong and Kautz, Jan},
  booktitle={Proceedings of the IEEE conference on computer vision and pattern recognition},
  pages={1526--1535},
  year={2018}
}

@article{wang2018video,
  title={Video-to-video synthesis},
  author={Wang, Ting-Chun and Liu, Ming-Yu and Zhu, Jun-Yan and Liu, Guilin and Tao, Andrew and Kautz, Jan and Catanzaro, Bryan},
  journal={arXiv preprint arXiv:1808.06601},
  year={2018}
}

@article{wang2023lavie,
  title={Lavie: High-quality video generation with cascaded latent diffusion models},
  author={Wang, Yaohui and Chen, Xinyuan and Ma, Xin and Zhou, Shangchen and Huang, Ziqi and Wang, Yi and Yang, Ceyuan and He, Yinan and Yu, Jiashuo and Yang, Peiqing and others},
  journal={arXiv preprint arXiv:2309.15103},
  year={2023}
}

@article{wang2023modelscope,
  title={Modelscope text-to-video technical report},
  author={Wang, Jiuniu and Yuan, Hangjie and Chen, Dayou and Zhang, Yingya and Wang, Xiang and Zhang, Shiwei},
  journal={arXiv preprint arXiv:2308.06571},
  year={2023}
}

@article{yin2023dragnuwa,
  title={Dragnuwa: Fine-grained control in video generation by integrating text, image, and trajectory},
  author={Yin, Shengming and Wu, Chenfei and Liang, Jian and Shi, Jie and Li, Houqiang and Ming, Gong and Duan, Nan},
  journal={arXiv preprint arXiv:2308.08089},
  year={2023}
}

