@ARTICLE{4427233,
  author={Nafaa, Abdelhamid and Taleb, Tarik and Murphy, Liam},
  journal={IEEE Communications Magazine}, 
  title={Forward error correction strategies for media streaming over wireless networks}, 
  year={2008},
  volume={46},
  number={1},
  pages={72-79},
  keywords={Streaming media;Forward error correction;Wireless networks;Parity check codes;Reed-Solomon codes;Error correction codes;Error correction;Video coding;Internet;Transport protocols},
  doi={10.1109/MCOM.2008.4427233}}

@article{BPG,
	title={{BPG} image format.},
	author={Bellard, Fabrice},
	journal={URL: https://bellard.org/bpg/},
}

@ARTICLE{VVC_intra,
  author={Pfaff, Jonathan and Filippov, Alexey and Liu, Shan and Zhao, Xin and Chen, Jianle and De-Luxán-Hernández, Santiago and Wiegand, Thomas and Rufitskiy, Vasily and Ramasubramonian, Adarsh Krishnan and Van der Auwera, Geert},
  journal={IEEE Transactions on Circuits and Systems for Video Technology}, 
  title={Intra Prediction and Mode Coding in VVC}, 
  year={2021},
  volume={31},
  number={10},
  pages={3834-3847},
  doi={10.1109/TCSVT.2021.3072430}}

@inproceedings{balle2016,
  title={End-to-end optimized image compression},
  author={Ball{\'e}, J. and Laparra, V. and Simoncelli, E. P.},
  booktitle={Proceedings of the International Conference on Learning Representations},
  year={2016}
}

@inproceedings{balle2018,
 title={Variational image compression with a scale hyperprior},
 author={Ball{\'e}, J. and Minnen, D. and Singh, S. and Hwang, S. J. and Johnston, N.},
 booktitle={Proceedings of the International Conference on Learning Representations},
 year={2018}
}

@inproceedings{balle2018integer,
  title={Integer networks for data compression with latent-variable models},
  author={Ball{\'e}, Johannes and Johnston, Nick and Minnen, David},
  booktitle={International Conference on Learning Representations},
  year={2018}
}

@article{balle2020nonlinear,
  title={Nonlinear transform coding},
  author={Ball{\'e}, J. and Chou, P. A and Minnen, D. and Singh, S. and Johnston, N. and Agustsson, E. and Hwang, S. J. and Toderici, G.},
  journal={IEEE Journal of Selected Topics in Signal Processing},
  volume={15},
  number={2},
  pages={339--353},
  year={2020},
  publisher={IEEE}
}

@inproceedings{cheng2020learned,
  title={Learned image compression with discretized gaussian mixture likelihoods and attention modules},
  author={Cheng, Zhengxue and Sun, Heming and Takeuchi, Masaru and Katto, Jiro},
  booktitle={Proceedings of the IEEE/CVF conference on computer vision and pattern recognition},
  pages={7939--7948},
  year={2020}
}

@article{guo2021causal,
  title={Causal contextual prediction for learned image compression},
  author={Guo, Zongyu and Zhang, Zhizheng and Feng, Runsen and Chen, Zhibo},
  journal={IEEE Transactions on Circuits and Systems for Video Technology},
  volume={32},
  number={4},
  pages={2329--2341},
  year={2021},
  publisher={IEEE}
}

@inproceedings{he2021checkerboard,
  title={Checkerboard context model for efficient learned image compression},
  author={He, Dailan and Zheng, Yaoyan and Sun, Baocheng and Wang, Yan and Qin, Hongwei},
  booktitle={Proceedings of the IEEE/CVF Conference on Computer Vision and Pattern Recognition},
  pages={14771--14780},
  year={2021}
}

@inproceedings{he2022elic,
  title={Elic: Efficient learned image compression with unevenly grouped space-channel contextual adaptive coding},
  author={He, Dailan and Yang, Ziming and Peng, Weikun and Ma, Rui and Qin, Hongwei and Wang, Yan},
  booktitle={Proceedings of the IEEE/CVF Conference on Computer Vision and Pattern Recognition},
  pages={5718--5727},
  year={2022}
}

@inproceedings{jiang2023mlic,
author = {Jiang, Wei and Yang, Jiayu and Zhai, Yongqi and Ning, Peirong and Gao, Feng and Wang, Ronggang},
title = {MLIC: Multi-Reference Entropy Model for Learned Image Compression},
year = {2023},
publisher = {Association for Computing Machinery},
doi = {10.1145/3581783.3611694},
booktitle = {Proceedings of the 31st ACM International Conference on Multimedia},
pages = {7618–7627}
}

@inproceedings{liu2023learned,
  title={Learned image compression with mixed transformer-cnn architectures},
  author={Liu, Jinming and Sun, Heming and Katto, Jiro},
  booktitle={Proceedings of the IEEE/CVF Conference on Computer Vision and Pattern Recognition},
  pages={14388--14397},
  year={2023}
}

@article{lu2022high,
  title={High-efficiency lossy image coding through adaptive neighborhood information aggregation},
  author={Lu, Ming and Chen, Fangdong and Pu, Shiliang and Ma, Zhan},
  journal={arXiv preprint arXiv:2204.11448},
  year={2022}
}

@inproceedings{mentzer2023m2t,
  title={M2T: Masking Transformers Twice for Faster Decoding},
  author={Mentzer, Fabian and Agustson, Eirikur and Tschannen, Michael},
  booktitle={Proceedings of the IEEE/CVF International Conference on Computer Vision},
  pages={5340--5349},
  year={2023}
}

@inproceedings{minnen2018,
	title={Joint autoregressive and hierarchical priors for learned image compression},
	author={Minnen, D. and Ball{\'e}, J. and Toderici, G. D},
	booktitle={Advances in Neural Information Processing Systems},
	pages={10771--10780},
	year={2018}
}

@inproceedings{minnen2020channel,
  title={Channel-wise autoregressive entropy models for learned image compression},
  author={Minnen, David and Singh, Saurabh},
  booktitle={2020 IEEE International Conference on Image Processing (ICIP)},
  pages={3339--3343},
  year={2020},
  organization={IEEE}
}

@inproceedings{msra_plc,
	author={Huaying Xue and Xiulian Peng and Xue Jiang and Yan Lu},
	title={{Towards Error-Resilient Neural Speech Coding}},
	year=2022,
	booktitle={Proc. Interspeech 2022},
	pages={4217--4221},
	doi={10.21437/Interspeech.2022-779}
}

@article{rd_theory,
  title={Rate-distortion theory},
  author={Berger, T.},
  journal={Wiley Encyclopedia of Telecommunications},
  year={2003},
  publisher={Wiley Online Library}
}

@article{tian2023towards,
  title={Towards Real-Time Neural Video Codec for Cross-Platform Application Using Calibration Information},
  author={Tian, Kuan and Guan, Yonghang and Xiang, Jinxi and Zhang, Jun and Han, Xiao and Yang, Wei},
  journal={arXiv preprint arXiv:2309.11276},
  year={2023}
}

@ARTICLE{trans_coding,
  author={Goyal, V.K.},
  journal={IEEE Signal Processing Magazine}, 
  title={Theoretical foundations of transform coding}, 
  year={2001},
  volume={18},
  number={5},
  pages={9-21},
  doi={10.1109/79.952802}
}

@article{wang2000error,
  title={Error resilient video coding techniques},
  author={Wang, Yao and Wenger, Stephan and Wen, Jiantao and Katsaggelos, Aggelos K},
  journal={IEEE Signal Processing Magazine},
  volume={17},
  number={4},
  pages={61--82},
  year={2000},
  publisher={IEEE}
}

@inproceedings{zou2022devil,
  title={The devil is in the details: Window-based attention for image compression},
  author={Zou, Renjie and Song, Chunfeng and Zhang, Zhaoxiang},
  booktitle={Proceedings of the IEEE/CVF conference on computer vision and pattern recognition},
  pages={17492--17501},
  year={2022}
}

