% packet loss models 
@ARTICLE{1510488,
  author={Carvalho, L. and Angeja, J. and Navarro, A.},
  journal={IEEE Transactions on Consumer Electronics}, 
  title={A new packet loss model of the IEEE 802.11g wireless network for multimedia communications}, 
  year={2005},
  volume={51},
  number={3},
  pages={809-814},
  doi={10.1109/TCE.2005.1510488}
}

@ARTICLE{4427233,
  author={Nafaa, Abdelhamid and Taleb, Tarik and Murphy, Liam},
  journal={IEEE Communications Magazine}, 
  title={Forward error correction strategies for media streaming over wireless networks}, 
  year={2008},
  volume={46},
  number={1},
  pages={72-79},
  keywords={Streaming media;Forward error correction;Wireless networks;Parity check codes;Reed-Solomon codes;Error correction codes;Error correction;Video coding;Internet;Transport protocols},
  doi={10.1109/MCOM.2008.4427233}}


@INPROCEEDINGS{749301,
  author={Yajnik, M. and Sue Moon and Kurose, J. and Towsley, D.},
  booktitle={IEEE INFOCOM '99. Conference on Computer Communications. Proceedings. Eighteenth Annual Joint Conference of the IEEE Computer and Communications Societies.}, 
  title={Measurement and modelling of the temporal dependence in packet loss}, 
  year={1999},
  volume={1},
  number={},
  pages={345-352 vol.1},
  doi={10.1109/INFCOM.1999.749301}
}
@inproceedings{mayorga2002recovering,
  title={Recovering of packet loss for distributed speech recognition},
  author={Mayorga, Pedro and Lamy, Richard and Besacier, Laurent},
  booktitle={2002 11th European Signal Processing Conference},
  pages={1--4},
  year={2002},
  organization={IEEE}
}
@inproceedings{milner2004analysis,
  title={An analysis of packet loss models for distributed speech recognition},
  author={Milner, Ben P and James, Alastair Bruce},
  booktitle={Eighth International Conference on Spoken Language Processing},
  year={2004}
}

@article{begaint2020compressai,
	title={CompressAI: a PyTorch library and evaluation platform for end-to-end compression research},
	author={B{\'e}gaint, Jean and Racap{\'e}, Fabien and Feltman, Simon and Pushparaja, Akshay},
	year={2020},
	journal={arXiv preprint arXiv:2011.03029},
}


@inproceedings{mentzer2023m2t,
  title={M2T: Masking Transformers Twice for Faster Decoding},
  author={Mentzer, Fabian and Agustson, Eirikur and Tschannen, Michael},
  booktitle={Proceedings of the IEEE/CVF International Conference on Computer Vision},
  pages={5340--5349},
  year={2023}
}

@article{el2022pqmim,
  title={Image Compression with Product Quantized Masked Image Modeling},
  author={El-Nouby, Alaaeldin and Muckley, Matthew J and Ullrich, Karen and Laptev, Ivan and Verbeek, Jakob and Jegou, Herve},
  journal={Transactions on Machine Learning Research},
  year={2022}
}

@article{mentzer2022vct,
  title={Vct: A video compression transformer},
  author={Mentzer, Fabian and Toderici, George and Minnen, David and Hwang, Sung-Jin and Caelles, Sergi and Lucic, Mario and Agustsson, Eirikur},
  journal={arXiv preprint arXiv:2206.07307},
  year={2022}
}



@inproceedings{chang2022maskgit,
  title={Maskgit: Masked generative image transformer},
  author={Chang, Huiwen and Zhang, Han and Jiang, Lu and Liu, Ce and Freeman, William T},
  booktitle={Proceedings of the IEEE/CVF Conference on Computer Vision and Pattern Recognition},
  pages={11315--11325},
  year={2022}
}

@inproceedings{li2023mage,
  title={Mage: Masked generative encoder to unify representation learning and image synthesis},
  author={Li, Tianhong and Chang, Huiwen and Mishra, Shlok and Zhang, Han and Katabi, Dina and Krishnan, Dilip},
  booktitle={Proceedings of the IEEE/CVF Conference on Computer Vision and Pattern Recognition},
  pages={2142--2152},
  year={2023}
}

@article{chen2023towards,
  title={Towards robust neural image compression: Adversarial attack and model finetuning},
  author={Chen, Tong and Ma, Zhan},
  journal={IEEE Transactions on Circuits and Systems for Video Technology},
  year={2023},
  publisher={IEEE}
}

@article{tian2023towards,
  title={Towards Real-Time Neural Video Codec for Cross-Platform Application Using Calibration Information},
  author={Tian, Kuan and Guan, Yonghang and Xiang, Jinxi and Zhang, Jun and Han, Xiao and Yang, Wei},
  journal={arXiv preprint arXiv:2309.11276},
  year={2023}
}

@inproceedings{balle2018integer,
  title={Integer networks for data compression with latent-variable models},
  author={Ball{\'e}, Johannes and Johnston, Nick and Minnen, David},
  booktitle={International Conference on Learning Representations},
  year={2018}
}

@inproceedings{yu2023backdoor,
  title={Backdoor attacks against deep image compression via adaptive frequency trigger},
  author={Yu, Yi and Wang, Yufei and Yang, Wenhan and Lu, Shijian and Tan, Yap-Peng and Kot, Alex C},
  booktitle={Proceedings of the IEEE/CVF Conference on Computer Vision and Pattern Recognition},
  pages={12250--12259},
  year={2023}
}

@article{cheng2023grace++,
  title={Grace++: Loss-Resilient Real-Time Video Communication under High Network Latency},
  author={Cheng, Yihua and Arapin, Anton and Zhang, Ziyi and Zhang, Qizheng and Li, Hanchen and Feamster, Nick and Jiang, Junchen},
  journal={arXiv preprint arXiv:2305.12333},
  year={2023}
}

@article{bhaskaran1997image,
  title={Image and video compression standards: algorithms and architectures},
  author={Bhaskaran, Vasudev and Konstantinides, Konstantinos},
  year={1997},
  publisher={Springer Science \& Business Media}
}

% traditional codec

@article{JPEG,
	title={The {JPEG} still picture compression standard},
	author={Wallace, G. K.},
	journal={Communications of the ACM},
	volume={38},
	number={1},
	pages={xviii--xxxiv},
	year={1992},
}

@article{JPEG2000,
	title={{JPEG2000}: Image compression fundamentals, standards and practice},
	author={Rabbani, M.},
	journal={Journal of Electronic Imaging},
	volume={11},
	number={2},
	pages={286},
	year={2002},
	publisher={International Society for Optics and Photonics}
}

@article{BPG,
	title={{BPG} image format.},
	author={Bellard, Fabrice},
	journal={URL: https://bellard.org/bpg/},
}

@article{HEVC,
  title={Overview of the high efficiency video coding {(HEVC)} standard},
  author={Sullivan, G. J and Ohm, J.-R. and Han, W.-J. and Wiegand, T.},
  journal={IEEE Transactions on Circuits and Systems for Video Technology},
  volume={22},
  number={12},
  pages={1649--1668},
  year={2012},
  publisher={IEEE}
}

@ARTICLE{VVC_intra,
  author={Pfaff, Jonathan and Filippov, Alexey and Liu, Shan and Zhao, Xin and Chen, Jianle and De-Luxán-Hernández, Santiago and Wiegand, Thomas and Rufitskiy, Vasily and Ramasubramonian, Adarsh Krishnan and Van der Auwera, Geert},
  journal={IEEE Transactions on Circuits and Systems for Video Technology}, 
  title={Intra Prediction and Mode Coding in VVC}, 
  year={2021},
  volume={31},
  number={10},
  pages={3834-3847},
  doi={10.1109/TCSVT.2021.3072430}}


@article{VVC,
  title={Developments in international video coding standardization after avc, with an overview of versatile video coding {(VVC)}},
  author={Bross, B. and Chen, J. and Ohm, J.-R. and Sullivan, G. J and Wang, Y.-K.},
  journal={Proceedings of the IEEE},
  volume={109},
  number={9},
  pages={1463--1493},
  year={2021},
  publisher={IEEE}
}

% NTC
@inproceedings{minnen2020channel,
  title={Channel-wise autoregressive entropy models for learned image compression},
  author={Minnen, David and Singh, Saurabh},
  booktitle={2020 IEEE International Conference on Image Processing (ICIP)},
  pages={3339--3343},
  year={2020},
  organization={IEEE}
}

@inproceedings{jiang2023mlic,
author = {Jiang, Wei and Yang, Jiayu and Zhai, Yongqi and Ning, Peirong and Gao, Feng and Wang, Ronggang},
title = {MLIC: Multi-Reference Entropy Model for Learned Image Compression},
year = {2023},
publisher = {Association for Computing Machinery},
doi = {10.1145/3581783.3611694},
booktitle = {Proceedings of the 31st ACM International Conference on Multimedia},
pages = {7618–7627}
}

@article{guo2021causal,
  title={Causal contextual prediction for learned image compression},
  author={Guo, Zongyu and Zhang, Zhizheng and Feng, Runsen and Chen, Zhibo},
  journal={IEEE Transactions on Circuits and Systems for Video Technology},
  volume={32},
  number={4},
  pages={2329--2341},
  year={2021},
  publisher={IEEE}
}

@article{yang2023introduction,
author = {Yang, Yibo and Mandt, Stephan and Theis, Lucas},
title = {An Introduction to Neural Data Compression},
year = {2023},
issue_date = {Apr 2023},
publisher = {Now Publishers Inc.},
address = {Hanover, MA, USA},
volume = {15},
number = {2},
issn = {1572-2740},
url = {https://doi.org/10.1561/0600000107},
doi = {10.1561/0600000107},
journal = {Found. Trends. Comput. Graph. Vis.},
month = {apr},
pages = {113–200},
numpages = {100}
}

    @inproceedings{ctc,
        author    = {Jeon, Seungmin and Choi, Kwang Pyo and Park, Youngo and Kim, Chang-Su}, 
        title     = {Context-Based Trit-Plane Coding for Progressive Image Compression}, 
        booktitle = {{Proceedings of the IEEE Conference on Computer Vision and Pattern Recognition}},
        year      = {2023}
    }

@InProceedings{dpict,
    author    = {Lee, Jae-Han and Jeon, Seungmin and Choi, Kwang Pyo and Park, Youngo and Kim, Chang-Su},
    title     = {DPICT: Deep Progressive Image Compression Using Trit-Planes},
    booktitle = {Proceedings of the IEEE/CVF Conference on Computer Vision and Pattern Recognition (CVPR)},
    month     = {June},
    year      = {2022},
    pages     = {16113-16122}
}

@inproceedings{he2022elic,
  title={Elic: Efficient learned image compression with unevenly grouped space-channel contextual adaptive coding},
  author={He, Dailan and Yang, Ziming and Peng, Weikun and Ma, Rui and Qin, Hongwei and Wang, Yan},
  booktitle={Proceedings of the IEEE/CVF Conference on Computer Vision and Pattern Recognition},
  pages={5718--5727},
  year={2022}
}

@article{balle2020nonlinear,
  title={Nonlinear transform coding},
  author={Ball{\'e}, J. and Chou, P. A and Minnen, D. and Singh, S. and Johnston, N. and Agustsson, E. and Hwang, S. J. and Toderici, G.},
  journal={IEEE Journal of Selected Topics in Signal Processing},
  volume={15},
  number={2},
  pages={339--353},
  year={2020},
  publisher={IEEE}
}

@inproceedings{he2021checkerboard,
  title={Checkerboard context model for efficient learned image compression},
  author={He, Dailan and Zheng, Yaoyan and Sun, Baocheng and Wang, Yan and Qin, Hongwei},
  booktitle={Proceedings of the IEEE/CVF Conference on Computer Vision and Pattern Recognition},
  pages={14771--14780},
  year={2021}
}

@inproceedings{balle2016,
  title={End-to-end optimized image compression},
  author={Ball{\'e}, J. and Laparra, V. and Simoncelli, E. P.},
  booktitle={Proceedings of the International Conference on Learning Representations},
  year={2016}
}


@inproceedings{balle2018,
 title={Variational image compression with a scale hyperprior},
 author={Ball{\'e}, J. and Minnen, D. and Singh, S. and Hwang, S. J. and Johnston, N.},
 booktitle={Proceedings of the International Conference on Learning Representations},
 year={2018}
}

@inproceedings{cheng2020learned,
  title={Learned image compression with discretized gaussian mixture likelihoods and attention modules},
  author={Cheng, Zhengxue and Sun, Heming and Takeuchi, Masaru and Katto, Jiro},
  booktitle={Proceedings of the IEEE/CVF conference on computer vision and pattern recognition},
  pages={7939--7948},
  year={2020}
}

@inproceedings{minnen2018,
	title={Joint autoregressive and hierarchical priors for learned image compression},
	author={Minnen, D. and Ball{\'e}, J. and Toderici, G. D},
	booktitle={Advances in Neural Information Processing Systems},
	pages={10771--10780},
	year={2018}
}

@inproceedings{zhu2021transformer,
  title={Transformer-based transform coding},
  author={Zhu, Yinhao and Yang, Yang and Cohen, Taco},
  booktitle={International Conference on Learning Representations},
  year={2021}
}

@article{lu2022high,
  title={High-efficiency lossy image coding through adaptive neighborhood information aggregation},
  author={Lu, Ming and Chen, Fangdong and Pu, Shiliang and Ma, Zhan},
  journal={arXiv preprint arXiv:2204.11448},
  year={2022}
}

@inproceedings{liu2023learned,
  title={Learned image compression with mixed transformer-cnn architectures},
  author={Liu, Jinming and Sun, Heming and Katto, Jiro},
  booktitle={Proceedings of the IEEE/CVF Conference on Computer Vision and Pattern Recognition},
  pages={14388--14397},
  year={2023}
}

@inproceedings{zou2022devil,
  title={The devil is in the details: Window-based attention for image compression},
  author={Zou, Renjie and Song, Chunfeng and Zhang, Zhaoxiang},
  booktitle={Proceedings of the IEEE/CVF conference on computer vision and pattern recognition},
  pages={17492--17501},
  year={2022}
}

@inproceedings{lu2022transformer,
  title={Transformer-based Image Compression},
  author={Lu, Ming and Guo, Peiyao and Shi, Huiqing and Cao, Chuntong and Ma, Zhan},
  booktitle={2022 Data Compression Conference (DCC)},
  pages={469--469},
  year={2022},
  organization={IEEE}
}

@article{rd_theory,
  title={Rate-distortion theory},
  author={Berger, T.},
  journal={Wiley Encyclopedia of Telecommunications},
  year={2003},
  publisher={Wiley Online Library}
}

@article{witten1987arithmetic,
  title={Arithmetic coding for data compression},
  author={Witten, I. H and Neal, R. M and Cleary, J. G},
  journal={Communications of the ACM},
  volume={30},
  number={6},
  pages={520--540},
  year={1987},
  publisher={ACM New York, NY, USA}
}

@ARTICLE{trans_coding,
  author={Goyal, V.K.},
  journal={IEEE Signal Processing Magazine}, 
  title={Theoretical foundations of transform coding}, 
  year={2001},
  volume={18},
  number={5},
  pages={9-21},
  doi={10.1109/79.952802}
}

@article{CLIC21,
 title = {{Challenge on Learned Image Compression.}},
 journal={[Online]. Available: http://www.compression.cc/challenge/},
 year = {2021}
}

@article{ELICReimplementation,
 title = {{A Pytorch Implementation of ELIC.}},
 journal={[Online]. Available: https://github.com/VincentChandelier/ELiC-ReImplemetation},
 year = {2022}
}


@article{Kodak,
 title = {{Kodak PhotoCD dataset}},
 journal={URL: http://r0k.us/graphics/kodak/},
 year = {1993}
}

@inproceedings{agustsson2017ntire,
	title={Ntire 2017 challenge on single image super-resolution: Dataset and study},
	author={Agustsson, E. and Timofte, R.},
	booktitle={Proceedings of the IEEE Conference on Computer Vision and Pattern Recognition Workshops},
	pages={126--135},
	year={2017}
}

@inproceedings{msssim,
  title={Multiscale structural similarity for image quality assessment},
  author={Wang, Z. and Simoncelli, E. P and Bovik, A. C},
  booktitle={Proceedings of the The Thrity-Seventh Asilomar Conference on Signals, Systems \& Computers},
  volume={2},
  pages={1398--1402},
  year={2003},
  organization={IEEE}
}

@inproceedings{lpips,
  title={The unreasonable effectiveness of deep features as a perceptual metric},
  author={Zhang, R. and Isola, P. and Efros, A. A and Shechtman, E. and Wang, O.},
  booktitle={Proceedings of the IEEE Conference on Computer Vision and Pattern Recognition},
  pages={586--595},
  year={2018}
}

@online{bitmovin,
  author = {Bitmovin},
  title = {THE 6TH ANNUAL BITMOVIN VIDEO DEVELOPER REPORT},
  year = 2022,
  url = {https://bitmovin.com/video-developer-report/}
}

@article{zhai2005joint,
  title={Joint source-channel coding for video communications},
  author={Zhai, Fan and Eisenberg, Yiftach and Katsaggelos, Aggelos K},
  journal={Handbook of Image and Video Processing},
  pages={1065--1082},
  year={2005},
  publisher={Academic Burlington, VT, USA}
}

@article{wang2000error,
  title={Error resilient video coding techniques},
  author={Wang, Yao and Wenger, Stephan and Wen, Jiantao and Katsaggelos, Aggelos K},
  journal={IEEE Signal Processing Magazine},
  volume={17},
  number={4},
  pages={61--82},
  year={2000},
  publisher={IEEE}
}

@article{bjontegaard2001calculation,
	title={Calculation of average {PSNR} differences between {RD-curves}},
	author={Bj{\o}ntegaard, G.},
	journal={VCEG-M33},
	year={2001}
}

@inproceedings{girod1995comparison,
  title={Comparison of the H. 263 and H. 261 video compression standards},
  author={Girod, Bernd and Steinbach, Eckehard G and Faerber, Niko},
  booktitle={Standards and Common Interfaces for Video Information Systems: A Critical Review},
  volume={10282},
  pages={230--248},
  year={1995},
  organization={SPIE}
}

@article{bross2021overview,
  title={Overview of the versatile video coding (VVC) standard and its applications},
  author={Bross, Benjamin and Wang, Ye-Kui and Ye, Yan and Liu, Shan and Chen, Jianle and Sullivan, Gary J and Ohm, Jens-Rainer},
  journal={IEEE Transactions on Circuits and Systems for Video Technology},
  volume={31},
  number={10},
  pages={3736--3764},
  year={2021},
  publisher={IEEE}
}

@online{WebRTC,
  author = {WebRTC.Org.},
  title = {WebRTC Native Code.},
  url = {https://webrtc.org/native-code.}
}

@inproceedings{rudow2023tambur,
  title={Tambur: Efficient loss recovery for videoconferencing via streaming codes},
  author={Rudow, Michael and Yan, Francis Y and Kumar, Abhishek and Ananthanarayanan, Ganesh and Ellis, Martin and Rashmi, KV},
  booktitle={20th USENIX Symposium on Networked Systems Design and Implementation (NSDI 23)},
  pages={953--971},
  year={2023}
}

@article{wang1998error,
  author={Yao Wang and Qin-Fan Zhu},
  journal={Proceedings of the IEEE}, 
  title={Error control and concealment for video communication: a review}, 
  year={1998},
  volume={86},
  number={5},
  pages={974-997},
  doi={10.1109/5.664283}
}
 

@inproceedings{liu2021swin,
  title={Swin transformer: Hierarchical vision transformer using shifted windows},
  author={Liu, Ze and Lin, Yutong and Cao, Yue and Hu, Han and Wei, Yixuan and Zhang, Zheng and Lin, Stephen and Guo, Baining},
  booktitle={Proceedings of the IEEE/CVF international conference on computer vision},
  pages={10012--10022},
  year={2021}
}


% Shannon

@book{cover1999elements,
	title={Elements of information theory},
	author={Cover, Thomas M},
	year={1999},
	publisher={John Wiley \& Sons}
}


@book{jakub2022deep,
	title={Deep Generative Modeling},
	author={Jakub M. Tomczak},
	year={2022},
	publisher={Springer, Cham}
}


% Speech PLC

@inproceedings{msra_plc,
	author={Huaying Xue and Xiulian Peng and Xue Jiang and Yan Lu},
	title={{Towards Error-Resilient Neural Speech Coding}},
	year=2022,
	booktitle={Proc. Interspeech 2022},
	pages={4217--4221},
	doi={10.21437/Interspeech.2022-779}
}