% Use this file for citations not found in the ACL Anthology (contained in "anthology.bib").

@inproceedings{mohammad2016semeval,
  title={Semeval-2016 task 6: Detecting stance in tweets},
  author={Mohammad, Saif and Kiritchenko, Svetlana and Sobhani, Parinaz and Zhu, Xiaodan and Cherry, Colin},
  booktitle={Proceedings of the 10th international workshop on semantic evaluation (SemEval-2016)},
  pages={31--41},
  year={2016}
}

@article{kuccuk2020stance,
  title={Stance detection: A survey},
  author={K{\"u}{\c{c}}{\"u}k, Dilek and Can, Fazli},
  journal={ACM Computing Surveys (CSUR)},
  volume={53},
  number={1},
  pages={1--37},
  year={2020},
  publisher={ACM New York, NY, USA}
}

@inproceedings{sobhani2017dataset,
  title={A dataset for multi-target stance detection},
  author={Sobhani, Parinaz and Inkpen, Diana and Zhu, Xiaodan},
  booktitle={Proceedings of the 15th Conference of the European Chapter of the Association for Computational Linguistics: Volume 2, Short Papers},
  pages={551--557},
  year={2017}
}

@article{allaway2020zero,
  title={Zero-shot stance detection: A dataset and model using generalized topic representations},
  author={Allaway, Emily and McKeown, Kathleen},
  journal={arXiv preprint arXiv:2010.03640},
  year={2020}
}

@article{aldayel2021stance,
  title={Stance detection on social media: State of the art and trends},
  author={AlDayel, Abeer and Magdy, Walid},
  journal={Information Processing \& Management},
  volume={58},
  number={4},
  pages={102597},
  year={2021},
  publisher={Elsevier}
}

@article{loh2024predicting,
  title={Predicting User Stances from Target-Agnostic Information using Large Language Models},
  author={Loh, Siyuan Brandon and Wong, Liang Ze and Bhattacharya, Prasanta and Simons, Joseph and Gao, Wei and Zhang, Hong},
  journal={arXiv preprint arXiv:2409.14395},
  year={2024}
}
@inproceedings{li2021p,
  title={P-stance: A large dataset for stance detection in political domain},
  author={Li, Yingjie and Sosea, Tiberiu and Sawant, Aditya and Nair, Ajith Jayaraman and Inkpen, Diana and Caragea, Cornelia},
  booktitle={Findings of the Association for Computational Linguistics: ACL-IJCNLP 2021},
  pages={2355--2365},
  year={2021}
}

@article{conforti2020will,
  title={Will-they-won't-they: A very large dataset for stance detection on twitter},
  author={Conforti, Costanza and Berndt, Jakob and Pilehvar, Mohammad Taher and Giannitsarou, Chryssi and Toxvaerd, Flavio and Collier, Nigel},
  journal={arXiv preprint arXiv:2005.00388},
  year={2020}
}

@article{villa2020stance,
  title={Stance in replies and quotes (srq): A new dataset for learning stance in twitter conversations},
  author={Villa-Cox, Ramon and Kumar, Sumeet and Babcock, Matthew and Carley, Kathleen M},
  journal={arXiv preprint arXiv:2006.00691},
  year={2020}
}

@inproceedings{zotova2020multilingual,
  title={Multilingual stance detection in tweets: The Catalonia independence corpus},
  author={Zotova, Elena and Agerri, Rodrigo and Nu{\~n}ez, Manuel and Rigau, German},
  booktitle={Proceedings of the Twelfth Language Resources and Evaluation Conference},
  pages={1368--1375},
  year={2020}
}

@misc{vamvas2003x,
  title={X-stance: a multilingual multi-target dataset for stance detection. CoRR abs/2003.08385 (2020)},
  author={Vamvas, Jannis and Sennrich, Rico},
  year={2003}
}

@article{lai2020multilingual,
  title={Multilingual stance detection in social media political debates},
  author={Lai, Mirko and Cignarella, Alessandra Teresa and Far{\'\i}as, Delia Iraz{\'u} Hern{\'a}ndez and Bosco, Cristina and Patti, Viviana and Rosso, Paolo},
  journal={Computer Speech \& Language},
  volume={63},
  pages={101075},
  year={2020},
  publisher={Elsevier}
}

@inproceedings{glandt2021stance,
  title={Stance detection in COVID-19 tweets},
  author={Glandt, Kyle and Khanal, Sarthak and Li, Yingjie and Caragea, Doina and Caragea, Cornelia},
  booktitle={Proceedings of the 59th annual meeting of the association for computational linguistics and the 11th international joint conference on natural language processing (long papers)},
  volume={1},
  year={2021}
}

@inproceedings{gyawali2024gunstance,
  title={GunStance: Stance Detection for Gun Control and Gun Regulation},
  author={Gyawali, Nikesh and Sirbu, Iustin and Sosea, Tiberiu and Khanal, Sarthak and Caragea, Doina and Rebedea, Traian and Caragea, Cornelia},
  booktitle={Proceedings of the 62nd Annual Meeting of the Association for Computational Linguistics (Volume 1: Long Papers)},
  pages={12027--12044},
  year={2024}
}

@article{xu2022openstance,
  title={Openstance: Real-world zero-shot stance detection},
  author={Xu, Hanzi and Vucetic, Slobodan and Yin, Wenpeng},
  journal={arXiv preprint arXiv:2210.14299},
  year={2022}
}

@article{khiabani2024cross,
  title={Cross-Target Stance Detection: A Survey of Techniques, Datasets, and Challenges},
  author={Khiabani, Parisa Jamadi and Zubiaga, Arkaitz},
  journal={arXiv preprint arXiv:2409.13594},
  year={2024}
}

@article{alturayeif2023systematic,
  title={A systematic review of machine learning techniques for stance detection and its applications},
  author={Alturayeif, Nora and Luqman, Hamzah and Ahmed, Moataz},
  journal={Neural Computing and Applications},
  volume={35},
  number={7},
  pages={5113--5144},
  year={2023},
  publisher={Springer}
}

@article{kockelman2004stance,
  title={Stance and subjectivity},
  author={Kockelman, Paul},
  journal={Journal of Linguistic Anthropology},
  volume={14},
  number={2},
  pages={127--150},
  year={2004},
  publisher={Wiley Online Library}
}

@article{du2007stance,
  title={The stance triangle},
  author={Du Bois, John W},
  journal={Stancetaking in discourse: Subjectivity, evaluation, interaction},
  volume={164},
  number={3},
  pages={139--182},
  year={2007}
}

@article{aldayel2019your,
  title={Your stance is exposed! analysing possible factors for stance detection on social media},
  author={Aldayel, Abeer and Magdy, Walid},
  journal={Proceedings of the ACM on Human-Computer Interaction},
  volume={3},
  number={CSCW},
  pages={1--20},
  year={2019},
  publisher={ACM New York, NY, USA}
}

@article{huang2022stance,
  title={Stance detection based on user feature fusion},
  author={Huang, Weidong and Wang, Yuan and Yang, Jinyuan and Xu, Yijun},
  journal={Computational Intelligence and Neuroscience},
  volume={2022},
  number={1},
  pages={5738404},
  year={2022},
  publisher={Wiley Online Library}
}

@inproceedings{benton2018using,
  title={Using author embeddings to improve tweet stance classification},
  author={Benton, Adrian and Dredze, Mark},
  booktitle={Proceedings of the 2018 EMNLP workshop W-NUT: the 4th workshop on noisy user-generated text},
  pages={184--194},
  year={2018}
}

@article{yang2017overcoming,
  title={Overcoming language variation in sentiment analysis with social attention},
  author={Yang, Yi and Eisenstein, Jacob},
  journal={Transactions of the Association for Computational Linguistics},
  volume={5},
  pages={295--307},
  year={2017},
  publisher={MIT Press One Rogers Street, Cambridge, MA 02142-1209, USA journals-info~â€¦}
}

@inproceedings{samih2021few,
  title={A few topical tweets are enough for effective user stance detection},
  author={Samih, Younes and Darwish, Kareem},
  booktitle={Proceedings of the 16th Conference of the European Chapter of the Association for Computational Linguistics: Main Volume},
  pages={2637--2646},
  year={2021}
}

@article{song2022learning,
  title={Learning from noisy labels with deep neural networks: A survey},
  author={Song, Hwanjun and Kim, Minseok and Park, Dongmin and Shin, Yooju and Lee, Jae-Gil},
  journal={IEEE transactions on neural networks and learning systems},
  volume={34},
  number={11},
  pages={8135--8153},
  year={2022},
  publisher={IEEE}
}

@article{northcutt2021pervasive,
  title={Pervasive label errors in test sets destabilize machine learning benchmarks},
  author={Northcutt, Curtis G and Athalye, Anish and Mueller, Jonas},
  journal={arXiv preprint arXiv:2103.14749},
  year={2021}
}

@article{northcutt2021confident,
  title={Confident learning: Estimating uncertainty in dataset labels},
  author={Northcutt, Curtis and Jiang, Lu and Chuang, Isaac},
  journal={Journal of Artificial Intelligence Research},
  volume={70},
  pages={1373--1411},
  year={2021}
}

@inproceedings{zhu2022detecting,
  title={Detecting corrupted labels without training a model to predict},
  author={Zhu, Zhaowei and Dong, Zihao and Liu, Yang},
  booktitle={International conference on machine learning},
  pages={27412--27427},
  year={2022},
  organization={PMLR}
}

@article{zhu2023unmasking,
  title={Unmasking and improving data credibility: A study with datasets for training harmless language models},
  author={Zhu, Zhaowei and Wang, Jialu and Cheng, Hao and Liu, Yang},
  journal={arXiv preprint arXiv:2311.11202},
  year={2023}
}

@article{chong2022detecting,
  title={Detecting label errors by using pre-trained language models},
  author={Chong, Derek and Hong, Jenny and Manning, Christopher D},
  journal={arXiv preprint arXiv:2205.12702},
  year={2022}
}

@inproceedings{ghosh2019stance,
  title={Stance detection in web and social media: a comparative study},
  author={Ghosh, Shalmoli and Singhania, Prajwal and Singh, Siddharth and Rudra, Koustav and Ghosh, Saptarshi},
  booktitle={Experimental IR Meets Multilinguality, Multimodality, and Interaction: 10th International Conference of the CLEF Association, CLEF 2019, Lugano, Switzerland, September 9--12, 2019, Proceedings 10},
  pages={75--87},
  year={2019},
  organization={Springer}
}

@article{he2022infusing,
  title={Infusing knowledge from wikipedia to enhance stance detection},
  author={He, Zihao and Mokhberian, Negar and Lerman, Kristina},
  journal={arXiv preprint arXiv:2204.03839},
  year={2022}
}

@article{hanawa2019stance,
  title={Stance detection attending external knowledge from wikipedia},
  author={Hanawa, Kazuaki and Sasaki, Akira and Okazaki, Naoaki and Inui, Kentaro},
  journal={Journal of Information Processing},
  volume={27},
  pages={499--506},
  year={2019},
  publisher={Information Processing Society of Japan}
}

@inproceedings{li2021improving,
  title={Improving stance detection with multi-dataset learning and knowledge distillation},
  author={Li, Yingjie and Zhao, Chenye and Caragea, Cornelia},
  booktitle={Proceedings of the 2021 Conference on Empirical Methods in Natural Language Processing},
  pages={6332--6345},
  year={2021}
}

@article{zhang2022would,
  title={How would stance detection techniques evolve after the launch of chatgpt?},
  author={Zhang, Bowen and Ding, Daijun and Jing, Liwen},
  journal={arXiv preprint arXiv:2212.14548},
  year={2022}
}

@article{cruickshank2023use,
  title={Use of large language models for stance classification},
  author={Cruickshank, Iain J and Xian Ng, Lynnette Hui},
  journal={arXiv e-prints},
  pages={arXiv--2309},
  year={2023}
}

@inproceedings{lan2024stance,
  title={Stance detection with collaborative role-infused llm-based agents},
  author={Lan, Xiaochong and Gao, Chen and Jin, Depeng and Li, Yong},
  booktitle={Proceedings of the International AAAI Conference on Web and Social Media},
  volume={18},
  pages={891--903},
  year={2024}
}

@article{li2024advancing,
  title={Advancing Annotation of Stance in Social Media Posts: A Comparative Analysis of Large Language Models and Crowd Sourcing},
  author={Li, Mao and Conrad, Frederick},
  journal={arXiv preprint arXiv:2406.07483},
  year={2024}
}

@article{gatto2023chain,
  title={Chain-of-Thought Embeddings for Stance Detection on Social Media},
  author={Gatto, Joseph and Sharif, Omar and Preum, Sarah Masud},
  journal={arXiv preprint arXiv:2310.19750},
  year={2023}
}

@article{zhang2015character,
  title={Character-level convolutional networks for text classification},
  author={Zhang, Xiang and Zhao, Junbo and LeCun, Yann},
  journal={Advances in neural information processing systems},
  volume={28},
  year={2015}
}

@inproceedings{maas2011learning,
  title={Learning word vectors for sentiment analysis},
  author={Maas, Andrew and Daly, Raymond E and Pham, Peter T and Huang, Dan and Ng, Andrew Y and Potts, Christopher},
  booktitle={Proceedings of the 49th annual meeting of the association for computational linguistics: Human language technologies},
  pages={142--150},
  year={2011}
}

@article{weber2024varierr,
  title={VariErr NLI: Separating Annotation Error from Human Label Variation},
  author={Weber-Genzel, Leon and Peng, Siyao and de Marneffe, Marie-Catherine and Plank, Barbara},
  journal={arXiv preprint arXiv:2403.01931},
  year={2024}
}

@inproceedings{cabrera2014systematic,
  title={Systematic labeling bias: De-biasing where everyone is wrong},
  author={Cabrera, Guillermo F and Miller, Christopher J and Schneider, Jeff},
  booktitle={2014 22nd International Conference on Pattern Recognition},
  pages={4417--4422},
  year={2014},
  organization={IEEE}
}

@inproceedings{borge2015content,
  title={Content and network dynamics behind Egyptian political polarization on Twitter},
  author={Borge-Holthoefer, Javier and Magdy, Walid and Darwish, Kareem and Weber, Ingmar},
  booktitle={Proceedings of the 18th ACM conference on computer supported cooperative work \& social computing},
  pages={700--711},
  year={2015}
}

@article{xiong2023can,
  title={Can llms express their uncertainty? an empirical evaluation of confidence elicitation in llms},
  author={Xiong, Miao and Hu, Zhiyuan and Lu, Xinyang and Li, Yifei and Fu, Jie and He, Junxian and Hooi, Bryan},
  journal={arXiv preprint arXiv:2306.13063},
  year={2023}
}

@article{garg2024stanceformer,
  title={Stanceformer: Target-Aware Transformer for Stance Detection},
  author={Garg, Krishna and Caragea, Cornelia},
  journal={arXiv preprint arXiv:2410.07083},
  year={2024}
}

@article{klie2024analyzing,
  title={Analyzing dataset annotation quality management in the wild},
  author={Klie, Jan-Christoph and Castilho, Richard Eckart de and Gurevych, Iryna},
  journal={Computational Linguistics},
  volume={50},
  number={3},
  pages={817--866},
  year={2024},
  publisher={MIT Press 255 Main Street, 9th Floor, Cambridge, Massachusetts 02142, USA~â€¦}
}

@inproceedings{stoica2021re,
  title={Re-tacred: Addressing shortcomings of the tacred dataset},
  author={Stoica, George and Platanios, Emmanouil Antonios and P{\'o}czos, Barnab{\'a}s},
  booktitle={Proceedings of the AAAI conference on artificial intelligence},
  volume={35},
  number={15},
  pages={13843--13850},
  year={2021}
}

@article{tan2024large,
  title={Large language models for data annotation: A survey},
  author={Tan, Zhen and Li, Dawei and Wang, Song and Beigi, Alimohammad and Jiang, Bohan and Bhattacharjee, Amrita and Karami, Mansooreh and Li, Jundong and Cheng, Lu and Liu, Huan},
  journal={arXiv preprint arXiv:2402.13446},
  year={2024}
}

@article{dubey2024llama,
  title={The llama 3 herd of models},
  author={Dubey, Abhimanyu and Jauhri, Abhinav and Pandey, Abhinav and Kadian, Abhishek and Al-Dahle, Ahmad and Letman, Aiesha and Mathur, Akhil and Schelten, Alan and Yang, Amy and Fan, Angela and others},
  journal={arXiv preprint arXiv:2407.21783},
  year={2024}
}
@article{achiam2023gpt,
  title={Gpt-4 technical report},
  author={Achiam, Josh and Adler, Steven and Agarwal, Sandhini and Ahmad, Lama and Akkaya, Ilge and Aleman, Florencia Leoni and Almeida, Diogo and Altenschmidt, Janko and Altman, Sam and Anadkat, Shyamal and others},
  journal={arXiv preprint arXiv:2303.08774},
  year={2023}
}

@article{nakov2019semeval,
  title={SemEval-2016 task 4: Sentiment analysis in Twitter},
  author={Nakov, Preslav and Ritter, Alan and Rosenthal, Sara and Sebastiani, Fabrizio and Stoyanov, Veselin},
  journal={arXiv preprint arXiv:1912.01973},
  year={2019}
}

@article{rosenthal2019semeval,
  title={SemEval-2017 task 4: Sentiment analysis in Twitter},
  author={Rosenthal, Sara and Farra, Noura and Nakov, Preslav},
  journal={arXiv preprint arXiv:1912.00741},
  year={2019}
}

@book{maccartney2009natural,
  title={Natural language inference},
  author={MacCartney, Bill},
  year={2009},
  publisher={Stanford University}
}

@article{shu2017fake,
  title={Fake news detection on social media: A data mining perspective},
  author={Shu, Kai and Sliva, Amy and Wang, Suhang and Tang, Jiliang and Liu, Huan},
  journal={ACM SIGKDD explorations newsletter},
  volume={19},
  number={1},
  pages={22--36},
  year={2017},
  publisher={ACM New York, NY, USA}
}

@article{wankhade2022survey,
  title={A survey on sentiment analysis methods, applications, and challenges},
  author={Wankhade, Mayur and Rao, Annavarapu Chandra Sekhara and Kulkarni, Chaitanya},
  journal={Artificial Intelligence Review},
  volume={55},
  number={7},
  pages={5731--5780},
  year={2022},
  publisher={Springer}
}

@article{joshi2017automatic,
  title={Automatic sarcasm detection: A survey},
  author={Joshi, Aditya and Bhattacharyya, Pushpak and Carman, Mark J},
  journal={ACM Computing Surveys (CSUR)},
  volume={50},
  number={5},
  pages={1--22},
  year={2017},
  publisher={ACM New York, NY, USA}
}

@article{pavlopoulos2020toxicity,
  title={Toxicity detection: Does context really matter?},
  author={Pavlopoulos, John and Sorensen, Jeffrey and Dixon, Lucas and Thain, Nithum and Androutsopoulos, Ion},
  journal={arXiv preprint arXiv:2006.00998},
  year={2020}
}

@inproceedings{hovy2021importance,
  title={The importance of modeling social factors of language: Theory and practice},
  author={Hovy, Dirk and Yang, Diyi},
  booktitle={Proceedings of the 2021 Conference of the North American Chapter of the Association for Computational Linguistics: Human language technologies},
  pages={588--602},
  year={2021}
}

@article{bowman2015large,
  title={A large annotated corpus for learning natural language inference},
  author={Bowman, Samuel R and Angeli, Gabor and Potts, Christopher and Manning, Christopher D},
  journal={arXiv preprint arXiv:1508.05326},
  year={2015}
}

@inproceedings{riloff2013sarcasm,
  title={Sarcasm as contrast between a positive sentiment and negative situation},
  author={Riloff, Ellen and Qadir, Ashequl and Surve, Prafulla and De Silva, Lalindra and Gilbert, Nathan and Huang, Ruihong},
  booktitle={Proceedings of the 2013 conference on empirical methods in natural language processing},
  pages={704--714},
  year={2013}
}

@inproceedings{maynard2014cares,
  title={Who cares about sarcastic tweets? investigating the impact of sarcasm on sentiment analysis},
  author={Maynard, Diana G and Greenwood, Mark A},
  booktitle={Lrec 2014 proceedings},
  year={2014},
  organization={ELRA}
}

@inproceedings{joshi2015harnessing,
  title={Harnessing context incongruity for sarcasm detection},
  author={Joshi, Aditya and Sharma, Vinita and Bhattacharyya, Pushpak},
  booktitle={Proceedings of the 53rd Annual Meeting of the Association for Computational Linguistics and the 7th International Joint Conference on Natural Language Processing (Volume 2: Short Papers)},
  pages={757--762},
  year={2015}
}

@article{mishra2017harnessing,
  title={Harnessing cognitive features for sarcasm detection},
  author={Mishra, Abhijit and Kanojia, Diptesh and Nagar, Seema and Dey, Kuntal and Bhattacharyya, Pushpak},
  journal={arXiv preprint arXiv:1701.05574},
  year={2017}
}

@inproceedings{rajadesingan2015sarcasm,
  title={Sarcasm detection on twitter: A behavioral modeling approach},
  author={Rajadesingan, Ashwin and Zafarani, Reza and Liu, Huan},
  booktitle={Proceedings of the eighth ACM international conference on web search and data mining},
  pages={97--106},
  year={2015}
}

@inproceedings{farha2022semeval,
  title={Semeval-2022 task 6: isarcasmeval, intended sarcasm detection in english and arabic},
  author={Farha, Ibrahim Abu and Oprea, Silviu and Wilson, Steve and Magdy, Walid},
  booktitle={The 16th International Workshop on Semantic Evaluation 2022},
  pages={802--814},
  year={2022},
  organization={Association for Computational Linguistics}
}

@inproceedings{wang2015twitter,
  title={Twitter sarcasm detection exploiting a context-based model},
  author={Wang, Zelin and Wu, Zhijian and Wang, Ruimin and Ren, Yafeng},
  booktitle={international conference on web information systems engineering},
  pages={77--91},
  year={2015},
  organization={Springer}
}

@article{oprea2019isarcasm,
  title={isarcasm: A dataset of intended sarcasm},
  author={Oprea, Silviu and Magdy, Walid},
  journal={arXiv preprint arXiv:1911.03123},
  year={2019}
}

@article{zhang2023sentiment,
  title={Sentiment analysis in the era of large language models: A reality check},
  author={Zhang, Wenxuan and Deng, Yue and Liu, Bing and Pan, Sinno Jialin and Bing, Lidong},
  journal={arXiv preprint arXiv:2305.15005},
  year={2023}
}

@article{li2023coannotating,
  title={Coannotating: Uncertainty-guided work allocation between human and large language models for data annotation},
  author={Li, Minzhi and Shi, Taiwei and Ziems, Caleb and Kan, Min-Yen and Chen, Nancy F and Liu, Zhengyuan and Yang, Diyi},
  journal={arXiv preprint arXiv:2310.15638},
  year={2023}
}

@inproceedings{chen2024large,
  title={Is a Large Language Model a Good Annotator for Event Extraction?},
  author={Chen, Ruirui and Qin, Chengwei and Jiang, Weifeng and Choi, Dongkyu},
  booktitle={Proceedings of the AAAI Conference on Artificial Intelligence},
  volume={38},
  number={16},
  pages={17772--17780},
  year={2024}
}

@article{choi2024unigen,
  title={UniGen: Universal Domain Generalization for Sentiment Classification via Zero-shot Dataset Generation},
  author={Choi, Juhwan and Kim, Yeonghwa and Yu, Seunguk and Yun, JungMin and Kim, YoungBin},
  journal={arXiv preprint arXiv:2405.01022},
  year={2024}
}

@article{wang2024model,
  title={Model-in-the-Loop (MILO): Accelerating Multimodal AI Data Annotation with LLMs},
  author={Wang, Yifan and Stevens, David and Shah, Pranay and Jiang, Wenwen and Liu, Miao and Chen, Xu and Kuo, Robert and Li, Na and Gong, Boying and Lee, Daniel and others},
  journal={arXiv preprint arXiv:2409.10702},
  year={2024}
}

@article{huang2024can,
  title={Can Large Language Models Identify Authorship?},
  author={Huang, Baixiang and Chen, Canyu and Shu, Kai},
  journal={arXiv preprint arXiv:2403.08213},
  year={2024}
}

@article{abdin2024phi,
  title={Phi-4 technical report},
  author={Abdin, Marah and Aneja, Jyoti and Behl, Harkirat and Bubeck, S{\'e}bastien and Eldan, Ronen and Gunasekar, Suriya and Harrison, Michael and Hewett, Russell J and Javaheripi, Mojan and Kauffmann, Piero and others},
  journal={arXiv preprint arXiv:2412.08905},
  year={2024}
}

@article{zotova2021semi,
  title={Semi-automatic generation of multilingual datasets for stance detection in Twitter},
  author={Zotova, Elena and Agerri, Rodrigo and Rigau, German},
  journal={Expert Systems with Applications},
  volume={170},
  pages={114547},
  year={2021},
  publisher={Elsevier}
}

@article{korkmaz2023analyzing,
  title={Analyzing the user's sentiments of ChatGPT using twitter data},
  author={Korkmaz, Adem and Akt{\"u}rk, Cemal and Talan, Tarik},
  journal={Iraqi Journal For Computer Science and Mathematics},
  volume={4},
  number={2},
  pages={202--214},
  year={2023}
}

@article{bhattacharya2025rethinking,
  title={Rethinking stance detection: A theoretically-informed research agenda for user-level inference using language models},
  author={Bhattacharya, Prasanta and Zhang, Hong and Cao, Yiming and Gao, Wei and Loh, Brandon Siyuan and Simons, Joseph JP and Wong, Liang Ze},
  journal={arXiv preprint arXiv:2502.02074},
  year={2025}
}