@article{chong2022detecting,
  title={Detecting label errors by using pre-trained language models},
  author={Chong, Derek and Hong, Jenny and Manning, Christopher D},
  journal={arXiv preprint arXiv:2205.12702},
  year={2022}
}

@article{cruickshank2023use,
  title={Use of large language models for stance classification},
  author={Cruickshank, Iain J and Xian Ng, Lynnette Hui},
  journal={arXiv e-prints},
  pages={arXiv--2309},
  year={2023}
}

@article{gatto2023chain,
  title={Chain-of-Thought Embeddings for Stance Detection on Social Media},
  author={Gatto, Joseph and Sharif, Omar and Preum, Sarah Masud},
  journal={arXiv preprint arXiv:2310.19750},
  year={2023}
}

@inproceedings{ghosh2019stance,
  title={Stance detection in web and social media: a comparative study},
  author={Ghosh, Shalmoli and Singhania, Prajwal and Singh, Siddharth and Rudra, Koustav and Ghosh, Saptarshi},
  booktitle={Experimental IR Meets Multilinguality, Multimodality, and Interaction: 10th International Conference of the CLEF Association, CLEF 2019, Lugano, Switzerland, September 9--12, 2019, Proceedings 10},
  pages={75--87},
  year={2019},
  organization={Springer}
}

@article{hanawa2019stance,
  title={Stance detection attending external knowledge from wikipedia},
  author={Hanawa, Kazuaki and Sasaki, Akira and Okazaki, Naoaki and Inui, Kentaro},
  journal={Journal of Information Processing},
  volume={27},
  pages={499--506},
  year={2019},
  publisher={Information Processing Society of Japan}
}

@article{he2022infusing,
  title={Infusing knowledge from wikipedia to enhance stance detection},
  author={He, Zihao and Mokhberian, Negar and Lerman, Kristina},
  journal={arXiv preprint arXiv:2204.03839},
  year={2022}
}

@article{klie2024analyzing,
  title={Analyzing dataset annotation quality management in the wild},
  author={Klie, Jan-Christoph and Castilho, Richard Eckart de and Gurevych, Iryna},
  journal={Computational Linguistics},
  volume={50},
  number={3},
  pages={817--866},
  year={2024},
  publisher={MIT Press 255 Main Street, 9th Floor, Cambridge, Massachusetts 02142, USA~â€¦}
}

@article{korkmaz2023analyzing,
  title={Analyzing the user's sentiments of ChatGPT using twitter data},
  author={Korkmaz, Adem and Akt{\"u}rk, Cemal and Talan, Tarik},
  journal={Iraqi Journal For Computer Science and Mathematics},
  volume={4},
  number={2},
  pages={202--214},
  year={2023}
}

@inproceedings{lan2024stance,
  title={Stance detection with collaborative role-infused llm-based agents},
  author={Lan, Xiaochong and Gao, Chen and Jin, Depeng and Li, Yong},
  booktitle={Proceedings of the International AAAI Conference on Web and Social Media},
  volume={18},
  pages={891--903},
  year={2024}
}

@inproceedings{li2021improving,
  title={Improving stance detection with multi-dataset learning and knowledge distillation},
  author={Li, Yingjie and Zhao, Chenye and Caragea, Cornelia},
  booktitle={Proceedings of the 2021 Conference on Empirical Methods in Natural Language Processing},
  pages={6332--6345},
  year={2021}
}

@article{li2024advancing,
  title={Advancing Annotation of Stance in Social Media Posts: A Comparative Analysis of Large Language Models and Crowd Sourcing},
  author={Li, Mao and Conrad, Frederick},
  journal={arXiv preprint arXiv:2406.07483},
  year={2024}
}

@article{northcutt2021confident,
  title={Confident learning: Estimating uncertainty in dataset labels},
  author={Northcutt, Curtis and Jiang, Lu and Chuang, Isaac},
  journal={Journal of Artificial Intelligence Research},
  volume={70},
  pages={1373--1411},
  year={2021}
}

@article{northcutt2021pervasive,
  title={Pervasive label errors in test sets destabilize machine learning benchmarks},
  author={Northcutt, Curtis G and Athalye, Anish and Mueller, Jonas},
  journal={arXiv preprint arXiv:2103.14749},
  year={2021}
}

@article{song2022learning,
  title={Learning from noisy labels with deep neural networks: A survey},
  author={Song, Hwanjun and Kim, Minseok and Park, Dongmin and Shin, Yooju and Lee, Jae-Gil},
  journal={IEEE transactions on neural networks and learning systems},
  volume={34},
  number={11},
  pages={8135--8153},
  year={2022},
  publisher={IEEE}
}

@inproceedings{stoica2021re,
  title={Re-tacred: Addressing shortcomings of the tacred dataset},
  author={Stoica, George and Platanios, Emmanouil Antonios and P{\'o}czos, Barnab{\'a}s},
  booktitle={Proceedings of the AAAI conference on artificial intelligence},
  volume={35},
  number={15},
  pages={13843--13850},
  year={2021}
}

@article{zhang2022would,
  title={How would stance detection techniques evolve after the launch of chatgpt?},
  author={Zhang, Bowen and Ding, Daijun and Jing, Liwen},
  journal={arXiv preprint arXiv:2212.14548},
  year={2022}
}

@article{zhang2023sentiment,
  title={Sentiment analysis in the era of large language models: A reality check},
  author={Zhang, Wenxuan and Deng, Yue and Liu, Bing and Pan, Sinno Jialin and Bing, Lidong},
  journal={arXiv preprint arXiv:2305.15005},
  year={2023}
}

@inproceedings{zhu2022detecting,
  title={Detecting corrupted labels without training a model to predict},
  author={Zhu, Zhaowei and Dong, Zihao and Liu, Yang},
  booktitle={International conference on machine learning},
  pages={27412--27427},
  year={2022},
  organization={PMLR}
}

@article{zhu2023unmasking,
  title={Unmasking and improving data credibility: A study with datasets for training harmless language models},
  author={Zhu, Zhaowei and Wang, Jialu and Cheng, Hao and Liu, Yang},
  journal={arXiv preprint arXiv:2311.11202},
  year={2023}
}

