% Use this file for citations not found in the ACL Anthology (contained in "anthology.bib").

@book{Aho:72,
    author  = {Alfred V. Aho and Jeffrey D. Ullman},
    title   = {The Theory of Parsing, Translation and Compiling},
    year    = "1972",
    volume  = "1",
    publisher = {Prentice-Hall},
    address = {Englewood Cliffs, NJ}
}

@book{APA:83,
    author  = {{American Psychological Association}},
    title   = {Publications Manual},
    year    = "1983",
    publisher = {American Psychological Association},
    address = {Washington, DC}
}

@article{Chandra:81,
	author = {Ashok K. Chandra and Dexter C. Kozen and Larry J. Stockmeyer},
	year = "1981",
	title = {Alternation},
	journal = {Journal of the Association for Computing Machinery},
	volume = "28",
	number = "1",
	pages = "114--133",
	doi = "10.1145/322234.322243",
}

@inproceedings{andrew2007scalable,
  title={Scalable training of {L1}-regularized log-linear models},
  author={Andrew, Galen and Gao, Jianfeng},
  booktitle={Proceedings of the 24th International Conference on Machine Learning},
  pages={33--40},
  year={2007},
}

@book{Gusfield:97,
    author  = {Dan Gusfield},
    title   = {Algorithms on Strings, Trees and Sequences},
    year    = "1997",
    publisher = {Cambridge University Press},
    address = {Cambridge, UK}
}

@article{rasooli-tetrault-2015,
    author    = {Mohammad Sadegh Rasooli and Joel R. Tetreault},
    title     = {Yara Parser: {A} Fast and Accurate Dependency Parser},
    journal   = {Computing Research Repository},
    volume    = {arXiv:1503.06733},
    year      = {2015},
    url       = {http://arxiv.org/abs/1503.06733},
    note    = {version 2}
}

@article{Ando2005,
	Acmid = {1194905},
	Author = {Ando, Rie Kubota and Zhang, Tong},
	Issn = {1532-4435},
	Issue_Date = {12/1/2005},
	Journal = {Journal of Machine Learning Research},
	Month = dec,
	Numpages = {37},
	Pages = {1817--1853},
	Publisher = {JMLR.org},
	Title = {A Framework for Learning Predictive Structures from Multiple Tasks and Unlabeled Data},
	Volume = {6},
	Year = {2005}
}

@article{ffdd70d0c1784f26aad78a19af959025,
title = "Peer reviewers need a code of conduct too: emphasize ethics for peer reviewers",
keywords = "Bullying/ethics, Codes of Ethics, Formative Feedback, Humans, Mental Health, Peer Review, Research/ethics, Research Personnel/psychology, Publishing, Peer review",
author = "Beaumont, {Linda J.}",
year = "2019",
month = aug,
day = "22",
doi = "10.1038/d41586-019-02492-w",
language = "English",
volume = "572",
pages = "439",
journal = "Nature",
issn = "1476-4687",
publisher = "Nature Publishing Groups",
number = "7770",
}

@article{gerwing2020quantifying,
  title={Quantifying professionalism in peer review},
  author={Gerwing, Travis G and Allen Gerwing, Alyssa M and Avery-Gomm, Stephanie and Choi, Chi-Yeung and Clements, Jeff C and Rash, Joshua A},
  journal={Research integrity and peer review},
  volume={5},
  pages={1--8},
  year={2020},
  publisher={Springer}
}

@inproceedings{cheng2022bias,
  title={Bias mitigation for toxicity detection via sequential decisions},
  author={Cheng, Lu and Mosallanezhad, Ahmadreza and Silva, Yasin N and Hall, Deborah L and Liu, Huan},
  booktitle={Proceedings of the 45th International ACM SIGIR Conference on Research and Development in Information Retrieval},
  pages={1750--1760},
  year={2022}
}

@article{ghosh2021detoxy,
  title={Detoxy: A large-scale multimodal dataset for toxicity classification in spoken utterances},
  author={Ghosh, Sreyan and Lepcha, Samden and Sakshi, Sahni and Shah, Rajiv Ratn and Umesh, Srinivasan},
  journal={arXiv preprint arXiv:2110.07592},
  year={2021}
}
@article{bensalem2024toxic,
  title={Toxic language detection: A systematic review of Arabic datasets},
  author={Bensalem, Imene and Rosso, Paolo and Zitouni, Hanane},
  journal={Expert Systems},
  pages={e13551},
  year={2024},
  publisher={Wiley Online Library}
}

@article{jiang2023mistral,
  title={Mistral 7B},
  author={Jiang, Albert Q and Sablayrolles, Alexandre and Mensch, Arthur and Bamford, Chris and Chaplot, Devendra Singh and Casas, Diego de las and Bressand, Florian and Lengyel, Gianna and Lample, Guillaume and Saulnier, Lucile and others},
  journal={arXiv preprint arXiv:2310.06825},
  year={2023}
}
@article{touvron2023llama,
  title={Llama 2: Open foundation and fine-tuned chat models},
  author={Touvron, Hugo and Martin, Louis and Stone, Kevin and Albert, Peter and Almahairi, Amjad and Babaei, Yasmine and Bashlykov, Nikolay and Batra, Soumya and Bhargava, Prajjwal and Bhosale, Shruti and others},
  journal={arXiv preprint arXiv:2307.09288},
  year={2023}
}

@article{hosseinmardi2015detection,
  title={Detection of cyberbullying incidents on the instagram social network},
  author={Hosseinmardi, Homa and Mattson, Sabrina Arredondo and Rafiq, Rahat Ibn and Han, Richard and Lv, Qin and Mishra, Shivakant},
  journal={arXiv preprint arXiv:1503.03909},
  year={2015}
}

@article{tunstall2023zephyr,
  title={Zephyr: Direct distillation of lm alignment},
  author={Tunstall, Lewis and Beeching, Edward and Lambert, Nathan and Rajani, Nazneen and Rasul, Kashif and Belkada, Younes and Huang, Shengyi and von Werra, Leandro and Fourrier, Cl{\'e}mentine and Habib, Nathan and others},
  journal={arXiv preprint arXiv:2310.16944},
  year={2023}
}

@inproceedings{hu2021lora,
  title={LoRA: Low-Rank Adaptation of Large Language Models},
  author={Hu, Edward J and Wallis, Phillip and Allen-Zhu, Zeyuan and Li, Yuanzhi and Wang, Shean and Wang, Lu and Chen, Weizhu and others},
  booktitle={International Conference on Learning Representations},
  year={2021}
}

@misc{laurer2022less,
  author = {Moritz Laurer and Wouter van Atteveldt and Andreu Salleras Casas and Kasper Welbers},
  title = {Less Annotating, More Classifying â€“ Addressing the Data Scarcity Issue of Supervised Machine Learning with Deep Transfer Learning and BERT - NLI},
  year = {2022},
  url = {https://osf.io/74b8k},
  note = {Preprint, June. Open Science Framework}
}
@inproceedings{he2024if,
  title={If in a Crowdsourced Data Annotation Pipeline, a GPT-4},
  author={He, Zeyu and Huang, Chieh-Yang and Ding, Chien-Kuang Cornelia and Rohatgi, Shaurya and Huang, Ting-Hao Kenneth},
  booktitle={Proceedings of the CHI Conference on Human Factors in Computing Systems},
  pages={1--25},
  year={2024}
}

@inproceedings{du2022understanding,
  title={Understanding Iterative Revision from Human-Written Text},
  author={Du, Wanyu and Raheja, Vipul and Kumar, Dhruv and Kim, Zae Myung and Lopez, Melissa and Kang, Dongyeop},
  booktitle={Proceedings of the 60th Annual Meeting of the Association for Computational Linguistics (Volume 1: Long Papers)},
  pages={3573--3590},
  year={2022}
}

@inproceedings{jiang2022arxivedits,
  title={arXivEdits: Understanding the Human Revision Process in Scientific Writing},
  author={Jiang, Chao and Xu, Wei and Stevens, Samuel},
  booktitle={Proceedings of the 2022 Conference on Empirical Methods in Natural Language Processing},
  pages={9420--9435},
  year={2022}
}

@misc{mavrogenis2020good,
  title={The good, the bad and the rude peer-review},
  author={Mavrogenis, Andreas F and Quaile, Andrew and Scarlat, Marius M},
  journal={International Orthopaedics},
  volume={44},
  pages={413--415},
  year={2020},
  publisher={Springer}
}
@misc{mavrogenis2019evaluate,
  title={How to evaluate reviewers--the international orthopedics reviewers score (INOR-RS)},
  author={Mavrogenis, Andreas F and Sun, Jing and Quaile, Andrew and Scarlat, Marius M},
  journal={International Orthopaedics},
  volume={43},
  pages={1773--1777},
  year={2019},
  publisher={Springer}
}

@article{silbiger2019unprofessional,
  title={Unprofessional peer reviews disproportionately harm underrepresented groups in STEM},
  author={Silbiger, Nyssa J and Stubler, Amber D},
  journal={PeerJ},
  volume={7},
  pages={e8247},
  year={2019},
  publisher={PeerJ Inc.}
}
@inproceedings{rogers2020can,
  title={What Can We Do to Improve Peer Review in NLP?},
  author={Rogers, Anna and Augenstein, Isabelle},
  booktitle={Findings of the Association for Computational Linguistics: EMNLP 2020},
  pages={1256--1262},
  year={2020}
}

@article{zheng2024judging,
  title={Judging llm-as-a-judge with mt-bench and chatbot arena},
  author={Zheng, Lianmin and Chiang, Wei-Lin and Sheng, Ying and Zhuang, Siyuan and Wu, Zhanghao and Zhuang, Yonghao and Lin, Zi and Li, Zhuohan and Li, Dacheng and Xing, Eric and others},
  journal={Advances in Neural Information Processing Systems},
  volume={36},
  year={2024}
}

@article{macherla2023mddial,
  title={MDDial: A Multi-turn Differential Diagnosis Dialogue Dataset with Reliability Evaluation},
  author={Macherla, Srija and Luo, Man and Parmar, Mihir and Baral, Chitta},
  journal={arXiv preprint arXiv:2308.08147},
  year={2023}
}

@inproceedings{wang2023chatgpt,
  title={Is ChatGPT a Good NLG Evaluator? A Preliminary Study},
  author={Wang, Jiaan and Liang, Yunlong and Meng, Fandong and Sun, Zengkui and Shi, Haoxiang and Li, Zhixu and Xu, Jinan and Qu, Jianfeng and Zhou, Jie},
  booktitle={Proceedings of the 4th New Frontiers in Summarization Workshop},
  pages={1--11},
  year={2023}
}
@misc{chatgpt2023,
  author = {{OpenAI}},
  title = {ChatGPT},
  year = {2023},
  howpublished = {\url{https://www.openai.com/chatgpt}},
  note = {Accessed: insert-access-date-here}
}

@article{baron1988negative,
  title={Negative effects of destructive criticism: Impact on conflict, self-efficacy, and task performance.},
  author={Baron, Robert A},
  journal={Journal of applied psychology},
  volume={73},
  number={2},
  pages={199},
  year={1988},
  publisher={American Psychological Association}
}

@article{deshpande2023toxicity,
  title={Toxicity in chatgpt: Analyzing persona-assigned language models},
  author={Deshpande, Ameet and Murahari, Vishvak and Rajpurohit, Tanmay and Kalyan, Ashwin and Narasimhan, Karthik},
  journal={arXiv preprint arXiv:2304.05335},
  year={2023}
}

@article{faal2023reward,
  title={Reward modeling for mitigating toxicity in transformer-based language models},
  author={Faal, Farshid and Schmitt, Ketra and Yu, Jia Yuan},
  journal={Applied Intelligence},
  volume={53},
  number={7},
  pages={8421--8435},
  year={2023},
  publisher={Springer}
}

@article{wen2023unveiling,
  title={Unveiling the implicit toxicity in large language models},
  author={Wen, Jiaxin and Ke, Pei and Sun, Hao and Zhang, Zhexin and Li, Chengfei and Bai, Jinfeng and Huang, Minlie},
  journal={arXiv preprint arXiv:2311.17391},
  year={2023}
}

@article{howard2024uncovering,
  title={Uncovering Bias in Large Vision-Language Models at Scale with Counterfactuals},
  author={Howard, Phillip and Fraser, Kathleen C and Bhiwandiwalla, Anahita and Kiritchenko, Svetlana},
  journal={arXiv preprint arXiv:2405.20152},
  year={2024}
}

@article{sanh2019distilbert,
  title={DistilBERT, a distilled version of BERT: smaller, faster, cheaper and lighter},
  author={Sanh, Victor and Debut, Lysandre and Chaumond, Julien and Wolf, Thomas},
  journal={arXiv preprint arXiv:1910.01108},
  year={2019}
}

@article{team2024gemma,
  title={Gemma: Open models based on gemini research and technology},
  author={Team, Gemma and Mesnard, Thomas and Hardin, Cassidy and Dadashi, Robert and Bhupatiraju, Surya and Pathak, Shreya and Sifre, Laurent and Rivi{\`e}re, Morgane and Kale, Mihir Sanjay and Love, Juliette and others},
  journal={arXiv preprint arXiv:2403.08295},
  year={2024}
}

@article{bai2023qwen,
  title={Qwen technical report},
  author={Bai, Jinze and Bai, Shuai and Chu, Yunfei and Cui, Zeyu and Dang, Kai and Deng, Xiaodong and Fan, Yang and Ge, Wenbin and Han, Yu and Huang, Fei and others},
  journal={arXiv preprint arXiv:2309.16609},
  year={2023}
}

@inproceedings{socher2013recursive,
  title={Recursive deep models for semantic compositionality over a sentiment treebank},
  author={Socher, Richard and Perelygin, Alex and Wu, Jean and Chuang, Jason and Manning, Christopher D and Ng, Andrew Y and Potts, Christopher},
  booktitle={Proceedings of the 2013 conference on empirical methods in natural language processing},
  pages={1631--1642},
  year={2013}
}