@article{bensalem2024toxic,
  title={Toxic language detection: A systematic review of Arabic datasets},
  author={Bensalem, Imene and Rosso, Paolo and Zitouni, Hanane},
  journal={Expert Systems},
  pages={e13551},
  year={2024},
  publisher={Wiley Online Library}
}

@inproceedings{cheng2022bias,
  title={Bias mitigation for toxicity detection via sequential decisions},
  author={Cheng, Lu and Mosallanezhad, Ahmadreza and Silva, Yasin N and Hall, Deborah L and Liu, Huan},
  booktitle={Proceedings of the 45th International ACM SIGIR Conference on Research and Development in Information Retrieval},
  pages={1750--1760},
  year={2022}
}

@inproceedings{du2022understanding,
  title={Understanding Iterative Revision from Human-Written Text},
  author={Du, Wanyu and Raheja, Vipul and Kumar, Dhruv and Kim, Zae Myung and Lopez, Melissa and Kang, Dongyeop},
  booktitle={Proceedings of the 60th Annual Meeting of the Association for Computational Linguistics (Volume 1: Long Papers)},
  pages={3573--3590},
  year={2022}
}

@article{ghosh2021detoxy,
  title={Detoxy: A large-scale multimodal dataset for toxicity classification in spoken utterances},
  author={Ghosh, Sreyan and Lepcha, Samden and Sakshi, Sahni and Shah, Rajiv Ratn and Umesh, Srinivasan},
  journal={arXiv preprint arXiv:2110.07592},
  year={2021}
}

@article{hosseinmardi2015detection,
  title={Detection of cyberbullying incidents on the instagram social network},
  author={Hosseinmardi, Homa and Mattson, Sabrina Arredondo and Rafiq, Rahat Ibn and Han, Richard and Lv, Qin and Mishra, Shivakant},
  journal={arXiv preprint arXiv:1503.03909},
  year={2015}
}

@inproceedings{jiang2022arxivedits,
  title={arXivEdits: Understanding the Human Revision Process in Scientific Writing},
  author={Jiang, Chao and Xu, Wei and Stevens, Samuel},
  booktitle={Proceedings of the 2022 Conference on Empirical Methods in Natural Language Processing},
  pages={9420--9435},
  year={2022}
}

