@article{bai2023qwen,
  title={Qwen-vl: A frontier large vision-language model with versatile abilities},
  author={Bai, Jinze and Bai, Shuai and Yang, Shusheng and Wang, Shijie and Tan, Sinan and Wang, Peng and Lin, Junyang and Zhou, Chang and Zhou, Jingren},
  journal={arXiv preprint arXiv:2308.12966},
  year={2023}
}

@article{bereska2024mechanistic,
  title={Mechanistic Interpretability for AI Safety--A Review},
  author={Bereska, Leonard and Gavves, Efstratios},
  journal={arXiv preprint arXiv:2404.14082},
  year={2024}
}

@article{beyer2024paligemma,
  title={Paligemma: A versatile 3b vlm for transfer},
  author={Beyer, Lucas and Steiner, Andreas and Pinto, Andr{\'e} Susano and Kolesnikov, Alexander and Wang, Xiao and Salz, Daniel and Neumann, Maxim and Alabdulmohsin, Ibrahim and Tschannen, Michael and Bugliarello, Emanuele and others},
  journal={arXiv preprint arXiv:2407.07726},
  year={2024}
}

@article{bills2023language,
  title={Language models can explain neurons in language models},
  author={Bills, Steven and Cammarata, Nick and Mossing, Dan and Tillman, Henk and Gao, Leo and Goh, Gabriel and Sutskever, Ilya and Leike, Jan and Wu, Jeff and Saunders, William},
  journal={URL https://openaipublic. blob. core. windows. net/neuron-explainer/paper/index. html.(Date accessed: 14.05. 2023)},
  volume={2},
  year={2023}
}

@article{gemma2024,
  title={Gemma: Open Models Based on Gemini Research and Technology},
  author={Thomas Mesnard and Cassidy Hardin and Robert Dadashi and others},
  journal={arXiv preprint arXiv:2403.08295},
  year={2024}
}

@article{guertler2024tellme,
  title={TeLLMe what you see: Using LLMs to Explain Neurons in Vision Models},
  author={Guertler, Leon and Kumar, M Ganesh and Luu, Anh Tuan and Tan, Cheston},
  year={2024}
}

@inproceedings{li2023blip,
  title={Blip-2: Bootstrapping language-image pre-training with frozen image encoders and large language models},
  author={Li, Junnan and Li, Dongxu and Savarese, Silvio and Hoi, Steven},
  booktitle={International conference on machine learning},
  pages={19730--19742},
  year={2023},
  organization={PMLR}
}

@misc{liu2023improvedllava,
      author={Liu, Haotian and Li, Chunyuan and Li, Yuheng and Lee, Yong Jae},
      title={Improved Baselines with Visual Instruction Tuning}, 
      publisher={arXiv:2310.03744},
      year={2023},
}

@inproceedings{liu2023llava,
author      = {Liu, Haotian and Li, Chunyuan and Wu, Qingyang and Lee, Yong Jae},
title       = {Visual Instruction Tuning},
booktitle   = {NeurIPS},
year        = {2023}
}

@article{naveed2023comprehensive,
  title={A comprehensive overview of large language models},
  author={Naveed, Humza and Khan, Asad Ullah and Qiu, Shi and Saqib, Muhammad and Anwar, Saeed and Usman, Muhammad and Akhtar, Naveed and Barnes, Nick and Mian, Ajmal},
  journal={arXiv preprint arXiv:2307.06435},
  year={2023}
}

@article{rai2024practical,
  title={A practical review of mechanistic interpretability for transformer-based language models},
  author={Rai, Daking and Zhou, Yilun and Feng, Shi and Saparov, Abulhair and Yao, Ziyu},
  journal={arXiv preprint arXiv:2407.02646},
  year={2024}
}

@article{singh2024rethinking,
  title={Rethinking interpretability in the era of large language models},
  author={Singh, Chandan and Inala, Jeevana Priya and Galley, Michel and Caruana, Rich and Gao, Jianfeng},
  journal={arXiv preprint arXiv:2402.01761},
  year={2024}
}

@article{stan2024lvlm,
  title={LVLM-Intrepret: An Interpretability Tool for Large Vision-Language Models},
  author={Stan, Gabriela Ben Melech and Rohekar, Raanan Yehezkel and Gurwicz, Yaniv and Olson, Matthew Lyle and Bhiwandiwalla, Anahita and Aflalo, Estelle and Wu, Chenfei and Duan, Nan and Tseng, Shao-Yen and Lal, Vasudev},
  journal={arXiv preprint arXiv:2404.03118},
  year={2024}
}

@inproceedings{xu2019explainable,
  title={Explainable AI: A brief survey on history, research areas, approaches and challenges},
  author={Xu, Feiyu and Uszkoreit, Hans and Du, Yangzhou and Fan, Wei and Zhao, Dongyan and Zhu, Jun},
  booktitle={Natural language processing and Chinese computing},
  pages={563--574},
  year={2019},
  organization={Springer}
}

