@inproceedings{Lamanna24,
  author       = {Leonardo Lamanna and
                  Luciano Serafini},
  title        = {Action Model Learning from Noisy Traces: a Probabilistic Approach},
  booktitle    = {{ICAPS}},
  pages        = {342--350},
  publisher    = {{AAAI} Press},
  year         = {2024}
}

@inproceedings{MordochSSJ24,
  author       = {Argaman Mordoch and
                  Enrico Scala and
                  Roni Stern and
                  Brendan Juba},
  title        = {Safe Learning of {PDDL} Domains with Conditional Effects},
  booktitle    = {{ICAPS}},
  pages        = {387--395},
  publisher    = {{AAAI} Press},
  year         = {2024}
}

@misc{PrismarineJS2013,
  title   = {PrismarineJS/mineflayer: Create minecraft bots with a powerful, stable, and high level javascript API.},
  author  = {
PrismarineJS},
  year    = {2013},
  journal = {GitHub. https://github.com/PrismarineJS/mineflayer}
}

@article{aineto2019learning,
  title={Learning action models with minimal observability},
  author={Aineto, Diego and Celorrio, Sergio Jim{\'e}nez and Onaindia, Eva},
  journal={Artificial Intelligence},
  volume={275},
  pages={104--137},
  year={2019},
  publisher={Elsevier}
}

@inproceedings{asai2018classical,
  title={Classical planning in deep latent space: Bridging the subsymbolic-symbolic boundary},
  author={Asai, Masataro and Fukunaga, Alex},
  booktitle={Proceedings of the aaai conference on artificial intelligence},
  volume={32},
  number={1},
  year={2018}
}

@article{baker2022video,
  title={Video pretraining (vpt): Learning to act by watching unlabeled online videos},
  author={Baker, Bowen and Akkaya, Ilge and Zhokov, Peter and Huizinga, Joost and Tang, Jie and Ecoffet, Adrien and Houghton, Brandon and Sampedro, Raul and Clune, Jeff},
  journal={Advances in Neural Information Processing Systems},
  volume={35},
  pages={24639--24654},
  year={2022}
}

@inproceedings{chitnis2021glib,
  title={Glib: Efficient exploration for relational model-based reinforcement learning via goal-literal babbling},
  author={Chitnis, Rohan and Silver, Tom and Tenenbaum, Joshua B and Kaelbling, Leslie Pack and Lozano-P{\'e}rez, Tom{\'a}s},
  booktitle={Proceedings of the AAAI Conference on Artificial Intelligence},
  volume={35},
  number={13},
  pages={11782--11791},
  year={2021}
}

@article{cresswell2013acquiring,
  title={Acquiring planning domain models using LOCM},
  author={Cresswell, Stephen and McCluskey, Thomas and West, Margaret},
  journal={The Knowledge Engineering Review},
  volume={28},
  number={2},
  pages={195--213},
  year={2013}
}

@article{dreamerv3,
  author       = {Danijar Hafner and
                  Jurgis Pasukonis and
                  Jimmy Ba and
                  Timothy P. Lillicrap},
  title        = {Mastering Diverse Domains through World Models},
  journal      = {CoRR},
  volume       = {abs/2301.04104},
  year         = {2023}
}

@article{fan2022minedojo,
  title={Minedojo: Building open-ended embodied agents with internet-scale knowledge},
  author={Fan, Linxi and Wang, Guanzhi and Jiang, Yunfan and Mandlekar, Ajay and Yang, Yuncong and Zhu, Haoyi and Tang, Andrew and Huang, De-An and Zhu, Yuke and Anandkumar, Anima},
  journal={Advances in Neural Information Processing Systems},
  volume={35},
  pages={18343--18362},
  year={2022}
}

@inproceedings{fox2002pddl+,
  title={PDDL+: Modeling continuous time dependent effects},
  author={Fox, Maria and Long, Derek},
  booktitle={Proceedings of the 3rd International NASA Workshop on Planning and Scheduling for Space},
  volume={4},
  pages={34},
  year={2002}
}

@article{georgievski2015htn,
  title={HTN planning: Overview, comparison, and beyond},
  author={Georgievski, Ilche and Aiello, Marco},
  journal={Artificial Intelligence},
  volume={222},
  pages={124--156},
  year={2015},
  publisher={Elsevier}
}

@inproceedings{james2022autonomous,
  title={Autonomous learning of object-centric abstractions for high-level planning},
  author={James, Steven and Rosman, Benjamin and Konidaris, GD},
  booktitle={International Conference on Learning Representations (ICLR)},
  year={2022}
}

@inproceedings{jang2017categorical,
  title={Categorical Reparametrization with Gumble-Softmax},
  author={Jang, Eric and Gu, Shixiang and Poole, Ben},
  booktitle={International Conference on Learning Representations (ICLR)},
  year={2017}
}

@inproceedings{jin2022creativity,
  title={Creativity of {AI}: Automatic symbolic option discovery for facilitating deep reinforcement learning},
  author={Jin, Mu and Ma, Zhihao and Jin, Kebing and Zhuo, Hankz Hankui and Chen, Chen and Yu, Chao},
  booktitle={Proceedings of the AAAI Conference on Artificial Intelligence},
  volume={36},
  number={6},
  pages={7042--7050},
  year={2022}
}

@inproceedings{juba2021safe,
  author    = {Brendan Juba and
               Hai S. Le and
               Roni Stern},
  title     = {Safe Learning of Lifted Action Models},
  booktitle = {International Conference on Principles of
               Knowledge Representation and Reasoning ({KR})},
  pages     = {379--389},
  year      = {2021}
}

@inproceedings{juba2022learning,
  title={Learning probably approximately complete and safe action models for stochastic worlds},
  author={Juba, Brendan and Stern, Roni},
  booktitle={Proceedings of the AAAI Conference on Artificial Intelligence},
  volume={36},
  number={9},
  pages={9795--9804},
  year={2022}
}

@inproceedings{karia2023epistemic,
  title={Epistemic Exploration for Generalizable Planning and Learning in Non-Stationary Stochastic Settings},
  author={Karia, Rushang and Verma, Pulkit and Vipat, Gaurav and Srivastava, Siddharth},
  booktitle={NeurIPS 2023 Workshop on Generalization in Planning},
  year={2023}
}

@inproceedings{lamanna2021online,
  title={Online Learning of Action Models for PDDL Planning.},
  author={Lamanna, Leonardo and Saetti, Alessandro and Serafini, Luciano and Gerevini, Alfonso and Traverso, Paolo and others},
  booktitle={IJCAI},
  pages={4112--4118},
  year={2021}
}

@inproceedings{le2024learning,
  title={Learning Safe Action Models with Partial Observability},
  author={Le, Hai S and Juba, Brendan and Stern, Roni},
  booktitle={Proceedings of the AAAI Conference on Artificial Intelligence},
  volume={38},
  number={18},
  pages={20159--20167},
  year={2024}
}

@article{lifshitz2024steve,
  title={Steve-1: A generative model for text-to-behavior in minecraft},
  author={Lifshitz, Shalev and Paster, Keiran and Chan, Harris and Ba, Jimmy and McIlraith, Sheila},
  journal={Advances in Neural Information Processing Systems},
  volume={36},
  year={2024}
}

@inproceedings{mordoch2023learning,
  author       = {Argaman Mordoch and
                  Brendan Juba and
                  Roni Stern},
  title        = {Learning Safe Numeric Action Models},
  booktitle    = {{AAAI}},
  pages        = {12079--12086},
  publisher    = {{AAAI} Press},
  year         = {2023}
}

@inproceedings{ng2019incremental,
  title={Incremental Learning of Planning Actions in Model-Based Reinforcement Learning},
  author={Ng, Jun Hao Alvin and Petrick, Ronald PA},
  booktitle={IJCAI},
  pages={3195--3201},
  year={2019}
}

@inproceedings{roberts2017automated,
  title={Automated planning with goal reasoning in Minecraft},
  author={Roberts, Mark and Piotrowski, Wiktor and Bevan, P and Aha, D and Fox, M and Long, D and Magazzeni, D},
  booktitle={ICAPS workshop on Integrated Execution of Planning and Acting (IntEx)},
  year={2017}
}

@article{segura2021discovering,
  title={Discovering relational and numerical expressions from plan traces for learning action models},
  author={Segura-Muros, Jos{\'e} {\'A} and P{\'e}rez, Ra{\'u}l and Fern{\'a}ndez-Olivares, Juan},
  journal={Applied Intelligence},
  pages={1--17},
  year={2021},
  publisher={Springer}
}

@article{sreedharan2023optimistic,
  title={Optimistic exploration in reinforcement learning using symbolic model estimates},
  author={Sreedharan, Sarath and Katz, Michael},
  journal={Advances in Neural Information Processing Systems},
  volume={36},
  pages={34519--34535},
  year={2023}
}

@inproceedings{stern2017efficient,
  title={Efficient, Safe, and Probably Approximately Complete Learning of Action Models},
  author={Roni Stern and Brendan Juba},
booktitle={the International Joint Conference on Artificial Intelligence (IJCAI)},
 pages = {4405--4411},
  year={2017}
}

@inproceedings{tessler2017deep,
  title={A deep hierarchical approach to lifelong learning in minecraft},
  author={Tessler, Chen and Givony, Shahar and Zahavy, Tom and Mankowitz, Daniel and Mannor, Shie},
  booktitle={Proceedings of the AAAI conference on artificial intelligence},
  volume={31},
  number={1},
  year={2017}
}

@article{verma2023autonomous,
  title={Autonomous capability assessment of sequential decision-making systems in stochastic settings},
  author={Verma, Pulkit and Karia, Rushang and Srivastava, Siddharth},
  journal={Advances in Neural Information Processing Systems},
  volume={36},
  pages={54727--54739},
  year={2023}
}

@article{wang2024voyager,
  author       = {Guanzhi Wang and
                  Yuqi Xie and
                  Yunfan Jiang and
                  Ajay Mandlekar and
                  Chaowei Xiao and
                  Yuke Zhu and
                  Linxi Fan and
                  Anima Anandkumar},
  title        = {Voyager: An Open-Ended Embodied Agent with Large Language Models},
  journal      = {Trans. Mach. Learn. Res.},
  volume       = {2024},
  year         = {2024}
}

@phdthesis{watkins1989learning,
author={Watkins, Christopher John Cornish Hellaby},
title={Learning from delayed rewards},
  publisher={King's College, Cambridge United Kingdom},
school={Oxford: King's College},
  year={1989},
}

@article{watkins1992q,
  title={Q-learning},
  author={Watkins, Christopher JCH and Dayan, Peter},
  journal={Machine learning},
  volume={8},
  pages={279--292},
  year={1992},
  publisher={Springer}
}

@inproceedings{wichlacz2019construction,
  title={Construction-planning models in minecraft},
  author={Wichlacz, Julia and Torralba, Alvaro and Hoffmann, J{\"o}rg},
  booktitle={Proceedings of the ICAPS Workshop on Hierarchical Planning},
  pages={1--5},
  year={2019}
}

@inproceedings{xi2024neuro,
  title={Neuro-Symbolic Learning of Lifted Action Models from Visual Traces},
  author={Xi, Kai and Gould, Stephen and Thi{\'e}baux, Sylvie},
  booktitle={Proceedings of the International Conference on Automated Planning and Scheduling},
  volume={34},
  pages={653--662},
  year={2024}
}

