@book{em:86,
  editor  = "Engelmore, Robert and Morgan, Anthony",
  title   = "Blackboard Systems",
  year    = 1986,
  address = "Reading, Mass.",
  publisher = "Addison-Wesley",
}

@inproceedings{c:83,
  author  = "Clancey, William J.",
  year    = 1983,
  title   = "{Communication, Simulation, and Intelligent
Agents: Implications of Personal Intelligent Machines
for Medical Education}",
  booktitle="Proceedings of the Eighth International Joint Conference on Artificial Intelligence {(IJCAI-83)}", 
  pages   = "556-560",
  address = "Menlo Park, Calif",
  publisher = "{IJCAI Organization}",
}
@inproceedings{c:84,
  author  = "Clancey, William J.",
  year    = 1984,
  title   = "{Classification Problem Solving}",
  booktitle = "Proceedings of the Fourth National 
              Conference on Artificial Intelligence",
  pages   = "45-54",
  address = "Menlo Park, Calif.",
  publisher="AAAI Press",
}
@article{r:80,
  author = {Robinson, Arthur L.},
  title = {New Ways to Make Microcircuits Smaller},
  volume = {208},
  number = {4447},
  pages = {1019--1022},
  year = {1980},
  doi = {10.1126/science.208.4447.1019},
  publisher = {American Association for the Advancement of Science},
  issn = {0036-8075},
  URL = {https://science.sciencemag.org/content/208/4447/1019},
  eprint = {https://science.sciencemag.org/content/208/4447/1019.full.pdf},
  journal = {Science},
}
@article{r:80x,
  author  = "Robinson, Arthur L.",
  year    = 1980,
  title   = "{New Ways to Make Microcircuits Smaller---Duplicate Entry}",
  journal = "Science",
  volume  =  208,
  pages   = "1019-1026",
}
@article{hcr:83,
title = {Strategic explanations for a diagnostic consultation system},
journal = {International Journal of Man-Machine Studies},
volume = {20},
number = {1},
pages = {3-19},
year = {1984},
issn = {0020-7373},
doi = {https://doi.org/10.1016/S0020-7373(84)80003-6},
url = {https://www.sciencedirect.com/science/article/pii/S0020737384800036},
author = {Diane Warner Hasling and William J. Clancey and Glenn Rennels},
abstract = {This article examines the problem of automatte explanation of reasoning, especially as it relates to expert systems. By explanation we mean the ability of a program to discuss what it is doing in some understandable way. We first present a general framework in which to view explanation and review some of the research done in this area. We then focus on the explanation system for NEOMYCIN, a medical consultation program. A consultation program interactively helps a user to solve a problem. Our goal is to have NEOMYCIN explain its problem-solving strategies. An explanation of strategy describes the plan the program is using to reach a solution. Such an explanation is usually concrete, referring to aspects of the current problem situation. Abstract explanations articulate a general principle, which can be applied in different situations; such explanations are useful in teaching and in explaining by analogy. We describe the aspects of NEOMYCIN that make abstract strategic explanations possible—the representation of strategic knowledge explicitly and separately from domain knowledge— and demonstrate how this representation can be used to generate explanations.}
}
@article{hcrt:83,
  author  = "Hasling, Diane Warner and Clancey, William J. and Rennels, Glenn R. and Test, Thomas",
  year    = 1983,
  title   = "{Strategic Explanations in Consultation---Duplicate}",
  journal = "The International Journal of Man-Machine Studies",
  volume  = 20,
  number  = 1,
  pages   = "3-19",
}
@techreport{r:86,
  author  = "Rice, James",
  year    = 1986,
  title   = "{Poligon: A System for Parallel Problem Solving}",
  type    = "Technical Report", 
  number  = "KSL-86-19", 
  institution = "Dept.\ of Computer Science, Stanford Univ.",
}
@phdthesis{c:79,
  author  = "Clancey, William J.",
  year    = 1979,
  title   = "{Transfer of Rule-Based Expertise
through a Tutorial Dialogue}",
  type    = "{Ph.D.} diss.",
  school  = "Dept.\ of Computer Science, Stanford Univ.",
  address = "Stanford, Calif.",
}
@unpublished{c:21,
  author  = "Clancey, William J.",
  title   = "{The Engineering of Qualitative Models}",
  year    = 2021,
  note    = "Forthcoming",
}
@misc{c:22,
      title={Crime and punishment in scientific research}, 
      author={Mathieu Bouville},
      year={2008},
      eprint={0803.4058},
      archivePrefix={arXiv},
      primaryClass={physics.soc-ph}
}
@misc{c:23,
  title        = "Pluto: The 'Other' Red Planet",
  author       = "{NASA}",
  howpublished = "\url{https://www.nasa.gov/nh/pluto-the-other-red-planet}",
  year         = 2015,
  note         = "Accessed: 2018-12-06"
}







@article{aeronautiques1998pddl,
  title={PDDL| The Planning Domain Definition Language},
  author={Aeronautiques, Constructions and Howe, Adele and Knoblock, Craig and McDermott, ISI Drew and Ram, Ashwin and Veloso, Manuela and Weld, Daniel and SRI, David Wilkins and Barrett, Anthony and Christianson, Dave and others},
  journal={Technical Report, Tech. Rep.},
  year={1998}
}


@article{fox2006modelling,
  title={Modelling mixed discrete-continuous domains for planning},
  author={Fox, Maria and Long, Derek},
  journal={Journal of Artificial Intelligence Research},
  volume={27},
  pages={235--297},
  year={2006}
}

@inproceedings{klenk2020model,
  title={Model-Based Novelty Adaptation for Open-World AI},
  author={Klenk, Matthew and Piotrowski, Wiktor and Stern, Roni and Mohan, Shiwali and de Kleer, Johan},
  booktitle={International Workshop on Principles of Diagnosis (DX)},
  year={2020}
}

@article{justesen2019deep,
  title={Deep learning for video game playing},
  author={Justesen, Niels and Bontrager, Philip and Togelius, Julian and Risi, Sebastian},
  journal={IEEE Transactions on Games},
  volume={12},
  number={1},
  pages={1--20},
  year={2019},
  publisher={IEEE}
}

@article{hussein2017imitation,
  title={Imitation learning: A survey of learning methods},
  author={Hussein, Ahmed and Gaber, Mohamed Medhat and Elyan, Eyad and Jayne, Chrisina},
  journal={ACM Computing Surveys (CSUR)},
  volume={50},
  number={2},
  pages={1--35},
  year={2017}
}

@article{ho2016generative,
  title={Generative adversarial imitation learning},
  author={Ho, Jonathan and Ermon, Stefano},
  journal={Advances in neural information processing systems},
  volume={29},
  year={2016}
}

@article{pomerleau1991efficient,
  title={Efficient training of artificial neural networks for autonomous navigation},
  author={Pomerleau, Dean A},
  journal={Neural computation},
  volume={3},
  number={1},
  pages={88--97},
  year={1991},
  publisher={MIT Press One Rogers Street, Cambridge, MA 02142-1209, USA journals-info~…}
}

@article{schaal1999imitation,
  title={Is imitation learning the route to humanoid robots?},
  author={Schaal, Stefan},
  journal={Trends in cognitive sciences},
  volume={3},
  number={6},
  pages={233--242},
  year={1999},
  publisher={Elsevier}
}

@article{guss2019minerl,
  title={Minerl: A large-scale dataset of minecraft demonstrations},
  author={Guss, William H and Houghton, Brandon and Topin, Nicholay and Wang, Phillip and Codel, Cayden and Veloso, Manuela and Salakhutdinov, Ruslan},
  journal={arXiv preprint arXiv:1907.13440},
  year={2019}
}

@inproceedings{mao2021seihai,
  title={Seihai: A sample-efficient hierarchical ai for the minerl competition},
  author={Mao, Hangyu and Wang, Chao and Hao, Xiaotian and Mao, Yihuan and Lu, Yiming and Wu, Chengjie and Hao, Jianye and Li, Dong and Tang, Pingzhong},
  booktitle={International Conference on Distributed Artificial Intelligence},
  pages={38--51},
  year={2021},
  organization={Springer}
}

@article{lin2021juewu,
  title={Juewu-mc: Playing minecraft with sample-efficient hierarchical reinforcement learning},
  author={Lin, Zichuan and Li, Junyou and Shi, Jianing and Ye, Deheng and Fu, Qiang and Yang, Wei},
  journal={arXiv preprint arXiv:2112.04907},
  year={2021}
}

@article{aineto2019learning,
  title={Learning action models with minimal observability},
  author={Aineto, Diego and Celorrio, Sergio Jim{\'e}nez and Onaindia, Eva},
  journal={Artificial Intelligence},
  volume={275},
  pages={104--137},
  year={2019},
  publisher={Elsevier}
}

@inproceedings{cresswell2011generalised,
  title={Generalised domain model acquisition from action traces},
  author={Cresswell, Stephen and Gregory, Peter},
  booktitle={Twenty-First International Conference on Automated Planning and Scheduling},
  year={2011}
}

@inproceedings{stern2017efficient,
  title={Efficient, Safe, and Probably Approximately Complete Learning of Action Models},
  author={Roni Stern and Brendan Juba},
booktitle={the International Joint Conference on Artificial Intelligence (IJCAI)},
 pages = {4405--4411},
  year={2017}
}


@article{brockman2016openai,
  title={Openai gym},
  author={Brockman, Greg and Cheung, Vicki and Pettersson, Ludwig and Schneider, Jonas and Schulman, John and Tang, Jie and Zaremba, Wojciech},
  journal={arXiv preprint arXiv:1606.01540},
  year={2016}
}


@inproceedings{juba2021safe,
  author    = {Brendan Juba and
               Hai S. Le and
               Roni Stern},
  title     = {Safe Learning of Lifted Action Models},
  booktitle = {International Conference on Principles of
               Knowledge Representation and Reasoning ({KR})},
  pages     = {379--389},
  year      = {2021}
}

@incollection{scala2016interval,
  title={Interval-based relaxation for general numeric planning},
  author={Scala, Enrico and Haslum, Patrik and Thi{\'e}baux, Sylvie and Ramirez, Miquel},
  booktitle={European Conference on Artificial Intelligence (ECAI)},
  pages={655--663},
  year={2016}
}

@article{goss2023polycraft,
  title={Polycraft World AI Lab (PAL): An Extensible Platform for Evaluating Artificial Intelligence Agents},
  author={Goss, Stephen A and Steininger, Robert J and Narayanan, Dhruv and Oliven{\c{c}}a, Daniel V and Sun, Yutong and Qiu, Peng and Amato, Jim and Voit, Eberhard O and Voit, Walter E and Kildebeck, Eric J},
  journal={arXiv preprint arXiv:2301.11891},
  year={2023}
}

@article{bratko1995behavioural,
  title={Behavioural cloning: phenomena, results and problems},
  author={Bratko, Ivan and Urban{\v{c}}i{\v{c}}, Tanja and Sammut, Claude},
  journal={IFAC Proceedings Volumes},
  volume={28},
  number={21},
  pages={143--149},
  year={1995},
  publisher={Elsevier}
}

@article{pomerleau1988alvinn,
  title={Alvinn: An autonomous land vehicle in a neural network},
  author={Pomerleau, Dean A},
  journal={Advances in neural information processing systems},
  volume={1},
  year={1988}
}

@inproceedings{abbeel2004apprenticeship,
  title={Apprenticeship learning via inverse reinforcement learning},
  author={Abbeel, Pieter and Ng, Andrew Y},
  booktitle={Proceedings of the twenty-first international conference on Machine learning},
  pages={1},
  year={2004}
}

@article{schulman2017proximal,
  title={Proximal policy optimization algorithms},
  author={Schulman, John and Wolski, Filip and Dhariwal, Prafulla and Radford, Alec and Klimov, Oleg},
  journal={arXiv preprint arXiv:1707.06347},
  year={2017}
}

@article{palucka_2017, 
    title={Polycraft World teaches science through an endlessly expansive universe of virtual gaming: https://polycraft.utdallas.edu}, 
    volume={42}, 
    DOI={10.1557/mrs.2016.316}, 
    number={1}, 
    journal={MRS Bulletin}, 
    publisher={Cambridge University Press}, 
    author={Palucka, Tim}, 
    year={2017}, 
    pages={15–17}
}

@inproceedings{scheller2020sample,
  title={Sample efficient reinforcement learning through learning from demonstrations in minecraft},
  author={Scheller, Christian and Schraner, Yanick and Vogel, Manfred},
  booktitle={NeurIPS 2019 Competition and Demonstration Track},
  pages={67--76},
  year={2020},
  organization={PMLR}
}

@inproceedings{frazier2019improving,
  title={Improving deep reinforcement learning in minecraft with action advice},
  author={Frazier, Spencer and Riedl, Mark},
  booktitle={Proceedings of the AAAI conference on artificial intelligence and interactive digital entertainment},
  volume={15},
  number={1},
  pages={146--152},
  year={2019}
}

@inproceedings{tessler2017deep,
  title={A deep hierarchical approach to lifelong learning in minecraft},
  author={Tessler, Chen and Givony, Shahar and Zahavy, Tom and Mankowitz, Daniel and Mannor, Shie},
  booktitle={Proceedings of the AAAI conference on artificial intelligence},
  volume={31},
  number={1},
  year={2017}
}
@article{fikes1971strips,
  title={STRIPS: A new approach to the application of theorem proving to problem solving},
  author={Fikes, Richard E and Nilsson, Nils J},
  journal={Artificial intelligence},
  volume={2},
  number={3-4},
  pages={189--208},
  year={1971},
  publisher={Elsevier}
}

@article{manna1969properties,
  title={Properties of programs and the first-order predicate calculus},
  author={Manna, Zohar},
  journal={Journal of the ACM (JACM)},
  volume={16},
  number={2},
  pages={244--255},
  year={1969},
  publisher={ACM New York, NY, USA}
}


@article{fox2003pddl2,
  title={PDDL2. 1: An extension to PDDL for expressing temporal planning domains},
  author={Fox, Maria and Long, Derek},
  journal={Journal of artificial intelligence research},
  volume={20},
  pages={61--124},
  year={2003}
}

@inproceedings{fox2002pddl+,
  title={PDDL+: Modeling continuous time dependent effects},
  author={Fox, Maria and Long, Derek},
  booktitle={Proceedings of the 3rd International NASA Workshop on Planning and Scheduling for Space},
  volume={4},
  pages={34},
  year={2002}
}

@inproceedings{bartheye2009real,
  title={A real-time PDDL-based planning component for video games},
  author={Bartheye, Olivier and Jacopin, Eric},
  booktitle={Proceedings of the AAAI Conference on Artificial Intelligence and Interactive Digital Entertainment},
  volume={5},
  number={1},
  pages={130--135},
  year={2009}
}

@article{mnih2013playing,
  title={Playing atari with deep reinforcement learning},
  author={Mnih, Volodymyr and Kavukcuoglu, Koray and Silver, David and Graves, Alex and Antonoglou, Ioannis and Wierstra, Daan and Riedmiller, Martin},
  journal={arXiv preprint arXiv:1312.5602},
  year={2013}
}

@book{Deep-RL-Sewak2019, 
    title={Deep Reinforcement Learning}, 
    author={Sewak, Mohit}, 
    year={2019}, 
    publisher={Springer} 
} 

@inproceedings{wichlacz2019construction,
  title={Construction-planning models in minecraft},
  author={Wichlacz, Julia and Torralba, Alvaro and Hoffmann, J{\"o}rg},
  booktitle={Proceedings of the ICAPS Workshop on Hierarchical Planning},
  pages={1--5},
  year={2019}
}

@article{georgievski2015htn,
  title={HTN planning: Overview, comparison, and beyond},
  author={Georgievski, Ilche and Aiello, Marco},
  journal={Artificial Intelligence},
  volume={222},
  pages={124--156},
  year={2015},
  publisher={Elsevier}
}

@article{vinyals2019grandmaster,
  title={Grandmaster level in StarCraft II using multi-agent reinforcement learning},
  author={Vinyals, Oriol and Babuschkin, Igor and Czarnecki, Wojciech M and Mathieu, Micha{\"e}l and Dudzik, Andrew and Chung, Junyoung and Choi, David H and Powell, Richard and Ewalds, Timo and Georgiev, Petko and others},
  journal={Nature},
  volume={575},
  number={7782},
  pages={350--354},
  year={2019},
  publisher={Nature Publishing Group UK London}
}

@article{mnih2015human,
  title={Human-level control through deep reinforcement learning},
  author={Mnih, Volodymyr and Kavukcuoglu, Koray and Silver, David and Rusu, Andrei A and Veness, Joel and Bellemare, Marc G and Graves, Alex and Riedmiller, Martin and Fidjeland, Andreas K and Ostrovski, Georg and others},
  journal={nature},
  volume={518},
  number={7540},
  pages={529--533},
  year={2015},
  publisher={Nature Publishing Group}
}


@inproceedings{mordoch2023learning,
  author       = {Argaman Mordoch and
                  Brendan Juba and
                  Roni Stern},
  title        = {Learning Safe Numeric Action Models},
  booktitle    = {{AAAI}},
  pages        = {12079--12086},
  publisher    = {{AAAI} Press},
  year         = {2023}
}

@book{sutton2018reinforcement,
  title={Reinforcement learning: An introduction},
  author={Sutton, Richard S and Barto, Andrew G},
  year={2018},
  publisher={MIT press}
}

@article{sutton1999between,
  title={Between MDPs and semi-MDPs: A framework for temporal abstraction in reinforcement learning},
  author={Sutton, Richard S and Precup, Doina and Singh, Satinder},
  journal={Artificial intelligence},
  volume={112},
  number={1-2},
  pages={181--211},
  year={1999},
  publisher={Elsevier}
}

@phdthesis{watkins1989learning,
author={Watkins, Christopher John Cornish Hellaby},
title={Learning from delayed rewards},
  publisher={King's College, Cambridge United Kingdom},
school={Oxford: King's College},
  year={1989},
}

@article{watkins1992q,
  title={Q-learning},
  author={Watkins, Christopher JCH and Dayan, Peter},
  journal={Machine learning},
  volume={8},
  pages={279--292},
  year={1992},
  publisher={Springer}
}


@book{ghallab2004automated,
  title={Automated Planning: theory and practice},
  author={Ghallab, Malik and Nau, Dana and Traverso, Paolo},
  year={2004}
}

@article{duarte2020survey,
  title={A survey of planning and learning in games},
  author={Duarte, Fernando Fradique and Lau, Nuno and Pereira, Artur and Reis, Luis Paulo},
  journal={Applied Sciences},
  volume={10},
  number={13},
  pages={4529},
  year={2020},
  publisher={MDPI}
}


@article{guss2019neurips,
  title={NeurIPS 2019 competition: the MineRL competition on sample efficient reinforcement learning using human priors},
  author={Guss, William H and Codel, Cayden and Hofmann, Katja and Houghton, Brandon and Kuno, Noboru and Milani, Stephanie and Mohanty, Sharada and Liebana, Diego Perez and Salakhutdinov, Ruslan and Topin, Nicholay and others},
  journal={arXiv preprint arXiv:1904.10079},
  year={2019}
}

@inproceedings{wang1994learning,
  title={Learning planning operators by observation and practice},
  author={Wang, Xuemei},
  booktitle={Second International Conference on Artificial Intelligence Planning Systems (AIPS)},
  pages={335--340},
  year={1994}
}


@article{kumar2020conservative,
  title={Conservative q-learning for offline reinforcement learning},
  author={Kumar, Aviral and Zhou, Aurick and Tucker, George and Levine, Sergey},
  journal={Advances in Neural Information Processing Systems},
  volume={33},
  pages={1179--1191},
  year={2020}
}

@article{hoffmann2019explainable,
  title={Explainable AI planning (XAIP): overview and the case of contrastive explanation},
  author={Hoffmann, J{\"o}rg and Magazzeni, Daniele},
  journal={Reasoning Web. Explainable Artificial Intelligence},
  pages={277--282},
  year={2019}
}


@article{hoffmann2003metric,
  title={The Metric-FF Planning System: Translating ``Ignoring Delete Lists'' to Numeric State Variables},
  author={Hoffmann, J{\"o}rg},
  journal={Journal of Artificial Intelligence Research},
  volume={20},
  pages={291--341},
  year={2003}
}



@article{konidaris2018skills,
  title={From skills to symbols: Learning symbolic representations for abstract high-level planning},
  author={Konidaris, George and Kaelbling, Leslie Pack and Lozano-Perez, Tomas},
  journal={Journal of Artificial Intelligence Research},
  volume={61},
  pages={215--289},
  year={2018}
}


@article{sutton1999reinforcement,
  title={Reinforcement learning},
  author={Sutton, Richard S and Barto, Andrew G and others},
  journal={Journal of Cognitive Neuroscience},
  volume={11},
  number={1},
  pages={126--134},
  year={1999}
}

@article{munikoti2023challenges,
  title={Challenges and opportunities in deep reinforcement learning with graph neural networks: A comprehensive review of algorithms and applications},
  author={Munikoti, Sai and Agarwal, Deepesh and Das, Laya and Halappanavar, Mahantesh and Natarajan, Balasubramaniam},
  journal={IEEE Transactions on Neural Networks and Learning Systems},
  year={2023},
  publisher={IEEE}
}

@article{TangLCY20,
  author       = {Cheng{-}Yen Tang and
                  Chien{-}Hung Liu and
                  Woei{-}Kae Chen and
                  Shingchern D. You},
  title        = {Implementing action mask in proximal policy optimization {(PPO)} algorithm},
  journal      = {{ICT} Express},
  volume       = {6},
  number       = {3},
  pages        = {200--203},
  year         = {2020}
}



@article{yang2007learning,
  title={Learning action models from plan examples using weighted MAX-SAT},
  author={Yang, Qiang and Wu, Kangheng and Jiang, Yunfei},
  journal={Artificial Intelligence},
  volume={171},
  number={2-3},
  pages={107--143},
  year={2007},
  publisher={Elsevier}
}

@article{amir2008learning,
  title={Learning partially observable deterministic action models},
  author={Amir, Eyal and Chang, Allen},
  journal={Journal of Artificial Intelligence Research},
  volume={33},
  pages={349--402},
  year={2008}
}

@article{cresswell2013acquiring,
  title={Acquiring planning domain models using LOCM},
  author={Cresswell, Stephen and McCluskey, Thomas and West, Margaret},
  journal={The Knowledge Engineering Review},
  volume={28},
  number={2},
  pages={195--213},
  year={2013}
}

@article{segura2021discovering,
  title={Discovering relational and numerical expressions from plan traces for learning action models},
  author={Segura-Muros, Jos{\'e} {\'A} and P{\'e}rez, Ra{\'u}l and Fern{\'a}ndez-Olivares, Juan},
  journal={Applied Intelligence},
  pages={1--17},
  year={2021},
  publisher={Springer}
}

@inproceedings{roberts2017automated,
  title={Automated planning with goal reasoning in Minecraft},
  author={Roberts, Mark and Piotrowski, Wiktor and Bevan, P and Aha, D and Fox, M and Long, D and Magazzeni, D},
  booktitle={ICAPS workshop on Integrated Execution of Planning and Acting (IntEx)},
  year={2017}
}

@inproceedings{mordoch2024-nsam-star,
  author       = {Argaman Mordoch and
                  Shahaf S. Shperberg and
                  Roni Stern and
                  Brendan Juba},
  title        = {Enhancing Numeric-SAM for Learning with Few Observations},
  booktitle      = {ICAPS Workshop on Knowledge Engineering for Planning and Scheduling (KEPS)},
  year         = {2024}
}

Enhancing Numeric-SAM for Learning with Few Observations


@article{baker2022video,
  title={Video pretraining (vpt): Learning to act by watching unlabeled online videos},
  author={Baker, Bowen and Akkaya, Ilge and Zhokov, Peter and Huizinga, Joost and Tang, Jie and Ecoffet, Adrien and Houghton, Brandon and Sampedro, Raul and Clune, Jeff},
  journal={Advances in Neural Information Processing Systems},
  volume={35},
  pages={24639--24654},
  year={2022}
}

@article{fan2022minedojo,
  title={Minedojo: Building open-ended embodied agents with internet-scale knowledge},
  author={Fan, Linxi and Wang, Guanzhi and Jiang, Yunfan and Mandlekar, Ajay and Yang, Yuncong and Zhu, Haoyi and Tang, Andrew and Huang, De-An and Zhu, Yuke and Anandkumar, Anima},
  journal={Advances in Neural Information Processing Systems},
  volume={35},
  pages={18343--18362},
  year={2022}
}

@article{lifshitz2024steve,
  title={Steve-1: A generative model for text-to-behavior in minecraft},
  author={Lifshitz, Shalev and Paster, Keiran and Chan, Harris and Ba, Jimmy and McIlraith, Sheila},
  journal={Advances in Neural Information Processing Systems},
  volume={36},
  year={2024}
}

@inproceedings{geffner2022target,
  title={Target languages (vs. inductive biases) for learning to act and plan},
  author={Geffner, Hector},
  booktitle={Proceedings of the AAAI Conference on Artificial Intelligence},
  volume={36},
  number={11},
  pages={12326--12333},
  year={2022}
}

@article{wang2024voyager,
  author       = {Guanzhi Wang and
                  Yuqi Xie and
                  Yunfan Jiang and
                  Ajay Mandlekar and
                  Chaowei Xiao and
                  Yuke Zhu and
                  Linxi Fan and
                  Anima Anandkumar},
  title        = {Voyager: An Open-Ended Embodied Agent with Large Language Models},
  journal      = {Trans. Mach. Learn. Res.},
  volume       = {2024},
  year         = {2024}
}

@misc{PrismarineJS2013,
  title   = {PrismarineJS/mineflayer: Create minecraft bots with a powerful, stable, and high level javascript API.},
  author  = {
PrismarineJS},
  year    = {2013},
  journal = {GitHub. https://github.com/PrismarineJS/mineflayer}
}

@article{hafner2023mastering,
  title={Mastering diverse domains through world models},
  author={Hafner, Danijar and Pasukonis, Jurgis and Ba, Jimmy and Lillicrap, Timothy},
  journal={arXiv preprint arXiv:2301.04104},
  year={2023}
}

@article{ecoffet2021first,
  title={First return, then explore},
  author={Ecoffet, Adrien and Huizinga, Joost and Lehman, Joel and Stanley, Kenneth O and Clune, Jeff},
  journal={Nature},
  volume={590},
  number={7847},
  pages={580--586},
  year={2021},
  publisher={Nature Publishing Group}
}

@article{sreedharan2023optimistic,
  title={Optimistic exploration in reinforcement learning using symbolic model estimates},
  author={Sreedharan, Sarath and Katz, Michael},
  journal={Advances in Neural Information Processing Systems},
  volume={36},
  pages={34519--34535},
  year={2023}
}

@inproceedings{Lamanna24,
  author       = {Leonardo Lamanna and
                  Luciano Serafini},
  title        = {Action Model Learning from Noisy Traces: a Probabilistic Approach},
  booktitle    = {{ICAPS}},
  pages        = {342--350},
  publisher    = {{AAAI} Press},
  year         = {2024}
}

@inproceedings{XiGT24,
  author       = {Kai Xi and
                  Stephen Gould and
                  Sylvie Thi{\'{e}}baux},
  title        = {Neuro-Symbolic Learning of Lifted Action Models from Visual Traces},
  booktitle    = {{ICAPS}},
  pages        = {653--662},
  publisher    = {{AAAI} Press},
  year         = {2024}
}

@inproceedings{MordochSSJ24,
  author       = {Argaman Mordoch and
                  Enrico Scala and
                  Roni Stern and
                  Brendan Juba},
  title        = {Safe Learning of {PDDL} Domains with Conditional Effects},
  booktitle    = {{ICAPS}},
  pages        = {387--395},
  publisher    = {{AAAI} Press},
  year         = {2024}
}

@inproceedings{jin2022creativity,
  title={Creativity of {AI}: Automatic symbolic option discovery for facilitating deep reinforcement learning},
  author={Jin, Mu and Ma, Zhihao and Jin, Kebing and Zhuo, Hankz Hankui and Chen, Chen and Yu, Chao},
  booktitle={Proceedings of the AAAI Conference on Artificial Intelligence},
  volume={36},
  number={6},
  pages={7042--7050},
  year={2022}
}

@inproceedings{chitnis2021glib,
  title={Glib: Efficient exploration for relational model-based reinforcement learning via goal-literal babbling},
  author={Chitnis, Rohan and Silver, Tom and Tenenbaum, Joshua B and Kaelbling, Leslie Pack and Lozano-P{\'e}rez, Tom{\'a}s},
  booktitle={Proceedings of the AAAI Conference on Artificial Intelligence},
  volume={35},
  number={13},
  pages={11782--11791},
  year={2021}
}

@inproceedings{ng2019incremental,
  title={Incremental Learning of Planning Actions in Model-Based Reinforcement Learning},
  author={Ng, Jun Hao Alvin and Petrick, Ronald PA},
  booktitle={IJCAI},
  pages={3195--3201},
  year={2019}
}


@inproceedings{karia2023epistemic,
  title={Epistemic Exploration for Generalizable Planning and Learning in Non-Stationary Stochastic Settings},
  author={Karia, Rushang and Verma, Pulkit and Vipat, Gaurav and Srivastava, Siddharth},
  booktitle={NeurIPS 2023 Workshop on Generalization in Planning},
  year={2023}
}

@article{verma2023autonomous,
  title={Autonomous capability assessment of sequential decision-making systems in stochastic settings},
  author={Verma, Pulkit and Karia, Rushang and Srivastava, Siddharth},
  journal={Advances in Neural Information Processing Systems},
  volume={36},
  pages={54727--54739},
  year={2023}
}

@inproceedings{johnson2016malmo,
  title={The Malmo Platform for Artificial Intelligence Experimentation.},
  author={Johnson, Matthew and Hofmann, Katja and Hutton, Tim and Bignell, David},
  booktitle={IJCAI},
  volume={16},
  pages={4246--4247},
  year={2016}
}

@article{skrynnik2021hierarchical,
  title={Hierarchical deep q-network from imperfect demonstrations in minecraft},
  author={Skrynnik, Alexey and Staroverov, Aleksey and Aitygulov, Ermek and Aksenov, Kirill and Davydov, Vasilii and Panov, Aleksandr I},
  journal={Cognitive Systems Research},
  volume={65},
  pages={74--78},
  year={2021},
  publisher={Elsevier}
}

@article{piotrowski2024real,
  title={Real-World Planning with PDDL+ and Beyond},
  author={Piotrowski, Wiktor and Perez, Alexandre},
  journal={arXiv preprint arXiv:2402.11901},
  year={2024}
}

@inproceedings{le2024learning,
  title={Learning Safe Action Models with Partial Observability},
  author={Le, Hai S and Juba, Brendan and Stern, Roni},
  booktitle={Proceedings of the AAAI Conference on Artificial Intelligence},
  volume={38},
  number={18},
  pages={20159--20167},
  year={2024}
}

@inproceedings{juba2022learning,
  title={Learning probably approximately complete and safe action models for stochastic worlds},
  author={Juba, Brendan and Stern, Roni},
  booktitle={Proceedings of the AAAI Conference on Artificial Intelligence},
  volume={36},
  number={9},
  pages={9795--9804},
  year={2022}
}

@inproceedings{lamanna2021online,
  title={Online Learning of Action Models for PDDL Planning.},
  author={Lamanna, Leonardo and Saetti, Alessandro and Serafini, Luciano and Gerevini, Alfonso and Traverso, Paolo and others},
  booktitle={IJCAI},
  pages={4112--4118},
  year={2021}
}

@inproceedings{asai2018classical,
  title={Classical planning in deep latent space: Bridging the subsymbolic-symbolic boundary},
  author={Asai, Masataro and Fukunaga, Alex},
  booktitle={Proceedings of the aaai conference on artificial intelligence},
  volume={32},
  number={1},
  year={2018}
}

@inproceedings{xi2024neuro,
  title={Neuro-Symbolic Learning of Lifted Action Models from Visual Traces},
  author={Xi, Kai and Gould, Stephen and Thi{\'e}baux, Sylvie},
  booktitle={Proceedings of the International Conference on Automated Planning and Scheduling},
  volume={34},
  pages={653--662},
  year={2024}
}

@inproceedings{aldinger2017interval,
  title={Interval based relaxation heuristics for numeric planning with action costs},
  author={Aldinger, Johannes and Nebel, Bernhard},
  booktitle={Joint German/Austrian Conference on Artificial Intelligence (K{\"u}nstliche Intelligenz)},
  pages={15--28},
  year={2017},
  organization={Springer}
}

@inproceedings{jang2017categorical,
  title={Categorical Reparametrization with Gumble-Softmax},
  author={Jang, Eric and Gu, Shixiang and Poole, Ben},
  booktitle={International Conference on Learning Representations (ICLR)},
  year={2017}
}


@inproceedings{james2022autonomous,
  title={Autonomous learning of object-centric abstractions for high-level planning},
  author={James, Steven and Rosman, Benjamin and Konidaris, GD},
  booktitle={International Conference on Learning Representations (ICLR)},
  year={2022}
}

@inproceedings{benyamin2024crafting,
  title={Crafting a Pogo Stick in Minecraft with Heuristic Search},
  author={Benyamin, Yarin and Mordoch, Argaman and Shperberg, Shahaf and Piotrowski, Wiktor and Stern, Roni},
  booktitle={International Symposium on Combinatorial Search},
  pages={261--262},
  year={2024}
}

@article{dreamerv3,
  author       = {Danijar Hafner and
                  Jurgis Pasukonis and
                  Jimmy Ba and
                  Timothy P. Lillicrap},
  title        = {Mastering Diverse Domains through World Models},
  journal      = {CoRR},
  volume       = {abs/2301.04104},
  year         = {2023}
}

@inproceedings{DabneyRBM18,
  author       = {Will Dabney and
                  Mark Rowland and
                  Marc G. Bellemare and
                  R{\'{e}}mi Munos},
  title        = {Distributional Reinforcement Learning With Quantile Regression},
  booktitle    = {{AAAI}},
  pages        = {2892--2901},
  publisher    = {{AAAI} Press},
  year         = {2018}
}

@inproceedings{kanervisto2022minerl,
  title={{MineRL} diamond 2021 competition: Overview, results, and lessons learned},
  author={Kanervisto, Anssi and Milani, Stephanie and Ramanauskas, Karolis and Topin, Nicholay and Lin, Zichuan and Li, Junyou and Shi, Jianing and Ye, Deheng and Fu, Qiang and Yang, Wei and others},
  booktitle={NeurIPS},
  pages={13--28},
  year={2022}
}

@article{kumar2024practice,
  title={Practice Makes Perfect: Planning to Learn Skill Parameter Policies},
  author={Kumar, Nishanth and Silver, Tom and McClinton, Willie and Zhao, Linfeng and Proulx, Stephen and Lozano-P{\'e}rez, Tom{\'a}s and Kaelbling, Leslie Pack and Barry, Jennifer},
  journal={arXiv preprint arXiv:2402.15025},
  year={2024}
}



@article{taitler2024ipc,
  author       = {Ayal Taitler and
                  Ron Alford and
                  Joan Espasa and
                  Gregor Behnke and
                  Daniel Fiser and
                  Michael Gimelfarb and
                  Florian Pommerening and
                  Scott Sanner and
                  Enrico Scala and
                  Dominik Schreiber and
                  Javier Segovia{-}Aguas and
                  Jendrik Seipp},
  title        = {The 2023 International Planning Competition},
  journal      = {{AI} Mag.},
  volume       = {45},
  number       = {2},
  pages        = {280--296},
  year         = {2024}
}


@inproceedings{HuangO22,
  author       = {Shengyi Huang and
                  Santiago Onta{\~{n}}{\'{o}}n},
  title        = {A Closer Look at Invalid Action Masking in Policy Gradient Algorithms},
  booktitle    = {{FLAIRS}},
  year         = {2022}
}




@inproceedings{shleyfman2023structurally,
  title={Structurally Restricted Fragments of Numeric Planning--a Complexity Analysis},
  author={Shleyfman, Alexander and Gnad, Daniel and Jonsson, Peter},
  booktitle={AAAI Conference on Artificial Intelligence},
  pages={12112--12119},
  year={2023}
}

@article{bonet2020qualitative,
  title={Qualitative numeric planning: Reductions and complexity},
  author={Bonet, Blai and Geffner, Hector},
  journal={Journal of Artificial Intelligence Research},
  volume={69},
  pages={923--961},
  year={2020}
}

@inproceedings{gigante2023compilability,
  title={On the Compilability of Bounded Numeric Planning.},
  author={Gigante, Nicola and Scala, Enrico and others},
  booktitle={IJCAI},
  pages={5341--5349},
  year={2023}
}


@inproceedings{helmert2002decidability,
  title={Decidability and Undecidability Results for Planning with Numerical State Variables.},
  author={Helmert, Malte},
  booktitle={AIPS},
  pages={44--53},
  year={2002}
}



@inproceedings{gnad2023planning,
  title={Planning over integers: Compilations and undecidability},
  author={Gnad, Daniel and Helmert, Malte and Jonsson, Peter and Shleyfman, Alexander},
  booktitle={International Conference on Automated Planning and Scheduling (ICAPS)},
  pages={148--152},
  year={2023}
}


@article{gonzalez2009improving,
  title={Improving the genetic algorithm of SLAVE},
  author={Gonz{\'a}lez, Antonio and P{\'e}rez, Ra{\'u}l},
  journal={Mathware \& Soft Computing},
  volume={16},
  number={1},
  pages={59--70},
  year={2009}
}