@article{letaief2019roadmap,
  title={The roadmap to 6G: AI empowered wireless networks},
  author={Letaief, Khaled B and Chen, Wei and Shi, Yuanming and Zhang, Jun and Zhang, Ying-Jun Angela},
  journal={IEEE Communications Magazine},
  volume={57},
  number={8},
  pages={84--90},
  year={2019},
  publisher={IEEE}
}

@article{wang2015multi,
  title={Multi-gigabit millimeter wave wireless communications for 5G: From fixed access to cellular networks},
  author={Wang, Peng and Li, Yonghui and Song, Lingyang and Vucetic, Branka},
  journal={IEEE Communications Magazine},
  volume={53},
  number={1},
  pages={168--178},
  year={2015},
  publisher={IEEE}
}

@article{kountouris2021semantics,
  title={Semantics-empowered communication for networked intelligent systems},
  author={Kountouris, Marios and Pappas, Nikolaos},
  journal={IEEE Communications Magazine},
  volume={59},
  number={6},
  pages={96--102},
  year={2021},
  publisher={IEEE}
}

@article{xie2021deep,
  title={Deep learning enabled semantic communication systems},
  author={Xie, Huiqiang and Qin, Zhijin and Li, Geoffrey Ye and Juang, Biing-Hwang},
  journal={IEEE Transactions on Signal Processing},
  volume={69},
  pages={2663--2675},
  year={2021},
  publisher={IEEE}
}

@article{weng2021semantic,
  title={Semantic communication systems for speech transmission},
  author={Weng, Zhenzi and Qin, Zhijin},
  journal={IEEE Journal on Selected Areas in Communications},
  volume={39},
  number={8},
  pages={2434--2444},
  year={2021},
  publisher={IEEE}
}

@inproceedings{luo2022autoencoder,
  title={Autoencoder-based semantic communication systems with relay channels},
  author={Luo, Xinlai and Yin, Benshun and Chen, Zhiyong and Xia, Bin and Wang, Jiangzhou},
  booktitle={2022 IEEE International Conference on Communications Workshops (ICC Workshops)},
  pages={711--716},
  year={2022},
  organization={IEEE}
}

@article{yoo2023role,
  title={On the role of ViT and CNN in semantic communications: Analysis and prototype validation},
  author={Yoo, Hanju and Dai, Linglong and Kim, Songkuk and Chae, Chan-Byoung},
  journal={IEEE Access},
  year={2023},
  publisher={IEEE}
}

@article{jiang2024large,
  title={Large AI model empowered multimodal semantic communications},
  author={Jiang, Feibo and Dong, Li and Peng, Yubo and Wang, Kezhi and Yang, Kun and Pan, Cunhua and You, Xiaohu},
  journal={IEEE Communications Magazine},
  year={2024},
  publisher={IEEE}
}

@article{achiam2023gpt,
  title={Gpt-4 technical report},
  author={Achiam, Josh and Adler, Steven and Agarwal, Sandhini and Ahmad, Lama and Akkaya, Ilge and Aleman, Florencia Leoni and Almeida, Diogo and Altenschmidt, Janko and Altman, Sam and Anadkat, Shyamal and others},
  journal={arXiv preprint arXiv:2303.08774},
  year={2023}
}

@article{touvron2023llama,
  title={Llama: Open and efficient foundation language models},
  author={Touvron, Hugo and Lavril, Thibaut and Izacard, Gautier and Martinet, Xavier and Lachaux, Marie-Anne and Lacroix, Timoth{\'e}e and Rozi{\`e}re, Baptiste and Goyal, Naman and Hambro, Eric and Azhar, Faisal and others},
  journal={arXiv preprint arXiv:2302.13971},
  year={2023}
}

@inproceedings{kirillov2023segment,
  title={Segment anything},
  author={Kirillov, Alexander and Mintun, Eric and Ravi, Nikhila and Mao, Hanzi and Rolland, Chloe and Gustafson, Laura and Xiao, Tete and Whitehead, Spencer and Berg, Alexander C and Lo, Wan-Yen and others},
  booktitle={Proceedings of the IEEE/CVF International Conference on Computer Vision},
  pages={4015--4026},
  year={2023}
}

@misc{rombach2021highresolution,
      title={High-Resolution Image Synthesis with Latent Diffusion Models}, 
      author={Robin Rombach and Andreas Blattmann and Dominik Lorenz and Patrick Esser and Bj√∂rn Ommer},
      year={2021},
      eprint={2112.10752},
      archivePrefix={arXiv},
      primaryClass={cs.CV}
}

@article{shi2021semantic,
  title={From semantic communication to semantic-aware networking: Model, architecture, and open problems},
  author={Shi, Guangming and Xiao, Yong and Li, Yingyu and Xie, Xuemei},
  journal={IEEE Communications Magazine},
  volume={59},
  number={8},
  pages={44--50},
  year={2021},
  publisher={IEEE}
}

@inproceedings{wang2024uses,
  title={On the Uses of Large Language Models to Design End-to-End Learning Semantic Communication},
  author={Wang, Ying and Sun, Zhuo and Fan, Jinpo and Ma, Hao},
  booktitle={2024 IEEE Wireless Communications and Networking Conference (WCNC)},
  pages={1--6},
  year={2024},
  organization={IEEE}
}

@article{xie2023communication,
  title={Communication-efficient framework for distributed image semantic wireless transmission},
  author={Xie, Bingyan and Wu, Yongpeng and Shi, Yuxuan and Ng, Derrick Wing Kwan and Zhang, Wenjun},
  journal={IEEE Internet of Things Journal},
  year={2023},
  publisher={IEEE}
}

@article{xie2022task,
  title={Task-oriented multi-user semantic communications},
  author={Xie, Huiqiang and Qin, Zhijin and Tao, Xiaoming and Letaief, Khaled B},
  journal={IEEE Journal on Selected Areas in Communications},
  volume={40},
  number={9},
  pages={2584--2597},
  year={2022},
  publisher={IEEE}
}

@article{gou2021knowledge,
  title={Knowledge distillation: A survey},
  author={Gou, Jianping and Yu, Baosheng and Maybank, Stephen J and Tao, Dacheng},
  journal={International Journal of Computer Vision},
  volume={129},
  number={6},
  pages={1789--1819},
  year={2021},
  publisher={Springer}
}

@article{yao2022zeroquant,
  title={Zeroquant: Efficient and affordable post-training quantization for large-scale transformers},
  author={Yao, Zhewei and Yazdani Aminabadi, Reza and Zhang, Minjia and Wu, Xiaoxia and Li, Conglong and He, Yuxiong},
  journal={Advances in Neural Information Processing Systems},
  volume={35},
  pages={27168--27183},
  year={2022}
}

@article{zhang2023predictive,
  title={Predictive and adaptive deep coding for wireless image transmission in semantic communication},
  author={Zhang, Wenyu and Zhang, Haijun and Ma, Hui and Shao, Hua and Wang, Ning and Leung, Victor CM},
  journal={IEEE Transactions on Wireless Communications},
  volume={22},
  number={8},
  pages={5486--5501},
  year={2023},
  publisher={IEEE}
}

@article{liu2024novel,
  title={A novel image semantic communication method via dynamic decision generation network and generative adversarial network},
  author={Liu, Shugang and Peng, Zhan and Yu, Qiangguo and Duan, Linan},
  journal={Scientific Reports},
  volume={14},
  number={1},
  pages={19636},
  year={2024},
  publisher={Nature Publishing Group UK London}
}

@inproceedings{pan2023image,
  title={Image segmentation semantic communication over internet of vehicles},
  author={Pan, Qiang and Tong, Haonan and Lv, Jie and Luo, Tao and Zhang, Zhilong and Yin, Changchuan and Li, Jianfeng},
  booktitle={2023 IEEE Wireless Communications and Networking Conference (WCNC)},
  pages={1--6},
  year={2023},
  organization={IEEE}
}

@article{zhao2024lamosc,
	title={LaMoSC: Large Language Model-Driven Semantic Communication System for Visual Transmission},
	author={Zhao, Yaru and Yue, Yi and Hou, Shoulu and Cheng, Bo and Huang, Yakun},
	journal={IEEE Transactions on Cognitive Communications and Networking},
	year={2024},
	publisher={IEEE}
}

@inproceedings{wang2024uses,
	title={On the Uses of Large Language Models to Design End-to-End Learning Semantic Communication},
	author={Wang, Ying and Sun, Zhuo and Fan, Jinpo and Ma, Hao},
	booktitle={2024 IEEE Wireless Communications and Networking Conference (WCNC)},
	pages={1--6},
	year={2024},
	organization={IEEE}
}

@article{xie2022task,
	title={Task-oriented multi-user semantic communications},
	author={Xie, Huiqiang and Qin, Zhijin and Tao, Xiaoming and Letaief, Khaled B},
	journal={IEEE Journal on Selected Areas in Communications},
	volume={40},
	number={9},
	pages={2584--2597},
	year={2022},
	publisher={IEEE}
}

@article{li2023non,
	title={Non-orthogonal multiple access enhanced multi-user semantic communication},
	author={Li, Weizhi and Liang, Haotai and Dong, Chen and Xu, Xiaodong and Zhang, Ping and Liu, Kaijun},
	journal={IEEE Transactions on Cognitive Communications and Networking},
	year={2023},
	publisher={IEEE}
}

@article{mu2022semantic,
	title={Semantic communications in multi-user wireless networks},
	author={Mu, Xidong and Liu, Yuanwei},
	journal={arXiv preprint arXiv:2211.08932},
	year={2022}
}

@article{zhao2023fast,
  title={Fast segment anything},
  author={Zhao, Xu and Ding, Wenchao and An, Yongqi and Du, Yinglong and Yu, Tao and Li, Min and Tang, Ming and Wang, Jinqiao},
  journal={arXiv preprint arXiv:2306.12156},
  year={2023}
}

@inproceedings{he2022masked,
  title={Masked autoencoders are scalable vision learners},
  author={He, Kaiming and Chen, Xinlei and Xie, Saining and Li, Yanghao and Doll{\'a}r, Piotr and Girshick, Ross},
  booktitle={Proceedings of the IEEE/CVF conference on computer vision and pattern recognition},
  pages={16000--16009},
  year={2022}
}

@article{koksoy2006multiresponse,
  title={Multiresponse robust design: Mean square error (MSE) criterion},
  author={K{\"o}ksoy, Onur},
  journal={Applied Mathematics and Computation},
  volume={175},
  number={2},
  pages={1716--1729},
  year={2006},
  publisher={Elsevier}
}

@inproceedings{lin2017feature,
  title={Feature pyramid networks for object detection},
  author={Lin, Tsung-Yi and Doll{\'a}r, Piotr and Girshick, Ross and He, Kaiming and Hariharan, Bharath and Belongie, Serge},
  booktitle={Proceedings of the IEEE conference on computer vision and pattern recognition},
  pages={2117--2125},
  year={2017}
}

@inproceedings{wang2023yolov7,
  title={YOLOv7: Trainable bag-of-freebies sets new state-of-the-art for real-time object detectors},
  author={Wang, Chien-Yao and Bochkovskiy, Alexey and Liao, Hong-Yuan Mark},
  booktitle={Proceedings of the IEEE/CVF conference on computer vision and pattern recognition},
  pages={7464--7475},
  year={2023}
}

@inproceedings{radford2021learning,
  title={Learning transferable visual models from natural language supervision},
  author={Radford, Alec and Kim, Jong Wook and Hallacy, Chris and Ramesh, Aditya and Goh, Gabriel and Agarwal, Sandhini and Sastry, Girish and Askell, Amanda and Mishkin, Pamela and Clark, Jack and others},
  booktitle={International conference on machine learning},
  pages={8748--8763},
  year={2021},
  organization={PMLR}
}

@article{weisstein2002bernoulli,
  title={Bernoulli distribution},
  author={Weisstein, Eric W},
  journal={https://mathworld. wolfram. com/},
  year={2002},
  publisher={Wolfram Research, Inc.}
}

@article{vaswani2017attention,
  title={Attention is all you need},
  author={Vaswani, A},
  journal={Advances in Neural Information Processing Systems},
  year={2017}
}

@article{zhang2023model,
  title={Model division multiple access for semantic communications},
  author={Zhang, Ping and Xu, Xiaodong and Dong, Chen and Niu, Kai and Liang, Haotai and Liang, Zijian and Qin, Xiaoqi and Sun, Mengying and Chen, Hao and Ma, Nan and others},
  journal={Frontiers of Information Technology \& Electronic Engineering},
  volume={24},
  number={6},
  pages={801--812},
  year={2023},
  publisher={Springer}
}

@misc{everingham2010pascal,
  title={The PASCAL Visual Object Classes (VOC) Challenge},
  author={Mark Everingham and Luc Van Gool and Christopher K. I. Williams and John Winn and Andrew Zisserman},
  year={2010},
  eprint={0909.5206},
  archivePrefix={arXiv},
  primaryClass={cs.CV}
} 

@article{jiang2024large,
  title={Large ai model-based semantic communications},
  author={Jiang, Feibo and Peng, Yubo and Dong, Li and Wang, Kezhi and Yang, Kun and Pan, Cunhua and You, Xiaohu},
  journal={IEEE Wireless Communications},
  volume={31},
  number={3},
  pages={68--75},
  year={2024},
  publisher={IEEE}
}

@inproceedings{hore2010image,
  title={Image quality metrics: PSNR vs. SSIM},
  author={Hore, Alain and Ziou, Djemel},
  booktitle={2010 20th international conference on pattern recognition},
  pages={2366--2369},
  year={2010},
  organization={IEEE}
}

@article{ravi2024sam2,
  title={SAM 2: Segment Anything in Images and Videos},
  author={Ravi, Nikhila and Gabeur, Valentin and Hu, Yuan-Ting and Hu, Ronghang and Ryali, Chaitanya and Ma, Tengyu and Khedr, Haitham and R{\"a}dle, Roman and Rolland, Chloe and Gustafson, Laura and Mintun, Eric and Pan, Junting and Alwala, Kalyan Vasudev and Carion, Nicolas and Wu, Chao-Yuan and Girshick, Ross and Doll{\'a}r, Piotr and Feichtenhofer, Christoph},
  journal={arXiv preprint arXiv:2408.00714},
  url={https://arxiv.org/abs/2408.00714},
  year={2024}
}

@article{Li2022ExploringPV,
  title={Exploring Plain Vision Transformer Backbones for Object Detection},
  author={Yanghao Li and Hanzi Mao and Ross B. Girshick and Kaiming He},
  journal={ArXiv},
  year={2022},
  volume={abs/2203.16527}
}

@article{bourtsoulatze2019deep,
  title={Deep joint source-channel coding for wireless image transmission},
  author={Bourtsoulatze, Eirina and Kurka, David Burth and G{\"u}nd{\"u}z, Deniz},
  journal={IEEE Transactions on Cognitive Communications and Networking},
  volume={5},
  number={3},
  pages={567--579},
  year={2019},
  publisher={IEEE}
}

@inproceedings{yang2023witt,
  title={WITT: A wireless image transmission transformer for semantic communications},
  author={Yang, Ke and Wang, Sixian and Dai, Jincheng and Tan, Kailin and Niu, Kai and Zhang, Ping},
  booktitle={ICASSP 2023-2023 IEEE International Conference on Acoustics, Speech and Signal Processing (ICASSP)},
  pages={1--5},
  year={2023},
  organization={IEEE}
}