@article{jiang2024large,
  title={Large ai model-based semantic communications},
  author={Jiang, Feibo and Peng, Yubo and Dong, Li and Wang, Kezhi and Yang, Kun and Pan, Cunhua and You, Xiaohu},
  journal={IEEE Wireless Communications},
  volume={31},
  number={3},
  pages={68--75},
  year={2024},
  publisher={IEEE}
}

@article{li2023non,
	title={Non-orthogonal multiple access enhanced multi-user semantic communication},
	author={Li, Weizhi and Liang, Haotai and Dong, Chen and Xu, Xiaodong and Zhang, Ping and Liu, Kaijun},
	journal={IEEE Transactions on Cognitive Communications and Networking},
	year={2023},
	publisher={IEEE}
}

@article{liu2024novel,
  title={A novel image semantic communication method via dynamic decision generation network and generative adversarial network},
  author={Liu, Shugang and Peng, Zhan and Yu, Qiangguo and Duan, Linan},
  journal={Scientific Reports},
  volume={14},
  number={1},
  pages={19636},
  year={2024},
  publisher={Nature Publishing Group UK London}
}

@article{mu2022semantic,
	title={Semantic communications in multi-user wireless networks},
	author={Mu, Xidong and Liu, Yuanwei},
	journal={arXiv preprint arXiv:2211.08932},
	year={2022}
}

@inproceedings{pan2023image,
  title={Image segmentation semantic communication over internet of vehicles},
  author={Pan, Qiang and Tong, Haonan and Lv, Jie and Luo, Tao and Zhang, Zhilong and Yin, Changchuan and Li, Jianfeng},
  booktitle={2023 IEEE Wireless Communications and Networking Conference (WCNC)},
  pages={1--6},
  year={2023},
  organization={IEEE}
}

@inproceedings{wang2024uses,
	title={On the Uses of Large Language Models to Design End-to-End Learning Semantic Communication},
	author={Wang, Ying and Sun, Zhuo and Fan, Jinpo and Ma, Hao},
	booktitle={2024 IEEE Wireless Communications and Networking Conference (WCNC)},
	pages={1--6},
	year={2024},
	organization={IEEE}
}

@article{xie2022task,
	title={Task-oriented multi-user semantic communications},
	author={Xie, Huiqiang and Qin, Zhijin and Tao, Xiaoming and Letaief, Khaled B},
	journal={IEEE Journal on Selected Areas in Communications},
	volume={40},
	number={9},
	pages={2584--2597},
	year={2022},
	publisher={IEEE}
}

@article{zhang2023predictive,
  title={Predictive and adaptive deep coding for wireless image transmission in semantic communication},
  author={Zhang, Wenyu and Zhang, Haijun and Ma, Hui and Shao, Hua and Wang, Ning and Leung, Victor CM},
  journal={IEEE Transactions on Wireless Communications},
  volume={22},
  number={8},
  pages={5486--5501},
  year={2023},
  publisher={IEEE}
}

@article{zhao2024lamosc,
	title={LaMoSC: Large Language Model-Driven Semantic Communication System for Visual Transmission},
	author={Zhao, Yaru and Yue, Yi and Hou, Shoulu and Cheng, Bo and Huang, Yakun},
	journal={IEEE Transactions on Cognitive Communications and Networking},
	year={2024},
	publisher={IEEE}
}

