@article{amirizaniani2024llms,
  title={Do LLMs Exhibit Human-Like Reasoning? Evaluating Theory of Mind in LLMs for Open-Ended Responses},
  author={Amirizaniani, Maryam and Martin, Elias and Sivachenko, Maryna and Mashhadi, Afra and Shah, Chirag},
  journal={arXiv preprint arXiv:2406.05659},
  year={2024}
}

@article{forrister2024analyzing,
  title={Analyzing risk perception, evacuation decision and delay time: a case study of the 2021 Marshall Fire in Colorado},
  author={Forrister, Ana and Kuligowski, Erica D and Sun, Yuran and Yan, Xiang and Lovreglio, Ruggiero and Cova, Thomas J and Zhao, Xilei},
  journal={Travel behaviour and society},
  volume={35},
  pages={100729},
  year={2024},
  publisher={Elsevier}
}

@article{gandhi2024understanding,
  title={Understanding social reasoning in language models with language models},
  author={Gandhi, Kanishk and Fr{\"a}nken, Jan-Philipp and Gerstenberg, Tobias and Goodman, Noah},
  journal={Advances in Neural Information Processing Systems},
  volume={36},
  year={2024}
}

@article{gu2024simpletom,
  title={SimpleToM: Exposing the Gap between Explicit ToM Inference and Implicit ToM Application in LLMs},
  author={Gu, Yuling and Tafjord, Oyvind and Kim, Hyunwoo and Moore, Jared and Bras, Ronan Le and Clark, Peter and Choi, Yejin},
  journal={arXiv preprint arXiv:2410.13648},
  year={2024}
}

@inproceedings{kang-etal-2023-values,
    title = "From Values to Opinions: Predicting Human Behaviors and Stances Using Value-Injected Large Language Models",
    author = "Kang, Dongjun  and
      Park, Joonsuk  and
      Jo, Yohan  and
      Bak, JinYeong",
    editor = "Bouamor, Houda  and
      Pino, Juan  and
      Bali, Kalika",
    booktitle = "Proceedings of the 2023 Conference on Empirical Methods in Natural Language Processing",
    month = dec,
    year = "2023",
    address = "Singapore",
    publisher = "Association for Computational Linguistics",
    url = "https://aclanthology.org/2023.emnlp-main.961/",
    doi = "10.18653/v1/2023.emnlp-main.961",
    pages = "15539--15559"
}

@inproceedings{kuribayashi-etal-2024-psychometric,
    title = "Psychometric Predictive Power of Large Language Models",
    author = "Kuribayashi, Tatsuki  and
      Oseki, Yohei  and
      Baldwin, Timothy",
    editor = "Duh, Kevin  and
      Gomez, Helena  and
      Bethard, Steven",
    booktitle = "Findings of the Association for Computational Linguistics: NAACL 2024",
    month = jun,
    year = "2024",
    address = "Mexico City, Mexico",
    publisher = "Association for Computational Linguistics",
    url = "https://aclanthology.org/2024.findings-naacl.129/",
    doi = "10.18653/v1/2024.findings-naacl.129",
    pages = "1983--2005"
}

@article{leng2023llm,
  title={Do LLM Agents Exhibit Social Behavior?},
  author={Leng, Yan and Yuan, Yuan},
  journal={arXiv preprint arXiv:2312.15198},
  year={2023}
}

@inproceedings{li-etal-2024-llms-speak,
    title = "Can {LLM}s Speak For Diverse People? Tuning {LLM}s via Debate to Generate Controllable Controversial Statements",
    author = "Li, Ming  and
      Chen, Jiuhai  and
      Chen, Lichang  and
      Zhou, Tianyi",
    editor = "Ku, Lun-Wei  and
      Martins, Andre  and
      Srikumar, Vivek",
    booktitle = "Findings of the Association for Computational Linguistics ACL 2024",
    month = aug,
    year = "2024",
    address = "Bangkok, Thailand and virtual meeting",
    publisher = "Association for Computational Linguistics",
    url = "https://aclanthology.org/2024.findings-acl.956",
    pages = "16160--16176",
}

@article{liu2024large,
  title={Large language models assume people are more rational than we really are},
  author={Liu, Ryan and Geng, Jiayi and Peterson, Joshua C and Sucholutsky, Ilia and Griffiths, Thomas L},
  journal={arXiv preprint arXiv:2406.17055},
  year={2024}
}

@article{lovreglio2020calibrating,
  title={Calibrating the Wildfire Decision Model using hybrid choice modelling},
  author={Lovreglio, Ruggiero and Kuligowski, Erica and Walpole, Emily and Link, Eric and Gwynne, Steve},
  journal={International Journal of Disaster Risk Reduction},
  volume={50},
  pages={101770},
  year={2020},
  publisher={Elsevier}
}

@article{mccaffrey2018should,
  title={Should I stay or should I go now? Or should I wait and see? Influences on wildfire evacuation decisions},
  author={McCaffrey, Sarah and Wilson, Robyn and Konar, Avishek},
  journal={Risk analysis},
  volume={38},
  number={7},
  pages={1390--1404},
  year={2018},
  publisher={Wiley Online Library}
}

@article{mensfelt2024logic,
  title={Logic-enhanced language model agents for trustworthy social simulations},
  author={Mensfelt, Agnieszka and Stathis, Kostas and Trencsenyi, Vince},
  journal={arXiv preprint arXiv:2408.16081},
  year={2024}
}

@article{sreedhar2025simulating,
  title={Simulating Strategic Reasoning: Comparing the Ability of Single LLMs and Multi-Agent Systems to Replicate Human Behavior},
  author={Sreedhar, Karthik and Chilton, Lydia},
  year={2025}
}

@article{sun4953233investigating,
  title={Investigating wildfire evacuation decisions using hybrid choice modeling},
  author={Sun, Yuran and Lovreglio, Ruggiero and Kuligowski, Erica and Morrison, Rosie and Cova, Thomas and Zhao, Xilei},
  journal={Available at SSRN 4953233},
  year={2024},
}

@article{xu2023predicting,
  title={Predicting and assessing wildfire evacuation decision-making using machine learning: Findings from the 2019 kincade fire},
  author={Xu, Ningzhe and Lovreglio, Ruggiero and Kuligowski, Erica D and Cova, Thomas J and Nilsson, Daniel and Zhao, Xilei},
  journal={Fire Technology},
  volume={59},
  number={2},
  pages={793--825},
  year={2023},
  publisher={Springer}
}

@article{zhou2023far,
  title={How FaR Are Large Language Models From Agents with Theory-of-Mind?},
  author={Zhou, Pei and Madaan, Aman and Potharaju, Srividya Pranavi and Gupta, Aditya and McKee, Kevin R and Holtzman, Ari and Pujara, Jay and Ren, Xiang and Mishra, Swaroop and Nematzadeh, Aida and others},
  journal={arXiv preprint arXiv:2310.03051},
  year={2023}
}

@article{zhu2024language,
  title={Language Models Trained to do Arithmetic Predict Human Risky and Intertemporal Choice},
  author={Zhu, Jian-Qiao and Yan, Haijiang and Griffiths, Thomas L},
  journal={arXiv preprint arXiv:2405.19313},
  year={2024}
}

