@inproceedings{bai2024longalign,
    title = "{L}ong{A}lign: A Recipe for Long Context Alignment of Large Language Models",
    author = "Bai, Yushi  and
      Lv, Xin  and
      Zhang, Jiajie  and
      He, Yuze  and
      Qi, Ji  and
      Hou, Lei  and
      Tang, Jie  and
      Dong, Yuxiao  and
      Li, Juanzi",
    booktitle = "Findings of the Association for Computational Linguistics: EMNLP 2024",
    year = "2024",
    url = "https://aclanthology.org/2024.findings-emnlp.74",
}

@misc{chen2023extending,
      title={Extending Context Window of Large Language Models via Positional Interpolation}, 
      author={Shouyuan Chen and Sherman Wong and Liangjian Chen and Yuandong Tian},
      year={2023},
      url={https://arxiv.org/abs/2306.15595}, 
}

@misc{chen2024essential,
      title={What are the Essential Factors in Crafting Effective Long Context Multi-Hop Instruction Datasets? Insights and Best Practices}, 
      author={Zhi Chen and Qiguang Chen and Libo Qin and Qipeng Guo and Haijun Lv and Yicheng Zou and Wanxiang Che and Hang Yan and Kai Chen and Dahua Lin},
      year={2024},
      url={https://arxiv.org/abs/2409.01893}, 
}

@inproceedings{chen2024longlora,
    title={LongLo{RA}: Efficient Fine-tuning of Long-Context Large Language Models},
    author={Yukang Chen and Shengju Qian and Haotian Tang and Xin Lai and Zhijian Liu and Song Han and Jiaya Jia},
    booktitle={The Twelfth International Conference on Learning Representations},
    year={2024},
    url={https://openreview.net/forum?id=6PmJoRfdaK}
}

@misc{chiang2023vicuna,
    title = {Vicuna: An Open-Source Chatbot Impressing GPT-4 with 90\%* ChatGPT Quality},
    author = {Chiang, Wei-Lin and Li, Zhuohan and Lin, Zi and Sheng, Ying and Wu, Zhanghao and Zhang, Hao and Zheng, Lianmin and Zhuang, Siyuan and Zhuang, Yonghao and Gonzalez, Joseph E. and Stoica, Ion and Xing, Eric P.},
    year = {2023},
    url = {https://lmsys.org/blog/2023-03-30-vicuna/},
}

@article{dubey2024llama,
  title={The llama 3 herd of models},
  author={Dubey, Abhimanyu and Jauhri, Abhinav and Pandey, Abhinav and Kadian, Abhishek and Al-Dahle, Ahmad and Letman, Aiesha and Mathur, Akhil and Schelten, Alan and Yang, Amy and Fan, Angela and others},
  journal={arXiv preprint arXiv:2407.21783},
  url={https://arxiv.org/pdf/2407.21783},
  year={2024}
}

@misc{fu2024data,
      title={Data Engineering for Scaling Language Models to 128K Context}, 
      author={Yao Fu and Rameswar Panda and Xinyao Niu and Xiang Yue and Hannaneh Hajishirzi and Yoon Kim and Hao Peng},
      year={2024},
      url={https://arxiv.org/abs/2402.10171}, 
}

@misc{gao2024train,
      title={How to Train Long-Context Language Models (Effectively)}, 
      author={Tianyu Gao and Alexander Wettig and Howard Yen and Danqi Chen},
      year={2024},
      archivePrefix={arXiv},
      url={https://arxiv.org/abs/2410.02660}, 
}

@inproceedings{peng2024yarn,
    title={Ya{RN}: Efficient Context Window Extension of Large Language Models},
    author={Bowen Peng and Jeffrey Quesnelle and Honglu Fan and Enrico Shippole},
    booktitle={The Twelfth International Conference on Learning Representations},
    year={2024},
    url={https://openreview.net/forum?id=wHBfxhZu1u}
}

@misc{quan2024language,
      title={Language Models can Self-Lengthen to Generate Long Texts}, 
      author={Shanghaoran Quan and Tianyi Tang and Bowen Yu and An Yang and Dayiheng Liu and Bofei Gao and Jianhong Tu and Yichang Zhang and Jingren Zhou and Junyang Lin},
      year={2024},
      url={https://arxiv.org/abs/2410.23933}, 
}

@misc{rozière2024codellama,
      title={Code Llama: Open Foundation Models for Code}, 
      author={Baptiste Rozière and Jonas Gehring and Fabian Gloeckle and Sten Sootla and Itai Gat and Xiaoqing Ellen Tan and Yossi Adi and Jingyu Liu and Romain Sauvestre and Tal Remez and Jérémy Rapin and Artyom Kozhevnikov and Ivan Evtimov and Joanna Bitton and Manish Bhatt and Cristian Canton Ferrer and Aaron Grattafiori and Wenhan Xiong and Alexandre Défossez and Jade Copet and Faisal Azhar and Hugo Touvron and Louis Martin and Nicolas Usunier and Thomas Scialom and Gabriel Synnaeve},
      year={2024},
      url={https://arxiv.org/abs/2308.12950}, 
}

@inproceedings{shaham2023zeroscrolls,
    title = "{Z}ero{SCROLLS}: A Zero-Shot Benchmark for Long Text Understanding",
    author = "Shaham, Uri  and
      Ivgi, Maor  and
      Efrat, Avia  and
      Berant, Jonathan  and
      Levy, Omer",
    booktitle = "Findings of the Association for Computational Linguistics: EMNLP 2023",
    year = "2023",
    url = "https://aclanthology.org/2023.findings-emnlp.536",
}

@article{su2024roformer,
    title = {RoFormer: Enhanced transformer with Rotary Position Embedding},
    journal = {Neurocomputing},
    year = {2024},
    url = {https://www.sciencedirect.com/science/article/pii/S0925231223011864},
    author = {Jianlin Su and Murtadha Ahmed and Yu Lu and Shengfeng Pan and Wen Bo and Yunfeng Liu},
}

@inproceedings{xiong2024effective,
    title = "Effective Long-Context Scaling of Foundation Models",
    author = "Xiong, Wenhan  and
      Liu, Jingyu  and
      Molybog, Igor  and
      Zhang, Hejia  and
      Bhargava, Prajjwal  and
      Hou, Rui  and
      Martin, Louis  and
      Rungta, Rashi  and
      Sankararaman, Karthik Abinav  and
      Oguz, Barlas  and
      Khabsa, Madian  and
      Fang, Han  and
      Mehdad, Yashar  and
      Narang, Sharan  and
      Malik, Kshitiz  and
      Fan, Angela  and
      Bhosale, Shruti  and
      Edunov, Sergey  and
      Lewis, Mike  and
      Wang, Sinong  and
      Ma, Hao",
    booktitle = "Proceedings of the 2024 Conference of the North American Chapter of the Association for Computational Linguistics: Human Language Technologies (Volume 1: Long Papers)",
    year = "2024",
    url = "https://aclanthology.org/2024.naacl-long.260",
}

