
% Journals

% First the Full Name is given, then the abbreviation used in the AMS Math
% Reviews, with an indication if it could not be found there.
% Note the 2nd overwrites the 1st, so swap them if you want the full name.

 %{AMS}
 @String{AMSTrans = "American Mathematical Society Translations" }
 @String{AMSTrans = "Amer. Math. Soc. Transl." }
 @String{BullAMS = "Bulletin of the American Mathematical Society" }
 @String{BullAMS = "Bull. Amer. Math. Soc." }
 @String{ProcAMS = "Proceedings of the American Mathematical Society" }
 @String{ProcAMS = "Proc. Amer. Math. Soc." }
 @String{TransAMS = "Transactions of the American Mathematical Society" }
 @String{TransAMS = "Trans. Amer. Math. Soc." }

 %ACM
 @String{CACM = "Communications of the {ACM}" }
 @String{CACM = "Commun. {ACM}" }
 @String{CompServ = "Comput. Surveys" }
 @String{JACM = "J. ACM" }
 @String{ACMMathSoft = "{ACM} Transactions on Mathematical Software" }
 @String{ACMMathSoft = "{ACM} Trans. Math. Software" }
 @String{SIGNUM = "{ACM} {SIGNUM} Newsletter" }
 @String{SIGNUM = "{ACM} {SIGNUM} Newslett." }

 @String{AmerSocio = "American Journal of Sociology" }
 @String{AmerStatAssoc = "Journal of the American Statistical Association" }
 @String{AmerStatAssoc = "J. Amer. Statist. Assoc." }
 @String{ApplMathComp = "Applied Mathematics and Computation" }
 @String{ApplMathComp = "Appl. Math. Comput." }
 @String{AmerMathMonthly = "American Mathematical Monthly" }
 @String{AmerMathMonthly = "Amer. Math. Monthly" }
 @String{BIT = "{BIT}" }
 @String{BritStatPsych = "British Journal of Mathematical and Statistical
          Psychology" }
 @String{BritStatPsych = "Brit. J. Math. Statist. Psych." }
 @String{CanMathBull = "Canadian Mathematical Bulletin" }
 @String{CanMathBull = "Canad. Math. Bull." }
 @String{CompApplMath = "Journal of Computational and Applied Mathematics" }
 @String{CompApplMath = "J. Comput. Appl. Math." }
 @String{CompPhys = "Journal of Computational Physics" }
 @String{CompPhys = "J. Comput. Phys." }
 @String{CompStruct = "Computers and Structures" }
 @String{CompStruct = "Comput. \& Structures" }
 @String{CompJour = "The Computer Journal" }
 @String{CompJour = "Comput. J." }
 @String{CompSysSci = "Journal of Computer and System Sciences" }
 @String{CompSysSci = "J. Comput. System Sci." }
 @String{Computing = "Computing" }
 @String{ContempMath = "Contemporary Mathematics" }
 @String{ContempMath = "Contemp. Math." }
 @String{Crelle = "Crelle's Journal" }
 @String{GiornaleMath = "Giornale di Mathematiche" }
 @String{GiornaleMath = "Giorn. Mat." } % didn't find in AMS MR., ibid.

 %IEEE
 @String{Computer = "{IEEE} Computer" }
 @String{IEEETransComp = "{IEEE} Transactions on Computers" }
 @String{IEEETransComp = "{IEEE} Trans. Comput." }
 @String{IEEETransAC = "{IEEE} Transactions on Automatic Control" }
 @String{IEEETransAC = "{IEEE} Trans. Automat. Control" }
 @String{IEEESpec = "{IEEE} Spectrum" } % didn't find in AMS MR
 @String{ProcIEEE = "Proceedings of the {IEEE}" }
 @String{ProcIEEE = "Proc. {IEEE}" } % didn't find in AMS MR
 @String{IEEETransAeroElec = "{IEEE} Transactions on Aerospace and Electronic
     Systems" }
 @String{IEEETransAeroElec = "{IEEE} Trans. Aerospace Electron. Systems" }

 @String{IMANumerAna = "{IMA} Journal of Numerical Analysis" }
 @String{IMANumerAna = "{IMA} J. Numer. Anal." }
 @String{InfProcLet = "Information Processing Letters" }
 @String{InfProcLet = "Inform. Process. Lett." }
 @String{InstMathApp = "Journal of the Institute of Mathematics and
     its Applications" }
 @String{InstMathApp = "J. Inst. Math. Appl." }
 @String{IntControl = "International Journal of Control" }
 @String{IntControl = "Internat. J. Control" }
 @String{IntNumerEng = "International Journal for Numerical Methods in
     Engineering" }
 @String{IntNumerEng = "Internat. J. Numer. Methods Engrg." }
 @String{IntSuper = "International Journal of Supercomputing Applications" }
 @String{IntSuper = "Internat. J. Supercomputing Applic." } % didn't find
%% in AMS MR
 @String{Kibernetika = "Kibernetika" }
 @String{JResNatBurStand = "Journal of Research of the National Bureau
     of Standards" }
 @String{JResNatBurStand = "J. Res. Nat. Bur. Standards" }
 @String{LinAlgApp = "Linear Algebra and its Applications" }
 @String{LinAlgApp = "Linear Algebra Appl." }
 @String{MathAnaAppl = "Journal of Mathematical Analysis and Applications" }
 @String{MathAnaAppl = "J. Math. Anal. Appl." }
 @String{MathAnnalen = "Mathematische Annalen" }
 @String{MathAnnalen = "Math. Ann." }
 @String{MathPhys = "Journal of Mathematical Physics" }
 @String{MathPhys = "J. Math. Phys." }
 @String{MathComp = "Mathematics of Computation" }
 @String{MathComp = "Math. Comp." }
 @String{MathScand = "Mathematica Scandinavica" }
 @String{MathScand = "Math. Scand." }
 @String{TablesAidsComp = "Mathematical Tables and Other Aids to Computation" }
 @String{TablesAidsComp = "Math. Tables Aids Comput." }
 @String{NumerMath = "Numerische Mathematik" }
 @String{NumerMath = "Numer. Math." }
 @String{PacificMath = "Pacific Journal of Mathematics" }
 @String{PacificMath = "Pacific J. Math." }
 @String{ParDistComp = "Journal of Parallel and Distributed Computing" }
 @String{ParDistComp = "J. Parallel and Distrib. Comput." } % didn't find
%% in AMS MR
 @String{ParComputing = "Parallel Computing" }
 @String{ParComputing = "Parallel Comput." }
 @String{PhilMag = "Philosophical Magazine" }
 @String{PhilMag = "Philos. Mag." }
 @String{ProcNAS = "Proceedings of the National Academy of Sciences
                    of the USA" }
 @String{ProcNAS = "Proc. Nat. Acad. Sci. U. S. A." }
 @String{Psychometrika = "Psychometrika" }
 @String{QuartMath = "Quarterly Journal of Mathematics, Oxford, Series (2)" }
 @String{QuartMath = "Quart. J. Math. Oxford Ser. (2)" }
 @String{QuartApplMath = "Quarterly of Applied Mathematics" }
 @String{QuartApplMath = "Quart. Appl. Math." }
 @String{RevueInstStat = "Review of the International Statisical Institute" }
 @String{RevueInstStat = "Rev. Inst. Internat. Statist." }

 %SIAM
 @String{JSIAM = "Journal of the Society for Industrial and Applied
     Mathematics" }
 @String{JSIAM = "J. Soc. Indust. Appl. Math." }
 @String{JSIAMB = "Journal of the Society for Industrial and Applied
     Mathematics, Series B, Numerical Analysis" }
 @String{JSIAMB = "J. Soc. Indust. Appl. Math. Ser. B Numer. Anal." }
 @String{SIAMAlgMeth = "{SIAM} Journal on Algebraic and Discrete Methods" }
 @String{SIAMAlgMeth = "{SIAM} J. Algebraic Discrete Methods" }
 @String{SIAMAppMath = "{SIAM} Journal on Applied Mathematics" }
 @String{SIAMAppMath = "{SIAM} J. Appl. Math." }
 @String{SIAMComp = "{SIAM} Journal on Computing" }
 @String{SIAMComp = "{SIAM} J. Comput." }
 @String{SIAMMatrix = "{SIAM} Journal on Matrix Analysis and Applications" }
 @String{SIAMMatrix = "{SIAM} J. Matrix Anal. Appl." }
 @String{SIAMNumAnal = "{SIAM} Journal on Numerical Analysis" }
 @String{SIAMNumAnal = "{SIAM} J. Numer. Anal." }
 @String{SIAMReview = "{SIAM} Review" }
 @String{SIAMReview = "{SIAM} Rev." }
 @String{SIAMSciStat = "{SIAM} Journal on Scientific and Statistical
     Computing" }
 @String{SIAMSciStat = "{SIAM} J. Sci. Statist. Comput." }

 @String{SoftPracExp = "Software Practice and Experience" }
 @String{SoftPracExp = "Software Prac. Experience" } % didn't find in AMS MR
 @String{StatScience = "Statistical Science" }
 @String{StatScience = "Statist. Sci." }
 @String{Techno = "Technometrics" }
 @String{USSRCompMathPhys = "{USSR} Computational Mathematics and Mathematical
     Physics" }
 @String{USSRCompMathPhys = "{U. S. S. R.} Comput. Math. and Math. Phys." }
 @String{VLSICompSys = "Journal of {VLSI} and Computer Systems" }
 @String{VLSICompSys = "J. {VLSI} Comput. Syst." }
 @String{ZAngewMathMech = "Zeitschrift fur Angewandte Mathematik und
     Mechanik" }
 @String{ZAngewMathMech = "Z. Angew. Math. Mech." }
 @String{ZAngewMathPhys = "Zeitschrift fur Angewandte Mathematik und Physik" }
 @String{ZAngewMathPhys = "Z. Angew. Math. Phys." }

% Publishers % ================================================= |

 @String{Academic = "Academic Press" }
 @String{ACMPress = "{ACM} Press" }
 @String{AdamHilger = "Adam Hilger" }
 @String{AddisonWesley = "Addison-Wesley" }
 @String{AllynBacon = "Allyn and Bacon" }
 @String{AMS = "American Mathematical Society" }
 @String{Birkhauser = "Birkha{\"u}ser" }
 @String{CambridgePress = "Cambridge University Press" }
 @String{Chelsea = "Chelsea" }
 @String{ClaredonPress = "Claredon Press" }
 @String{DoverPub = "Dover Publications" }
 @String{Eyolles = "Eyolles" }
 @String{HoltRinehartWinston = "Holt, Rinehart and Winston" }
 @String{Interscience = "Interscience" }
 @String{JohnsHopkinsPress = "The Johns Hopkins University Press" }
 @String{JohnWileySons = "John Wiley and Sons" }
 @String{Macmillan = "Macmillan" }
 @String{MathWorks = "The Math Works Inc." }
 @String{McGrawHill = "McGraw-Hill" }
 @String{NatBurStd = "National Bureau of Standards" }
 @String{NorthHolland = "North-Holland" }
 @String{OxfordPress = "Oxford University Press" }  %address Oxford or London?
 @String{PergamonPress = "Pergamon Press" }
 @String{PlenumPress = "Plenum Press" }
 @String{PrenticeHall = "Prentice-Hall" }
 @String{SIAMPub = "{SIAM} Publications" }
 @String{Springer = "Springer-Verlag" }
 @String{TexasPress = "University of Texas Press" }
 @String{VanNostrand = "Van Nostrand" }
 @String{WHFreeman = "W. H. Freeman and Co." }

%Entries

@article{huang2024evolver,
  title={Evolver: Chain-of-Evolution Prompting to Boost Large Multimodal Models for Hateful Meme Detection},
  author={Huang, Jinfa and Pan, Jinsheng and Wan, Zhongwei and Lyu, Hanjia and Luo, Jiebo},
  journal={arXiv preprint arXiv:2407.21004},
  year={2024}
}

@article{awadalla2023openflamingo,
  title={Openflamingo: An open-source framework for training large autoregressive vision-language models},
  author={Awadalla, Anas and Gao, Irena and Gardner, Josh and Hessel, Jack and Hanafy, Yusuf and Zhu, Wanrong and Marathe, Kalyani and Bitton, Yonatan and Gadre, Samir and Sagawa, Shiori and others},
  journal={arXiv preprint arXiv:2308.01390},
  year={2023}
}

@inproceedings{liu2024improved,
  title={Improved baselines with visual instruction tuning},
  author={Liu, Haotian and Li, Chunyuan and Li, Yuheng and Lee, Yong Jae},
  booktitle={Proceedings of the IEEE/CVF Conference on Computer Vision and Pattern Recognition},
  pages={26296--26306},
  year={2024}
}

@article{zhao2023mmicl,
  title={Mmicl: Empowering vision-language model with multi-modal in-context learning},
  author={Zhao, Haozhe and Cai, Zefan and Si, Shuzheng and Ma, Xiaojian and An, Kaikai and Chen, Liang and Liu, Zixuan and Wang, Sheng and Han, Wenjuan and Chang, Baobao},
  journal={arXiv preprint arXiv:2309.07915},
  year={2023}
}

@article{zhu2023minigpt,
  title={Minigpt-4: Enhancing vision-language understanding with advanced large language models},
  author={Zhu, Deyao and Chen, Jun and Shen, Xiaoqian and Li, Xiang and Elhoseiny, Mohamed},
  journal={arXiv preprint arXiv:2304.10592},
  year={2023}
}

@inproceedings{li2023blip,
  title={Blip-2: Bootstrapping language-image pre-training with frozen image encoders and large language models},
  author={Li, Junnan and Li, Dongxu and Savarese, Silvio and Hoi, Steven},
  booktitle={International conference on machine learning},
  pages={19730--19742},
  year={2023},
  organization={PMLR}
}

@article{liu2024visual,
  title={Visual instruction tuning},
  author={Liu, Haotian and Li, Chunyuan and Wu, Qingyang and Lee, Yong Jae},
  journal={Advances in neural information processing systems},
  volume={36},
  year={2024}
}

@article{cinelli2021echo,
  title={The echo chamber effect on social media},
  author={Cinelli, Matteo and De Francisci Morales, Gianmarco and Galeazzi, Alessandro and Quattrociocchi, Walter and Starnini, Michele},
  journal={Proceedings of the National Academy of Sciences},
  volume={118},
  number={9},
  pages={e2023301118},
  year={2021},
  publisher={National Acad Sciences}
}

@inproceedings{zannettou2018gab,
  title={What is gab: A bastion of free speech or an alt-right echo chamber},
  author={Zannettou, Savvas and Bradlyn, Barry and De Cristofaro, Emiliano and Kwak, Haewoon and Sirivianos, Michael and Stringini, Gianluca and Blackburn, Jeremy},
  booktitle={Companion Proceedings of the The Web Conference 2018},
  pages={1007--1014},
  year={2018}
}

@inproceedings{gillani2018me,
  title={Me, my echo chamber, and I: introspection on social media polarization},
  author={Gillani, Nabeel and Yuan, Ann and Saveski, Martin and Vosoughi, Soroush and Roy, Deb},
  booktitle={Proceedings of the 2018 World Wide Web Conference},
  pages={823--831},
  year={2018}
}

@inproceedings{das2023hatemm,
  title={Hatemm: A multi-modal dataset for hate video classification},
  author={Das, Mithun and Raj, Rohit and Saha, Punyajoy and Mathew, Binny and Gupta, Manish and Mukherjee, Animesh},
  booktitle={Proceedings of the International AAAI Conference on Web and Social Media},
  volume={17},
  pages={1014--1023},
  year={2023}
}

@article{kiela2020hateful,
  title={The hateful memes challenge: Detecting hate speech in multimodal memes},
  author={Kiela, Douwe and Firooz, Hamed and Mohan, Aravind and Goswami, Vedanuj and Singh, Amanpreet and Ringshia, Pratik and Testuggine, Davide},
  journal={Advances in neural information processing systems},
  volume={33},
  pages={2611--2624},
  year={2020}
}

@article{weerasooriya2023vicarious,
  title={Vicarious offense and noise audit of offensive speech classifiers: unifying human and machine disagreement on what is offensive},
  author={Weerasooriya, Tharindu Cyril and Dutta, Sujan and Ranasinghe, Tharindu and Zampieri, Marcos and Homan, Christopher M and KhudaBukhsh, Ashiqur R},
  journal={arXiv preprint arXiv:2301.12534},
  year={2023}
}

@article{devlin2018bert,
  title={Bert: Pre-training of deep bidirectional transformers for language understanding},
  author={Devlin, Jacob and Chang, Ming-Wei and Lee, Kenton and Toutanova, Kristina},
  journal={arXiv preprint arXiv:1810.04805},
  year={2018}
}

@inproceedings{mathew2021hatexplain,
  title={Hatexplain: A benchmark dataset for explainable hate speech detection},
  author={Mathew, Binny and Saha, Punyajoy and Yimam, Seid Muhie and Biemann, Chris and Goyal, Pawan and Mukherjee, Animesh},
  booktitle={Proceedings of the AAAI conference on artificial intelligence},
  volume={35},
  pages={14867--14875},
  year={2021}
}

@inproceedings{zhu2015aligning,
  title={Aligning books and movies: Towards story-like visual explanations by watching movies and reading books},
  author={Zhu, Yukun and Kiros, Ryan and Zemel, Rich and Salakhutdinov, Ruslan and Urtasun, Raquel and Torralba, Antonio and Fidler, Sanja},
  booktitle={Proceedings of the IEEE international conference on computer vision},
  pages={19--27},
  year={2015}
}

@article{wang2018glue,
  title={GLUE: A multi-task benchmark and analysis platform for natural language understanding},
  author={Wang, Alex and Singh, Amanpreet and Michael, Julian and Hill, Felix and Levy, Omer and Bowman, Samuel R},
  journal={arXiv preprint arXiv:1804.07461},
  year={2018}
}

@article{rajpurkar2016squad,
  title={Squad: 100,000+ questions for machine comprehension of text},
  author={Rajpurkar, Pranav and Zhang, Jian and Lopyrev, Konstantin and Liang, Percy},
  journal={arXiv preprint arXiv:1606.05250},
  year={2016}
}

@article{zellers2018swag,
  title={Swag: A large-scale adversarial dataset for grounded commonsense inference},
  author={Zellers, Rowan and Bisk, Yonatan and Schwartz, Roy and Choi, Yejin},
  journal={arXiv preprint arXiv:1808.05326},
  year={2018}
}

@article{joshi2017triviaqa,
  title={Triviaqa: A large scale distantly supervised challenge dataset for reading comprehension},
  author={Joshi, Mandar and Choi, Eunsol and Weld, Daniel S and Zettlemoyer, Luke},
  journal={arXiv preprint arXiv:1705.03551},
  year={2017}
}

@inproceedings{radford2021learning,
  title={Learning transferable visual models from natural language supervision},
  author={Radford, Alec and Kim, Jong Wook and Hallacy, Chris and Ramesh, Aditya and Goh, Gabriel and Agarwal, Sandhini and Sastry, Girish and Askell, Amanda and Mishkin, Pamela and Clark, Jack and others},
  booktitle={International conference on machine learning},
  pages={8748--8763},
  year={2021},
  organization={PMLR}
}

@inproceedings{elizalde2023clap,
  title={Clap learning audio concepts from natural language supervision},
  author={Elizalde, Benjamin and Deshmukh, Soham and Al Ismail, Mahmoud and Wang, Huaming},
  booktitle={ICASSP 2023-2023 IEEE International Conference on Acoustics, Speech and Signal Processing (ICASSP)},
  pages={1--5},
  year={2023},
  organization={IEEE}
}

@article{baevski2020wav2vec,
  title={wav2vec 2.0: A framework for self-supervised learning of speech representations},
  author={Baevski, Alexei and Zhou, Yuhao and Mohamed, Abdelrahman and Auli, Michael},
  journal={Advances in neural information processing systems},
  volume={33},
  pages={12449--12460},
  year={2020}
}

@article{mermelstein1976distance,
  title={Distance measures for speech recognition, psychological and instrumental},
  author={Mermelstein, Paul},
  journal={Pattern recognition and artificial intelligence},
  volume={116},
  pages={374--388},
  year={1976}
}

@article{davis1980comparison,
  title={Comparison of parametric representations for monosyllabic word recognition in continuously spoken sentences},
  author={Davis, Steven and Mermelstein, Paul},
  journal={IEEE transactions on acoustics, speech, and signal processing},
  volume={28},
  number={4},
  pages={357--366},
  year={1980},
  publisher={IEEE}
}

@inproceedings{grinstein2018audio,
  title={Audio style transfer},
  author={Grinstein, Eric and Duong, Ngoc QK and Ozerov, Alexey and P{\'e}rez, Patrick},
  booktitle={2018 IEEE international conference on acoustics, speech and signal processing (ICASSP)},
  pages={586--590},
  year={2018},
  organization={IEEE}
}

@article{simonyan2014very,
  title={Very deep convolutional networks for large-scale image recognition},
  author={Simonyan, Karen and Zisserman, Andrew},
  journal={arXiv preprint arXiv:1409.1556},
  year={2014}
}

@inproceedings{panayotov2015librispeech,
  title={Librispeech: an asr corpus based on public domain audio books},
  author={Panayotov, Vassil and Chen, Guoguo and Povey, Daniel and Khudanpur, Sanjeev},
  booktitle={2015 IEEE international conference on acoustics, speech and signal processing (ICASSP)},
  pages={5206--5210},
  year={2015},
  organization={IEEE}
}

@article{garofolo1993darpa,
  title={DARPA TIMIT acoustic-phonetic continous speech corpus CD-ROM. NIST speech disc 1-1.1},
  author={Garofolo, John S and Lamel, Lori F and Fisher, William M and Fiscus, Jonathan G and Pallett, David S},
  journal={NASA STI/Recon technical report n},
  volume={93},
  pages={27403},
  year={1993}
}

@article{fonseca2021fsd50k,
  title={Fsd50k: an open dataset of human-labeled sound events},
  author={Fonseca, Eduardo and Favory, Xavier and Pons, Jordi and Font, Frederic and Serra, Xavier},
  journal={IEEE/ACM Transactions on Audio, Speech, and Language Processing},
  volume={30},
  pages={829--852},
  year={2021},
  publisher={IEEE}
}

@inproceedings{drossos2020clotho,
  title={Clotho: An audio captioning dataset},
  author={Drossos, Konstantinos and Lipping, Samuel and Virtanen, Tuomas},
  booktitle={ICASSP 2020-2020 IEEE International Conference on Acoustics, Speech and Signal Processing (ICASSP)},
  pages={736--740},
  year={2020},
  organization={IEEE}
}

@article{dosovitskiy2020image,
  title={An image is worth 16x16 words: Transformers for image recognition at scale},
  author={Dosovitskiy, Alexey and Beyer, Lucas and Kolesnikov, Alexander and Weissenborn, Dirk and Zhai, Xiaohua and Unterthiner, Thomas and Dehghani, Mostafa and Minderer, Matthias and Heigold, Georg and Gelly, Sylvain and others},
  journal={arXiv preprint arXiv:2010.11929},
  year={2020}
}

@article{vaswani2017attention,
  title={Attention is all you need},
  author={Vaswani, Ashish and Shazeer, Noam and Parmar, Niki and Uszkoreit, Jakob and Jones, Llion and Gomez, Aidan N and Kaiser, {\L}ukasz and Polosukhin, Illia},
  journal={Advances in neural information processing systems},
  volume={30},
  year={2017}
}

@article{hochreiter1997long,
  title={Long short-term memory},
  author={Hochreiter, Sepp and Schmidhuber, J{\"u}rgen},
  journal={Neural computation},
  volume={9},
  number={8},
  pages={1735--1780},
  year={1997},
  publisher={MIT press}
}

@article{oquab2023dinov2,
  title={Dinov2: Learning robust visual features without supervision},
  author={Oquab, Maxime and Darcet, Timoth{\'e}e and Moutakanni, Th{\'e}o and Vo, Huy and Szafraniec, Marc and Khalidov, Vasil and Fernandez, Pierre and Haziza, Daniel and Massa, Francisco and El-Nouby, Alaaeldin and others},
  journal={arXiv preprint arXiv:2304.07193},
  year={2023}
}

@article{sai2022explorative,
  title={Explorative application of fusion techniques for multimodal hate speech detection},
  author={Sai, Siva and Srivastava, Naman Deep and Sharma, Yashvardhan},
  journal={SN Computer Science},
  volume={3},
  number={2},
  pages={122},
  year={2022},
  publisher={Springer}
}

@article{lewis2019bart,
  title={Bart: Denoising sequence-to-sequence pre-training for natural language generation, translation, and comprehension},
  author={Lewis, Mike and Liu, Yinhan and Goyal, Naman and Ghazvininejad, Marjan and Mohamed, Abdelrahman and Levy, Omer and Stoyanov, Ves and Zettlemoyer, Luke},
  journal={arXiv preprint arXiv:1910.13461},
  year={2019}
}

@inproceedings{tomar2023your,
  title={Your tone speaks louder than your face! Modality Order Infused Multi-modal Sarcasm Detection},
  author={Tomar, Mohit and Tiwari, Abhisek and Saha, Tulika and Saha, Sriparna},
  booktitle={Proceedings of the 31st ACM International Conference on Multimedia},
  pages={3926--3933},
  year={2023}
}

@article{chhabra2023literature,
  title={A literature survey on multimodal and multilingual automatic hate speech identification},
  author={Chhabra, Anusha and Vishwakarma, Dinesh Kumar},
  journal={Multimedia Systems},
  volume={29},
  number={3},
  pages={1203--1230},
  year={2023},
  publisher={Springer}
}

@article{de2018hate,
  title={Hate speech dataset from a white supremacy forum},
  author={De Gibert, Ona and Perez, Naiara and Garc{\'\i}a-Pablos, Aitor and Cuadros, Montse},
  journal={arXiv preprint arXiv:1809.04444},
  year={2018}
}

@article{mollas2020ethos,
  title={Ethos: an online hate speech detection dataset},
  author={Mollas, Ioannis and Chrysopoulou, Zoe and Karlos, Stamatis and Tsoumakas, Grigorios},
  journal={arXiv preprint arXiv:2006.08328},
  year={2020}
}

@inproceedings{waseem2016hateful,
  title={Hateful symbols or hateful people? predictive features for hate speech detection on twitter},
  author={Waseem, Zeerak and Hovy, Dirk},
  booktitle={Proceedings of the NAACL student research workshop},
  pages={88--93},
  year={2016}
}

@article{ghosh2021detoxy,
  title={Detoxy: A large-scale multimodal dataset for toxicity classification in spoken utterances},
  author={Ghosh, Sreyan and Lepcha, Samden and Sakshi, Sahni and Shah, Rajiv Ratn and Umesh, Srinivasan},
  journal={arXiv preprint arXiv:2110.07592},
  year={2021}
}

@article{kirk2021hatemoji,
  title={Hatemoji: A test suite and adversarially-generated dataset for benchmarking and detecting emoji-based hate},
  author={Kirk, Hannah Rose and Vidgen, Bertram and R{\"o}ttger, Paul and Thrush, Tristan and Hale, Scott A},
  journal={arXiv preprint arXiv:2108.05921},
  year={2021}
}

@inproceedings{gomez2020exploring,
  title={Exploring hate speech detection in multimodal publications},
  author={Gomez, Raul and Gibert, Jaume and Gomez, Lluis and Karatzas, Dimosthenis},
  booktitle={Proceedings of the IEEE/CVF winter conference on applications of computer vision},
  pages={1470--1478},
  year={2020}
}

@article{pramanick2021detecting,
  title={Detecting harmful memes and their targets},
  author={Pramanick, Shraman and Dimitrov, Dimitar and Mukherjee, Rituparna and Sharma, Shivam and Akhtar, Md Shad and Nakov, Preslav and Chakraborty, Tanmoy},
  journal={arXiv preprint arXiv:2110.00413},
  year={2021}
}

@inproceedings{suryawanshi2020multimodal,
  title={Multimodal meme dataset (MultiOFF) for identifying offensive content in image and text},
  author={Suryawanshi, Shardul and Chakravarthi, Bharathi Raja and Arcan, Mihael and Buitelaar, Paul},
  booktitle={Proceedings of the second workshop on trolling, aggression and cyberbullying},
  pages={32--41},
  year={2020}
}

@article{hu2023visual,
  title={Visual Program Distillation: Distilling Tools and Programmatic Reasoning into Vision-Language Models},
  author={Hu, Yushi and Stretcu, Otilia and Lu, Chun-Ta and Viswanathan, Krishnamurthy and Hata, Kenji and Luo, Enming and Krishna, Ranjay and Fuxman, Ariel},
  journal={arXiv preprint arXiv:2312.03052},
  year={2023}
}

@article{kumar2022hate,
  title={Hate-CLIPper: Multimodal hateful meme classification based on cross-modal interaction of CLIP features},
  author={Kumar, Gokul Karthik and Nandakumar, Karthik},
  journal={arXiv preprint arXiv:2210.05916},
  year={2022}
}

@article{mei2023improving,
  title={Improving hateful memes detection via learning hatefulness-aware embedding space through retrieval-guided contrastive learning},
  author={Mei, Jingbiao and Chen, Jinghong and Lin, Weizhe and Byrne, Bill and Tomalin, Marcus},
  journal={arXiv preprint arXiv:2311.08110},
  year={2023}
}

@article{alayrac2022flamingo,
  title={Flamingo: a visual language model for few-shot learning},
  author={Alayrac, Jean-Baptiste and Donahue, Jeff and Luc, Pauline and Miech, Antoine and Barr, Iain and Hasson, Yana and Lenc, Karel and Mensch, Arthur and Millican, Katherine and Reynolds, Malcolm and others},
  journal={Advances in neural information processing systems},
  volume={35},
  pages={23716--23736},
  year={2022}
}

@inproceedings{burbi2023mapping,
  title={Mapping Memes to Words for Multimodal Hateful Meme Classification},
  author={Burbi, Giovanni and Baldrati, Alberto and Agnolucci, Lorenzo and Bertini, Marco and Del Bimbo, Alberto},
  booktitle={Proceedings of the IEEE/CVF International Conference on Computer Vision},
  pages={2832--2836},
  year={2023}
}

@inproceedings{hossain2022mute,
  title={Mute: A multimodal dataset for detecting hateful memes},
  author={Hossain, Eftekhar and Sharif, Omar and Hoque, Mohammed Moshiul},
  booktitle={Proceedings of the 2nd conference of the asia-pacific chapter of the association for computational linguistics and the 12th international joint conference on natural language processing: student research workshop},
  pages={32--39},
  year={2022}
}

@article{hee2023decoding,
  title={Decoding the underlying meaning of multimodal hateful memes},
  author={Hee, Ming Shan and Chong, Wen-Haw and Lee, Roy Ka-Wei},
  journal={arXiv preprint arXiv:2305.17678},
  year={2023}
}

@inproceedings{cao2024modularized,
  title={Modularized Networks for Few-shot Hateful Meme Detection},
  author={Cao, Rui and Lee, Roy Ka-Wei and Jiang, Jing},
  booktitle={Proceedings of the ACM on Web Conference 2024},
  pages={4575--4584},
  year={2024}
}

@article{chhabra2023multimodal,
  title={Multimodal hate speech detection via multi-scale visual kernels and knowledge distillation architecture},
  author={Chhabra, Anusha and Vishwakarma, Dinesh Kumar},
  journal={Engineering Applications of Artificial Intelligence},
  volume={126},
  pages={106991},
  year={2023},
  publisher={Elsevier}
}

@inproceedings{wang2024multihateclip,
  title={Multihateclip: A multilingual benchmark dataset for hateful video detection on youtube and bilibili},
  author={Wang, Han and Yang, Tan Rui and Naseem, Usman and Lee, Roy Ka-Wei},
  booktitle={Proceedings of the 32nd ACM International Conference on Multimedia},
  pages={7493--7502},
  year={2024}
}

@article{arya2024multimodal,
  title={Multimodal Hate Speech Detection in Memes using Contrastive Language-Image Pre-training},
  author={Arya, Greeshma and Hasan, Mohammad Kamrul and Bagwari, Ashish and Safie, Nurhizam and Islam, Shayla and Ahmed, Fatima Rayan Awad and De, Aaishani and Khan, Muhammad Attique and Ghazal, Taher M},
  journal={IEEE Access},
  year={2024},
  publisher={IEEE}
}

@inproceedings{aziz2023csecu,
  title={Csecu-dsg@ multimodal hate speech event detection 2023: Transformer-based multimodal hierarchical fusion model for multimodal hate speech detection},
  author={Aziz, Abdul and Hossain, Md Akram and Chy, Abu Nowshed},
  booktitle={Proceedings of the 6th Workshop on Challenges and Applications of Automated Extraction of Socio-political Events from Text},
  pages={101--107},
  year={2023}
}

@inproceedings{bhandari2023crisishatemm,
  title={Crisishatemm: Multimodal analysis of directed and undirected hate speech in text-embedded images from russia-ukraine conflict},
  author={Bhandari, Aashish and Shah, Siddhant B and Thapa, Surendrabikram and Naseem, Usman and Nasim, Mehwish},
  booktitle={Proceedings of the IEEE/CVF Conference on Computer Vision and Pattern Recognition},
  pages={1993--2002},
  year={2023}
}

@inproceedings{mathias2021findings,
  title={Findings of the WOAH 5 shared task on fine grained hateful memes detection},
  author={Mathias, Lambert and Nie, Shaoliang and Davani, Aida Mostafazadeh and Kiela, Douwe and Prabhakaran, Vinodkumar and Vidgen, Bertie and Waseem, Zeerak},
  booktitle={Proceedings of the 5th Workshop on Online Abuse and Harms (WOAH 2021)},
  pages={201--206},
  year={2021}
}