@article{alayrac2022flamingo,
  title={Flamingo: a visual language model for few-shot learning},
  author={Alayrac, Jean-Baptiste and Donahue, Jeff and Luc, Pauline and Miech, Antoine and Barr, Iain and Hasson, Yana and Lenc, Karel and Mensch, Arthur and Millican, Katherine and Reynolds, Malcolm and others},
  journal={Advances in neural information processing systems},
  volume={35},
  pages={23716--23736},
  year={2022}
}

@inproceedings{bhandari2023crisishatemm,
  title={Crisishatemm: Multimodal analysis of directed and undirected hate speech in text-embedded images from russia-ukraine conflict},
  author={Bhandari, Aashish and Shah, Siddhant B and Thapa, Surendrabikram and Naseem, Usman and Nasim, Mehwish},
  booktitle={Proceedings of the IEEE/CVF Conference on Computer Vision and Pattern Recognition},
  pages={1993--2002},
  year={2023}
}

@inproceedings{burbi2023mapping,
  title={Mapping Memes to Words for Multimodal Hateful Meme Classification},
  author={Burbi, Giovanni and Baldrati, Alberto and Agnolucci, Lorenzo and Bertini, Marco and Del Bimbo, Alberto},
  booktitle={Proceedings of the IEEE/CVF International Conference on Computer Vision},
  pages={2832--2836},
  year={2023}
}

@inproceedings{cao2024modularized,
  title={Modularized Networks for Few-shot Hateful Meme Detection},
  author={Cao, Rui and Lee, Roy Ka-Wei and Jiang, Jing},
  booktitle={Proceedings of the ACM on Web Conference 2024},
  pages={4575--4584},
  year={2024}
}

@article{chhabra2023literature,
  title={A literature survey on multimodal and multilingual automatic hate speech identification},
  author={Chhabra, Anusha and Vishwakarma, Dinesh Kumar},
  journal={Multimedia Systems},
  volume={29},
  number={3},
  pages={1203--1230},
  year={2023},
  publisher={Springer}
}

@article{chhabra2023multimodal,
  title={Multimodal hate speech detection via multi-scale visual kernels and knowledge distillation architecture},
  author={Chhabra, Anusha and Vishwakarma, Dinesh Kumar},
  journal={Engineering Applications of Artificial Intelligence},
  volume={126},
  pages={106991},
  year={2023},
  publisher={Elsevier}
}

@inproceedings{das2023hatemm,
  title={Hatemm: A multi-modal dataset for hate video classification},
  author={Das, Mithun and Raj, Rohit and Saha, Punyajoy and Mathew, Binny and Gupta, Manish and Mukherjee, Animesh},
  booktitle={Proceedings of the International AAAI Conference on Web and Social Media},
  volume={17},
  pages={1014--1023},
  year={2023}
}

@article{de2018hate,
  title={Hate speech dataset from a white supremacy forum},
  author={De Gibert, Ona and Perez, Naiara and Garc{\'\i}a-Pablos, Aitor and Cuadros, Montse},
  journal={arXiv preprint arXiv:1809.04444},
  year={2018}
}

@inproceedings{gomez2020exploring,
  title={Exploring hate speech detection in multimodal publications},
  author={Gomez, Raul and Gibert, Jaume and Gomez, Lluis and Karatzas, Dimosthenis},
  booktitle={Proceedings of the IEEE/CVF winter conference on applications of computer vision},
  pages={1470--1478},
  year={2020}
}

@article{hee2023decoding,
  title={Decoding the underlying meaning of multimodal hateful memes},
  author={Hee, Ming Shan and Chong, Wen-Haw and Lee, Roy Ka-Wei},
  journal={arXiv preprint arXiv:2305.17678},
  year={2023}
}

@article{hochreiter1997long,
  title={Long short-term memory},
  author={Hochreiter, Sepp and Schmidhuber, J{\"u}rgen},
  journal={Neural computation},
  volume={9},
  number={8},
  pages={1735--1780},
  year={1997},
  publisher={MIT press}
}

@article{hu2023visual,
  title={Visual Program Distillation: Distilling Tools and Programmatic Reasoning into Vision-Language Models},
  author={Hu, Yushi and Stretcu, Otilia and Lu, Chun-Ta and Viswanathan, Krishnamurthy and Hata, Kenji and Luo, Enming and Krishna, Ranjay and Fuxman, Ariel},
  journal={arXiv preprint arXiv:2312.03052},
  year={2023}
}

@article{kiela2020hateful,
  title={The hateful memes challenge: Detecting hate speech in multimodal memes},
  author={Kiela, Douwe and Firooz, Hamed and Mohan, Aravind and Goswami, Vedanuj and Singh, Amanpreet and Ringshia, Pratik and Testuggine, Davide},
  journal={Advances in neural information processing systems},
  volume={33},
  pages={2611--2624},
  year={2020}
}

@article{kumar2022hate,
  title={Hate-CLIPper: Multimodal hateful meme classification based on cross-modal interaction of CLIP features},
  author={Kumar, Gokul Karthik and Nandakumar, Karthik},
  journal={arXiv preprint arXiv:2210.05916},
  year={2022}
}

@inproceedings{mathew2021hatexplain,
  title={Hatexplain: A benchmark dataset for explainable hate speech detection},
  author={Mathew, Binny and Saha, Punyajoy and Yimam, Seid Muhie and Biemann, Chris and Goyal, Pawan and Mukherjee, Animesh},
  booktitle={Proceedings of the AAAI conference on artificial intelligence},
  volume={35},
  pages={14867--14875},
  year={2021}
}

@inproceedings{mathias2021findings,
  title={Findings of the WOAH 5 shared task on fine grained hateful memes detection},
  author={Mathias, Lambert and Nie, Shaoliang and Davani, Aida Mostafazadeh and Kiela, Douwe and Prabhakaran, Vinodkumar and Vidgen, Bertie and Waseem, Zeerak},
  booktitle={Proceedings of the 5th Workshop on Online Abuse and Harms (WOAH 2021)},
  pages={201--206},
  year={2021}
}

@article{mei2023improving,
  title={Improving hateful memes detection via learning hatefulness-aware embedding space through retrieval-guided contrastive learning},
  author={Mei, Jingbiao and Chen, Jinghong and Lin, Weizhe and Byrne, Bill and Tomalin, Marcus},
  journal={arXiv preprint arXiv:2311.08110},
  year={2023}
}

@article{mollas2020ethos,
  title={Ethos: an online hate speech detection dataset},
  author={Mollas, Ioannis and Chrysopoulou, Zoe and Karlos, Stamatis and Tsoumakas, Grigorios},
  journal={arXiv preprint arXiv:2006.08328},
  year={2020}
}

@article{pramanick2021detecting,
  title={Detecting harmful memes and their targets},
  author={Pramanick, Shraman and Dimitrov, Dimitar and Mukherjee, Rituparna and Sharma, Shivam and Akhtar, Md Shad and Nakov, Preslav and Chakraborty, Tanmoy},
  journal={arXiv preprint arXiv:2110.00413},
  year={2021}
}

@inproceedings{radford2021learning,
  title={Learning transferable visual models from natural language supervision},
  author={Radford, Alec and Kim, Jong Wook and Hallacy, Chris and Ramesh, Aditya and Goh, Gabriel and Agarwal, Sandhini and Sastry, Girish and Askell, Amanda and Mishkin, Pamela and Clark, Jack and others},
  booktitle={International conference on machine learning},
  pages={8748--8763},
  year={2021},
  organization={PMLR}
}

@inproceedings{suryawanshi2020multimodal,
  title={Multimodal meme dataset (MultiOFF) for identifying offensive content in image and text},
  author={Suryawanshi, Shardul and Chakravarthi, Bharathi Raja and Arcan, Mihael and Buitelaar, Paul},
  booktitle={Proceedings of the second workshop on trolling, aggression and cyberbullying},
  pages={32--41},
  year={2020}
}

@inproceedings{wang2024multihateclip,
  title={Multihateclip: A multilingual benchmark dataset for hateful video detection on youtube and bilibili},
  author={Wang, Han and Yang, Tan Rui and Naseem, Usman and Lee, Roy Ka-Wei},
  booktitle={Proceedings of the 32nd ACM International Conference on Multimedia},
  pages={7493--7502},
  year={2024}
}

@inproceedings{waseem2016hateful,
  title={Hateful symbols or hateful people? predictive features for hate speech detection on twitter},
  author={Waseem, Zeerak and Hovy, Dirk},
  booktitle={Proceedings of the NAACL student research workshop},
  pages={88--93},
  year={2016}
}

