@article{achiam2023gpt,
  title={Gpt-4 technical report},
  author={Achiam, Josh and Adler, Steven and Agarwal, Sandhini and Ahmad, Lama and Akkaya, Ilge and Aleman, Florencia Leoni and Almeida, Diogo and Altenschmidt, Janko and Altman, Sam and Anadkat, Shyamal and others},
  journal={arXiv preprint arXiv:2303.08774},
  year={2023}
}

@article{alayrac2022flamingo,
  title={Flamingo: a visual language model for few-shot learning},
  author={Alayrac, Jean-Baptiste and Donahue, Jeff and Luc, Pauline and Miech, Antoine and Barr, Iain and Hasson, Yana and Lenc, Karel and Mensch, Arthur and Millican, Katherine and Reynolds, Malcolm and others},
  journal={Advances in neural information processing systems},
  volume={35},
  pages={23716--23736},
  year={2022}
}

@article{brown2020language,
  title={Language models are few-shot learners},
  author={Brown, Tom and Mann, Benjamin and Ryder, Nick and Subbiah, Melanie and Kaplan, Jared D and Dhariwal, Prafulla and Neelakantan, Arvind and Shyam, Pranav and Sastry, Girish and Askell, Amanda and others},
  journal={Advances in neural information processing systems},
  volume={33},
  pages={1877--1901},
  year={2020}
}

@inproceedings{cao-etal-2024-presto,
    title     = {{PRESTO}: Progressive Pretraining Enhances Synthetic Chemistry Outcomes},
    author    = {Cao, He and Shao, Yanjun and Liu, Zhiyuan and Liu, Zijing and Tang, Xiangru and Yao, Yuan and Li, Yu},
    editor    = {Al-Onaizan, Yaser and Bansal, Mohit and Chen, Yun-Nung},
    booktitle = {Findings of the Association for Computational Linguistics: EMNLP 2024},
    month     = nov,
    year      = {2024},
    address   = {Miami, Florida, USA},
    publisher = {Association for Computational Linguistics},
    url       = {https://aclanthology.org/2024.findings-emnlp.597},
    pages     = {10197--10224}
}

@inproceedings{cao2023instructmol,
  title={Instructmol: Multi-modal integration for building a versatile and reliable molecular assistant in drug discovery},
  author={Cao, He and Liu, Zijing and Lu, Xingyu and Yao, Yuan and Li, Yu},
  booktitle={Proceedings of the 31st International Conference on Computational Linguistics (COLING 2025)},
  year={2025},
  address={Abu Dhabi, UAE},
  month={Jan}
}

@article{chen2024hight,
  title={HIGHT: Hierarchical Graph Tokenization for Graph-Language Alignment},
  author={Chen, Yongqiang and Yao, Quanming and Zhang, Juzheng and Cheng, James and Bian, Yatao},
  journal={arXiv preprint arXiv:2406.14021},
  year={2024}
}

@article{dai2023instructblip,
  title={Instructblip: Towards general-purpose vision-language models with instruction tuning. arxiv 2023},
  author={Dai, Wenliang and Li, Junnan and Li, D and Tiong, AMH and Zhao, J and Wang, W and Li, B and Fung, P and Hoi, S},
  journal={arXiv preprint arXiv:2305.06500},
  volume={2},
  year={2023}
}

@article{huh2024platonic,
  title={The platonic representation hypothesis},
  author={Huh, Minyoung and Cheung, Brian and Wang, Tongzhou and Isola, Phillip},
  journal={arXiv preprint arXiv:2405.07987},
  year={2024}
}

@article{koh2024generating,
  title={Generating images with multimodal language models},
  author={Koh, Jing Yu and Fried, Daniel and Salakhutdinov, Russ R},
  journal={Advances in Neural Information Processing Systems},
  volume={36},
  year={2024}
}

@inproceedings{li2022blip,
  title={Blip: Bootstrapping language-image pre-training for unified vision-language understanding and generation},
  author={Li, Junnan and Li, Dongxu and Xiong, Caiming and Hoi, Steven},
  booktitle={International conference on machine learning},
  pages={12888--12900},
  year={2022},
  organization={PMLR}
}

@inproceedings{li2023blip,
  title={Blip-2: Bootstrapping language-image pre-training with frozen image encoders and large language models},
  author={Li, Junnan and Li, Dongxu and Savarese, Silvio and Hoi, Steven},
  booktitle={International conference on machine learning},
  pages={19730--19742},
  year={2023},
  organization={PMLR}
}

@article{liu2024visual,
  title={Visual instruction tuning},
  author={Liu, Haotian and Li, Chunyuan and Wu, Qingyang and Lee, Yong Jae},
  journal={Advances in neural information processing systems},
  volume={36},
  year={2024}
}

@article{weininger1988smiles,
  title={SMILES, a chemical language and information system. 1. Introduction to methodology and encoding rules},
  author={Weininger, David},
  journal={Journal of chemical information and computer sciences},
  volume={28},
  number={1},
  pages={31--36},
  year={1988},
  publisher={ACS Publications}
}

@article{zheng2023minigpt5,
  title={Minigpt-5: Interleaved vision-and-language generation via generative vokens},
  author={Zheng, Kaizhi and He, Xuehai and Wang, Xin Eric},
  journal={arXiv preprint arXiv:2310.02239},
  year={2023}
}

@article{zhu2023minigpt4,
  title={Minigpt-4: Enhancing vision-language understanding with advanced large language models},
  author={Zhu, Deyao and Chen, Jun and Shen, Xiaoqian and Li, Xiang and Elhoseiny, Mohamed},
  journal={arXiv preprint arXiv:2304.10592},
  year={2023}
}

