@String(PAMI = {IEEE Trans. Pattern Anal. Mach. Intell.})
@String(IJCV = {Int. J. Comput. Vis.})
@String(CVPR= {IEEE Conf. Comput. Vis. Pattern Recog.})
@String(ICCV= {Int. Conf. Comput. Vis.})
@String(ECCV= {Eur. Conf. Comput. Vis.})
@String(NIPS= {Adv. Neural Inform. Process. Syst.})
@String(ICPR = {Int. Conf. Pattern Recog.})
@String(BMVC= {Brit. Mach. Vis. Conf.})
@String(TOG= {ACM Trans. Graph.})
@String(TIP  = {IEEE Trans. Image Process.})
@String(TVCG  = {IEEE Trans. Vis. Comput. Graph.})
@String(TMM  = {IEEE Trans. Multimedia})
@String(ACMMM= {ACM Int. Conf. Multimedia})
@String(ICME = {Int. Conf. Multimedia and Expo})
@String(ICASSP=	{ICASSP})
@String(ICIP = {IEEE Int. Conf. Image Process.})
@String(ACCV  = {ACCV})
@String(ICLR = {Int. Conf. Learn. Represent.})
@String(IJCAI = {IJCAI})
@String(PR   = {Pattern Recognition})
@String(AAAI = {AAAI})
@String(CVPRW= {IEEE Conf. Comput. Vis. Pattern Recog. Worksh.})
@String(CSVT = {IEEE Trans. Circuit Syst. Video Technol.})

@String(SPL	= {IEEE Sign. Process. Letters})
@String(VR   = {Vis. Res.})
@String(JOV	 = {J. Vis.})
@String(TVC  = {The Vis. Comput.})
@String(JCST  = {J. Comput. Sci. Tech.})
@String(CGF  = {Comput. Graph. Forum})
@String(CVM = {Computational Visual Media})


@String(PAMI  = {IEEE TPAMI})
@String(IJCV  = {IJCV})
@String(CVPR  = {CVPR})
@String(ICCV  = {ICCV})
@String(ECCV  = {ECCV})
@String(NIPS  = {NeurIPS})
@String(ICPR  = {ICPR})
@String(BMVC  =	{BMVC})
@String(TOG   = {ACM TOG})
@String(TIP   = {IEEE TIP})
@String(TVCG  = {IEEE TVCG})
@String(TCSVT = {IEEE TCSVT})
@String(TMM   =	{IEEE TMM})
@String(ACMMM = {ACM MM})
@String(ICME  =	{ICME})
@String(ICASSP=	{ICASSP})
@String(ICIP  = {ICIP})
@String(ACCV  = {ACCV})
@String(ICLR  = {ICLR})
@String(IJCAI = {IJCAI})
@String(PR = {PR})
@String(AAAI = {AAAI})
@String(CVPRW= {CVPRW})
@String(CSVT = {IEEE TCSVT})

@inproceedings{hagen2013video,
	title={Video-rate spectral imaging of gas leaks in the longwave infrared},
	author={Hagen, Nathan and Kester, Robert T and Morlier, Christopher G and Panek, Jeffrey A and Drayton, Paul and Fashimpaur, Dave and Stone, Paul and Adams, Elizabeth},
	booktitle={Chemical, Biological, Radiological, Nuclear, and Explosives (CBRNE) Sensing XIV},
	volume={8710},
	pages={871005},
	year={2013},
	organization={International Society for Optics and Photonics}
}


@inproceedings{hou2007saliency,
	title={Saliency detection: A spectral residual approach},
	author={Hou, Xiaodi and Zhang, Liqing},
	booktitle={2007 IEEE Conference on computer vision and pattern recognition},
	pages={1--8},
	year={2007},
	organization={Ieee}
}

%R CNN
@article{girshick2015region,
	title={Region-based convolutional networks for accurate object detection and segmentation},
	author={Girshick, Ross and Donahue, Jeff and Darrell, Trevor and Malik, Jitendra},
	journal={IEEE transactions on pattern analysis and machine intelligence},
	volume={38},
	number={1},
	pages={142--158},
	year={2015},
	publisher={IEEE}
}
% Fast r-cnn
@inproceedings{girshick2015fast,
	title={Fast r-cnn},
	author={Girshick, Ross},
	booktitle={Proceedings of the IEEE international conference on computer vision},
	pages={1440--1448},
	year={2015}
}
% Faster r-cnn
@inproceedings{ren2015faster,
	title={Faster r-cnn: Towards real-time object detection with region proposal networks},
	author={Ren, Shaoqing and He, Kaiming and Girshick, Ross and Sun, Jian},
	booktitle={Advances in neural information processing systems},
	pages={91--99},
	year={2015}
}
%what is an object
@inproceedings{alexe2010object,
	title={What is an object?},
	author={Alexe, Bogdan and Deselaers, Thomas and Ferrari, Vittorio},
	booktitle={2010 IEEE computer society conference on computer vision and pattern recognition},
	pages={73--80},
	year={2010},
	organization={IEEE}
}
%GMM
@inproceedings{stauffer1999adaptive,
	title={Adaptive background mixture models for real-time tracking},
	author={Stauffer, Chris and Grimson, W Eric L},
	booktitle={Proceedings. 1999 IEEE computer society conference on computer vision and pattern recognition (Cat. No PR00149)},
	volume={2},
	pages={246--252},
	year={1999},
	organization={IEEE}
}
%Vibe
@article{barnich2010vibe,
	title={ViBe: A universal background subtraction algorithm for video sequences},
	author={Barnich, Olivier and Van Droogenbroeck, Marc},
	journal={IEEE Transactions on Image processing},
	volume={20},
	number={6},
	pages={1709--1724},
	year={2010},
	publisher={IEEE}
}

@inproceedings{brox2004high,
	title={High accuracy optical flow estimation based on a theory for warping},
	author={Brox, Thomas and Bruhn, Andr{\'e}s and Papenberg, Nils and Weickert, Joachim},
	booktitle={European conference on computer vision},
	pages={25--36},
	year={2004},
	organization={Springer}
}
@article{jiao2021new,
	title={New Generation Deep Learning for Video Object Detection: A Survey},
	author={Jiao, Licheng and Zhang, Ruohan and Liu, Fang and Yang, Shuyuan and Hou, Biao and Li, Lingling and Tang, Xu},
	journal={IEEE Transactions on Neural Networks and Learning Systems},
	year={2021},
	publisher={IEEE}
}

@article{zhu2020comprehensive,
	title={A comprehensive study of deep video action recognition},
	author={Zhu, Yi and Li, Xinyu and Liu, Chunhui and Zolfaghari, Mohammadreza and Xiong, Yuanjun and Wu, Chongruo and Zhang, Zhi and Tighe, Joseph and Manmatha, R and Li, Mu},
	journal={arXiv preprint arXiv:2012.06567},
	year={2020}
}

@inproceedings{chen2021deep,
	title={Deep analysis of cnn-based spatio-temporal representations for action recognition},
	author={Chen, Chun-Fu Richard and Panda, Rameswar and Ramakrishnan, Kandan and Feris, Rogerio and Cohn, John and Oliva, Aude and Fan, Quanfu},
	booktitle={Proceedings of the IEEE/CVF Conference on Computer Vision and Pattern Recognition},
	pages={6165--6175},
	year={2021}
}
%1------------------------------------------------------
@inproceedings{kwon2020motionsqueeze,
	title={Motionsqueeze: Neural motion feature learning for video understanding},
	author={Kwon, Heeseung and Kim, Manjin and Kwak, Suha and Cho, Minsu},
	booktitle={European Conference on Computer Vision},
	pages={345--362},
	year={2020},
	organization={Springer}
}

%2--------------------------------------------------------
@inproceedings{wang2016temporal,
	title={Temporal segment networks: Towards good practices for deep action recognition},
	author={Wang, Limin and Xiong, Yuanjun and Wang, Zhe and Qiao, Yu and Lin, Dahua and Tang, Xiaoou and Van Gool, Luc},
	booktitle={European conference on computer vision},
	pages={20--36},
	year={2016},
	organization={Springer}
}

%3----------------------------------------------------------
@inproceedings{shi2017learning,
	title={Learning long-term dependencies for action recognition with a biologically-inspired deep network},
	author={Shi, Yemin and Tian, Yonghong and Wang, Yaowei and Zeng, Wei and Huang, Tiejun},
	booktitle={Proceedings of the IEEE International Conference on Computer Vision},
	pages={716--725},
	year={2017}
}

%4--------------------------------------------------------------
@inproceedings{zhu2020faster,
	title={Faster recurrent networks for efficient video classification},
	author={Zhu, Linchao and Tran, Du and Sevilla-Lara, Laura and Yang, Yi and Feiszli, Matt and Wang, Heng},
	booktitle={Proceedings of the AAAI Conference on Artificial Intelligence},
	volume={34},
	number={07},
	pages={13098--13105},
	year={2020}
}
%5-------------------------------------------------------
@inproceedings{cheron2015p,
	title={P-CNN: Pose-based CNN Features for Action Recognition},
	author={Ch{\'e}ron, Guilhem and Laptev, Ivan and Schmid, Cordelia},
	booktitle={ICCV-IEEE International Conference on Computer Vision},
	pages={3218--3226},
	year={2015},
	organization={IEEE}
}

%6---------------------------------------------------	
@inproceedings{choutas2018potion,
	title={Potion: Pose motion representation for action recognition},
	author={Choutas, Vasileios and Weinzaepfel, Philippe and Revaud, J{\'e}r{\^o}me and Schmid, Cordelia},
	booktitle={Proceedings of the IEEE Conference on Computer Vision and Pattern Recognition},
	pages={7024--7033},
	year={2018}
}


%7----------------------------------------------------------------------
@inproceedings{tran2015learning,
	title={Learning spatiotemporal features with 3d convolutional networks},
	author={Tran, Du and Bourdev, Lubomir and Fergus, Rob and Torresani, Lorenzo and Paluri, Manohar},
	booktitle={Proceedings of the IEEE international conference on computer vision},
	pages={4489--4497},
	year={2015}
}

%8------------------------------------------------------------------------
@inproceedings{carreira2017quo,
	title={Quo vadis, action recognition? a new model and the kinetics dataset},
	author={Carreira, Joao and Zisserman, Andrew},
	booktitle={proceedings of the IEEE Conference on Computer Vision and Pattern Recognition},
	pages={6299--6308},
	year={2017}
}

%9-----------------------------------------------------------------------
@inproceedings{hara2018can,
	title={Can spatiotemporal 3d cnns retrace the history of 2d cnns and imagenet?},
	author={Hara, Kensho and Kataoka, Hirokatsu and Satoh, Yutaka},
	booktitle={Proceedings of the IEEE conference on Computer Vision and Pattern Recognition},
	pages={6546--6555},
	year={2018}
}

%10-------------------------------------------------------------------
@inproceedings{diba2018spatio,
	title={Spatio-temporal channel correlation networks for action classification},
	author={Diba, Ali and Fayyaz, Mohsen and Sharma, Vivek and Arzani, M Mahdi and Yousefzadeh, Rahman and Gall, Juergen and Van Gool, Luc},
	booktitle={Proceedings of the European Conference on Computer Vision (ECCV)},
	pages={284--299},
	year={2018}
}

%11------------------------------------------------------------------
@inproceedings{qiu2017learning,
	title={Learning spatio-temporal representation with pseudo-3d residual networks},
	author={Qiu, Zhaofan and Yao, Ting and Mei, Tao},
	booktitle={proceedings of the IEEE International Conference on Computer Vision},
	pages={5533--5541},
	year={2017}
}

%12-------------------------------------------------------------------
@inproceedings{tran2018closer,
	title={A closer look at spatiotemporal convolutions for action recognition},
	author={Tran, Du and Wang, Heng and Torresani, Lorenzo and Ray, Jamie and LeCun, Yann and Paluri, Manohar},
	booktitle={Proceedings of the IEEE conference on Computer Vision and Pattern Recognition},
	pages={6450--6459},
	year={2018}
}

%13-------------------------------------------------------------------------
@inproceedings{wang2018appearance,
	title={Appearance-and-relation networks for video classification},
	author={Wang, Limin and Li, Wei and Li, Wen and Van Gool, Luc},
	booktitle={Proceedings of the IEEE conference on computer vision and pattern recognition},
	pages={1430--1439},
	year={2018}
}

%14------------------------------------------------
@inproceedings{xie2018rethinking,
	title={Rethinking spatiotemporal feature learning: Speed-accuracy trade-offs in video classification},
	author={Xie, Saining and Sun, Chen and Huang, Jonathan and Tu, Zhuowen and Murphy, Kevin},
	booktitle={Proceedings of the European conference on computer vision (ECCV)},
	pages={305--321},
	year={2018}
}

%15---------------------------------------------------
@inproceedings{zolfaghari2018eco,
	title={Eco: Efficient convolutional network for online video understanding},
	author={Zolfaghari, Mohammadreza and Singh, Kamaljeet and Brox, Thomas},
	booktitle={Proceedings of the European conference on computer vision (ECCV)},
	pages={695--712},
	year={2018}
}

%16-----------------------------------------------------
@inproceedings{lin2019tsm,
	title={Tsm: Temporal shift module for efficient video understanding},
	author={Lin, Ji and Gan, Chuang and Han, Song},
	booktitle={Proceedings of the IEEE/CVF International Conference on Computer Vision},
	pages={7083--7093},
	year={2019}
}

%17---------------------------------------------------------
@article{fan2019more,
	title={More is less: Learning efficient video representations by big-little network and depthwise temporal aggregation},
	author={Fan, Quanfu and Chen, Chun-Fu and Kuehne, Hilde and Pistoia, Marco and Cox, David},
	journal={arXiv preprint arXiv:1912.00869},
	year={2019}
}

%18----------------------------------------------------------
@inproceedings{li2020tea,
	title={Tea: Temporal excitation and aggregation for action recognition},
	author={Li, Yan and Ji, Bin and Shi, Xintian and Zhang, Jianguo and Kang, Bin and Wang, Limin},
	booktitle={Proceedings of the IEEE/CVF Conference on Computer Vision and Pattern Recognition},
	pages={909--918},
	year={2020}
}

%19-----------------------------------------------------------
@inproceedings{jiang2019stm,
	title={Stm: Spatiotemporal and motion encoding for action recognition},
	author={Jiang, Boyuan and Wang, MengMeng and Gan, Weihao and Wu, Wei and Yan, Junjie},
	booktitle={Proceedings of the IEEE/CVF International Conference on Computer Vision},
	pages={2000--2009},
	year={2019}
}

%20--------------------------------------------------------------
@inproceedings{wang2021tdn,
	title={TDN: Temporal difference networks for efficient action recognition},
	author={Wang, Limin and Tong, Zhan and Ji, Bin and Wu, Gangshan},
	booktitle={Proceedings of the IEEE/CVF Conference on Computer Vision and Pattern Recognition},
	pages={1895--1904},
	year={2021}
}

%21----------------------------------------------------------------
@inproceedings{liu2020teinet,
	title={Teinet: Towards an efficient architecture for video recognition},
	author={Liu, Zhaoyang and Luo, Donghao and Wang, Yabiao and Wang, Limin and Tai, Ying and Wang, Chengjie and Li, Jilin and Huang, Feiyue and Lu, Tong},
	booktitle={Proceedings of the AAAI Conference on Artificial Intelligence},
	volume={34},
	number={07},
	pages={11669--11676},
	year={2020}
}

%22--------------------------------------------------------------------
@article{zhang2020pan,
	title={Pan: Towards fast action recognition via learning persistence of appearance},
	author={Zhang, Can and Zou, Yuexian and Chen, Guang and Gan, Lei},
	journal={arXiv preprint arXiv:2008.03462},
	year={2020}
}

%23-------------------------------------------------------------------
@inproceedings{crasto2019mars,
	title={Mars: Motion-augmented rgb stream for action recognition},
	author={Crasto, Nieves and Weinzaepfel, Philippe and Alahari, Karteek and Schmid, Cordelia},
	booktitle={Proceedings of the IEEE/CVF Conference on Computer Vision and Pattern Recognition},
	pages={7882--7891},
	year={2019}
}


%24-----------------------------------------------------------------
@inproceedings{stroud2020d3d,
	title={D3d: Distilled 3d networks for video action recognition},
	author={Stroud, Jonathan and Ross, David and Sun, Chen and Deng, Jia and Sukthankar, Rahul},
	booktitle={Proceedings of the IEEE/CVF Winter Conference on Applications of Computer Vision},
	pages={625--634},
	year={2020}
}
%vgg
@article{simonyan2014very,
	title={Very deep convolutional networks for large-scale image recognition},
	author={Simonyan, Karen and Zisserman, Andrew},
	journal={arXiv preprint arXiv:1409.1556},
	year={2014}
}

@inproceedings{wang2016actionness,
	title={Actionness estimation using hybrid fully convolutional networks},
	author={Wang, Limin and Qiao, Yu and Tang, Xiaoou and Van Gool, Luc},
	booktitle={Proceedings of the IEEE Conference on Computer Vision and Pattern Recognition},
	pages={2708--2717},
	year={2016}
}

@inproceedings{peng2016multi,
	title={Multi-region two-stream R-CNN for action detection},
	author={Peng, Xiaojiang and Schmid, Cordelia},
	booktitle={European conference on computer vision},
	pages={744--759},
	year={2016},
	organization={Springer}
}
@inproceedings{kalogeiton2017action,
	title={Action tubelet detector for spatio-temporal action localization},
	author={Kalogeiton, Vicky and Weinzaepfel, Philippe and Ferrari, Vittorio and Schmid, Cordelia},
	booktitle={Proceedings of the IEEE International Conference on Computer Vision},
	pages={4405--4413},
	year={2017}
}
@inproceedings{li2018recurrent,
	title={Recurrent tubelet proposal and recognition networks for action detection},
	author={Li, Dong and Qiu, Zhaofan and Dai, Qi and Yao, Ting and Mei, Tao},
	booktitle={Proceedings of the European conference on computer vision (ECCV)},
	pages={303--318},
	year={2018}
}
@inproceedings{gu2018ava,
	title={Ava: A video dataset of spatio-temporally localized atomic visual actions},
	author={Gu, Chunhui and Sun, Chen and Ross, David A and Vondrick, Carl and Pantofaru, Caroline and Li, Yeqing and Vijayanarasimhan, Sudheendra and Toderici, George and Ricco, Susanna and Sukthankar, Rahul and others},
	booktitle={Proceedings of the IEEE Conference on Computer Vision and Pattern Recognition},
	pages={6047--6056},
	year={2018}
}
@inproceedings{sun2018actor,
	title={Actor-centric relation network},
	author={Sun, Chen and Shrivastava, Abhinav and Vondrick, Carl and Murphy, Kevin and Sukthankar, Rahul and Schmid, Cordelia},
	booktitle={Proceedings of the European Conference on Computer Vision (ECCV)},
	pages={318--334},
	year={2018}
}
@inproceedings{yang2019step,
	title={Step: Spatio-temporal progressive learning for video action detection},
	author={Yang, Xitong and Yang, Xiaodong and Liu, Ming-Yu and Xiao, Fanyi and Davis, Larry S and Kautz, Jan},
	booktitle={Proceedings of the IEEE/CVF Conference on Computer Vision and Pattern Recognition},
	pages={264--272},
	year={2019}
}
@inproceedings{wu2019long,
	title={Long-term feature banks for detailed video understanding},
	author={Wu, Chao-Yuan and Feichtenhofer, Christoph and Fan, Haoqi and He, Kaiming and Krahenbuhl, Philipp and Girshick, Ross},
	booktitle={Proceedings of the IEEE/CVF Conference on Computer Vision and Pattern Recognition},
	pages={284--293},
	year={2019}
}
@inproceedings{hou2017tube,
	title={Tube convolutional neural network (T-CNN) for action detection in videos},
	author={Hou, Rui and Chen, Chen and Shah, Mubarak},
	booktitle={Proceedings of the IEEE international conference on computer vision},
	pages={5822--5831},
	year={2017}
}

@article{li2021time,
	title={Time and Frequency Network for Human Action Detection in Videos},
	author={Li, Changhai and Chen, Huawei and Lu, Jingqing and Huang, Yang and Liu, Yingying},
	journal={arXiv preprint arXiv:2103.04680},
	year={2021}
}
@article{sarmiento2021spatio,
	title={Spatio-Temporal Context for Action Detection},
	author={Sarmiento Calder{\'o}, Manuel and Varas, David and Bou-Balust, Elisenda},
	journal={arXiv e-prints},
	pages={arXiv--2106},
	year={2021}
}
@article{liu2021acdnet,
	title={ACDnet: An Action Detection network for real-time edge computing based on flow-guided feature approximation and memory aggregation},
	author={Liu, Yu and Yang, Fan and Ginhac, Dominique},
	journal={Pattern Recognition Letters},
	volume={145},
	pages={118--126},
	year={2021},
	publisher={Elsevier}
}
@inproceedings{pan2021actor,
	title={Actor-context-actor relation network for spatio-temporal action localization},
	author={Pan, Junting and Chen, Siyu and Shou, Mike Zheng and Liu, Yu and Shao, Jing and Li, Hongsheng},
	booktitle={Proceedings of the IEEE/CVF Conference on Computer Vision and Pattern Recognition},
	pages={464--474},
	year={2021}
}
@inproceedings{carreira2017quo,
	title={Quo vadis, action recognition? a new model and the kinetics dataset},
	author={Carreira, Joao and Zisserman, Andrew},
	booktitle={proceedings of the IEEE Conference on Computer Vision and Pattern Recognition},
	pages={6299--6308},
	year={2017}
}

%VODs-------
%T-CNN
@article{kang2017t,
	title={T-cnn: Tubelets with convolutional neural networks for object detection from videos},
	author={Kang, Kai and Li, Hongsheng and Yan, Junjie and Zeng, Xingyu and Yang, Bin and Xiao, Tong and Zhang, Cong and Wang, Zhe and Wang, Ruohui and Wang, Xiaogang and others},
	journal={IEEE Transactions on Circuits and Systems for Video Technology},
	volume={28},
	number={10},
	pages={2896--2907},
	year={2017},
	publisher={IEEE}
}
%Seq-NMS
@article{han2016seq,
	title={Seq-nms for video object detection},
	author={Han, Wei and Khorrami, Pooya and Paine, Tom Le and Ramachandran, Prajit and Babaeizadeh, Mohammad and Shi, Honghui and Li, Jianan and Yan, Shuicheng and Huang, Thomas S},
	journal={arXiv preprint arXiv:1602.08465},
	year={2016}
}
%D&T
@inproceedings{feichtenhofer2017detect,
	title={Detect to track and track to detect},
	author={Feichtenhofer, Christoph and Pinz, Axel and Zisserman, Andrew},
	booktitle={Proceedings of the IEEE International Conference on Computer Vision},
	pages={3038--3046},
	year={2017}
}
%ST-Lattice
@inproceedings{chen2018optimizing,
	title={Optimizing video object detection via a scale-time lattice},
	author={Chen, Kai and Wang, Jiaqi and Yang, Shuo and Zhang, Xingcheng and Xiong, Yuanjun and Loy, Chen Change and Lin, Dahua},
	booktitle={Proceedings of the IEEE conference on computer vision and pattern recognition},
	pages={7814--7823},
	year={2018}
}
%STSN 
@inproceedings{bertasius2018object,
	title={Object detection in video with spatiotemporal sampling networks},
	author={Bertasius, Gedas and Torresani, Lorenzo and Shi, Jianbo},
	booktitle={Proceedings of the European Conference on Computer Vision (ECCV)},
	pages={331--346},
	year={2018}
}
%ConvGRU
@article{ballas2015delving,
	title={Delving deeper into convolutional networks for learning video representations},
	author={Ballas, Nicolas and Yao, Li and Pal, Chris and Courville, Aaron},
	journal={arXiv preprint arXiv:1511.06432},
	year={2015}
}
%STMN 
@inproceedings{xiao2018video,
	title={Video object detection with an aligned spatial-temporal memory},
	author={Xiao, Fanyi and Lee, Yong Jae},
	booktitle={Proceedings of the European Conference on Computer Vision (ECCV)},
	pages={485--501},
	year={2018}
}
%PSLA 
@inproceedings{guo2019progressive,
	title={Progressive sparse local attention for video object detection},
	author={Guo, Chaoxu and Fan, Bin and Gu, Jie and Zhang, Qian and Xiang, Shiming and Prinet, Veronique and Pan, Chunhong},
	booktitle={Proceedings of the IEEE/CVF International Conference on Computer Vision},
	pages={3909--3918},
	year={2019}
}
%LSTS 
@inproceedings{jiang2020learning,
	title={Learning where to focus for efficient video object detection},
	author={Jiang, Zhengkai and Liu, Yu and Yang, Ceyuan and Liu, Jihao and Gao, Peng and Zhang, Qian and Xiang, Shiming and Pan, Chunhong},
	booktitle={European Conference on Computer Vision},
	pages={18--34},
	year={2020},
	organization={Springer}
}
%MEGA
@inproceedings{chen2020memory,
	title={Memory enhanced global-local aggregation for video object detection},
	author={Chen, Yihong and Cao, Yue and Hu, Han and Wang, Liwei},
	booktitle={Proceedings of the IEEE/CVF Conference on Computer Vision and Pattern Recognition},
	pages={10337--10346},
	year={2020}
}
%LSFA 
@article{wang2021real,
	title={Real-time and accurate object detection in compressed video by long short-term feature aggregation},
	author={Wang, Xinggang and Huang, Zhaojin and Liao, Bencheng and Huang, Lichao and Gong, Yongchao and Huang, Chang},
	journal={Computer Vision and Image Understanding},
	volume={206},
	pages={103188},
	year={2021},
	publisher={Elsevier}
}
%TF-Blender
@inproceedings{cui2021tf,
	title={TF-Blender: Temporal Feature Blender for Video Object Detection},
	author={Cui, Yiming and Yan, Liqi and Cao, Zhiwen and Liu, Dongfang},
	booktitle={Proceedings of the IEEE/CVF International Conference on Computer Vision},
	pages={8138--8147},
	year={2021}
}
%TransVOD 
@article{he2021end,
	title={End-to-End Video Object Detection with Spatial-Temporal Transformers},
	author={He, Lu and Zhou, Qianyu and Li, Xiangtai and Niu, Li and Cheng, Guangliang and Li, Xiao and Liu, Wenxuan and Tong, Yunhai and Ma, Lizhuang and Zhang, Liqing},
	journal={arXiv preprint arXiv:2105.10920},
	year={2021}
}



%----------------- Optical-Flow -----------------
@inproceedings{zhu2017flow,
	title={Flow-guided feature aggregation for video object detection},
	author={Zhu, Xizhou and Wang, Yujie and Dai, Jifeng and Yuan, Lu and Wei, Yichen},
	booktitle={Proceedings of the IEEE International Conference on Computer Vision},
	pages={408--417},
	year={2017}
}
@inproceedings{zhu2017deep,
	title={Deep feature flow for video recognition},
	author={Zhu, Xizhou and Xiong, Yuwen and Dai, Jifeng and Yuan, Lu and Wei, Yichen},
	booktitle={Proceedings of the IEEE conference on computer vision and pattern recognition},
	pages={2349--2358},
	year={2017}
}
@inproceedings{wang2018fully,
	title={Fully motion-aware network for video object detection},
	author={Wang, Shiyao and Zhou, Yucong and Yan, Junjie and Deng, Zhidong},
	booktitle={Proceedings of the European conference on computer vision (ECCV)},
	pages={542--557},
	year={2018}
}
@inproceedings{zhu2018towards,
	title={Towards high performance video object detection},
	author={Zhu, Xizhou and Dai, Jifeng and Yuan, Lu and Wei, Yichen},
	booktitle={Proceedings of the IEEE Conference on Computer Vision and Pattern Recognition},
	pages={7210--7218},
	year={2018}
}
@article{jin2022feature,
	title={Feature flow: In-network feature flow estimation for video object detection},
	author={Jin, Ruibing and Lin, Guosheng and Wen, Changyun and Wang, Jianliang and Liu, Fayao},
	journal={Pattern Recognition},
	volume={122},
	pages={108323},
	year={2022},
	publisher={Elsevier}
}

%------- enhanced the object-level feature---------
@inproceedings{wu2019sequence,
	title={Sequence level semantics aggregation for video object detection},
	author={Wu, Haiping and Chen, Yuntao and Wang, Naiyan and Zhang, Zhaoxiang},
	booktitle={Proceedings of the IEEE/CVF International Conference on Computer Vision},
	pages={9217--9225},
	year={2019}
}
@inproceedings{deng2019relation,
	title={Relation distillation networks for video object detection},
	author={Deng, Jiajun and Pan, Yingwei and Yao, Ting and Zhou, Wengang and Li, Houqiang and Mei, Tao},
	booktitle={Proceedings of the IEEE/CVF International Conference on Computer Vision},
	pages={7023--7032},
	year={2019}
}
@article{luo2019object,
	title={Object detection in video with spatial-temporal context aggregation},
	author={Luo, Hao and Huang, Lichao and Shen, Han and Li, Yuan and Huang, Chang and Wang, Xinggang},
	journal={arXiv preprint arXiv:1907.04988},
	year={2019}
}
@inproceedings{shvets2019leveraging,
	title={Leveraging long-range temporal relationships between proposals for video object detection},
	author={Shvets, Mykhailo and Liu, Wei and Berg, Alexander C},
	booktitle={Proceedings of the IEEE/CVF International Conference on Computer Vision},
	pages={9756--9764},
	year={2019}
}
@article{geng2020object,
	title={Object-aware Feature Aggregation for Video Object Detection},
	author={Geng, Qichuan and Zhang, Hong and Jiang, Na and Qi, Xiaojuan and Zhang, Liangjun and Zhou, Zhong},
	journal={arXiv preprint arXiv:2010.12573},
	year={2020}
}
@inproceedings{yao2020video,
	title={Video object detection via object-level temporal aggregation},
	author={Yao, Chun-Han and Fang, Chen and Shen, Xiaohui and Wan, Yangyue and Yang, Ming-Hsuan},
	booktitle={European conference on computer vision},
	pages={160--177},
	year={2020},
	organization={Springer}
}
@inproceedings{han2020mining,
	title={Mining inter-video proposal relations for video object detection},
	author={Han, Mingfei and Wang, Yali and Chang, Xiaojun and Qiao, Yu},
	booktitle={European Conference on Computer Vision},
	pages={431--446},
	year={2020},
	organization={Springer}
}
@inproceedings{shvets2019leveraging,
	title={Leveraging long-range temporal relationships between proposals for video object detection},
	author={Shvets, Mykhailo and Liu, Wei and Berg, Alexander C},
	booktitle={Proceedings of the IEEE/CVF International Conference on Computer Vision},
	pages={9756--9764},
	year={2019}
}
@inproceedings{koh2021joint,
	title={Joint Representation of Temporal Image Sequences and Object Motion for Video Object Detection},
	author={Koh, Junho and Kim, Jaekyum and Shin, Younji and Lee, Byeongwon and Yang, Seungji and Choi, Jun Won},
	booktitle={2021 IEEE International Conference on Robotics and Automation (ICRA)},
	pages={13370--13376},
	year={2021},
	organization={IEEE}
}
@inproceedings{deng2019object,
	title={Object guided external memory network for video object detection},
	author={Deng, Hanming and Hua, Yang and Song, Tao and Zhang, Zongpu and Xue, Zhengui and Ma, Ruhui and Robertson, Neil and Guan, Haibing},
	booktitle={Proceedings of the IEEE/CVF International Conference on Computer Vision},
	pages={6678--6687},
	year={2019}
}

%------------After dataset---------------------------
@inproceedings{lin2014microsoft,
	title={Microsoft coco: Common objects in context},
	author={Lin, Tsung-Yi and Maire, Michael and Belongie, Serge and Hays, James and Perona, Pietro and Ramanan, Deva and Doll{\'a}r, Piotr and Zitnick, C Lawrence},
	booktitle={European conference on computer vision},
	pages={740--755},
	year={2014},
	organization={Springer}
}

@inproceedings{li2020actions,
	title={Actions as moving points},
	author={Li, Yixuan and Wang, Zixu and Wang, Limin and Wu, Gangshan},
	booktitle={European Conference on Computer Vision},
	pages={68--84},
	year={2020},
	organization={Springer}
}
@article{zhou2019objects,
	title={Objects as points},
	author={Zhou, Xingyi and Wang, Dequan and Kr{\"a}henb{\"u}hl, Philipp},
	journal={arXiv preprint arXiv:1904.07850},
	year={2019}
}

@inproceedings{kwon2020motionsqueeze,
	title={Motionsqueeze: Neural motion feature learning for video understanding},
	author={Kwon, Heeseung and Kim, Manjin and Kwak, Suha and Cho, Minsu},
	booktitle={European Conference on Computer Vision},
	pages={345--362},
	year={2020},
	organization={Springer}
}

@inproceedings{shao2020temporal,
	title={Temporal interlacing network},
	author={Shao, Hao and Qian, Shengju and Liu, Yu},
	booktitle={Proceedings of the AAAI Conference on Artificial Intelligence},
	volume={34},
	number={07},
	pages={11966--11973},
	year={2020}
}
@inproceedings{goyal2017something,
	title={The" something something" video database for learning and evaluating visual common sense},
	author={Goyal, Raghav and Ebrahimi Kahou, Samira and Michalski, Vincent and Materzynska, Joanna and Westphal, Susanne and Kim, Heuna and Haenel, Valentin and Fruend, Ingo and Yianilos, Peter and Mueller-Freitag, Moritz and others},
	booktitle={Proceedings of the IEEE international conference on computer vision},
	pages={5842--5850},
	year={2017}
}

@inproceedings{he2016deep,
	title={Deep residual learning for image recognition},
	author={He, Kaiming and Zhang, Xiangyu and Ren, Shaoqing and Sun, Jian},
	booktitle={Proceedings of the IEEE conference on computer vision and pattern recognition},
	pages={770--778},
	year={2016}
}

@inproceedings{wang2016temporal,
	title={Temporal segment networks: Towards good practices for deep action recognition},
	author={Wang, Limin and Xiong, Yuanjun and Wang, Zhe and Qiao, Yu and Lin, Dahua and Tang, Xiaoou and Van Gool, Luc},
	booktitle={European conference on computer vision},
	pages={20--36},
	year={2016},
	organization={Springer}
}

@inproceedings{zhao2018recognize,
	title={Recognize actions by disentangling components of dynamics},
	author={Zhao, Yue and Xiong, Yuanjun and Lin, Dahua},
	booktitle={Proceedings of the IEEE Conference on Computer Vision and Pattern Recognition},
	pages={6566--6575},
	year={2018}
}

@inproceedings{zheng2020distance,
	title={Distance-IoU loss: Faster and better learning for bounding box regression},
	author={Zheng, Zhaohui and Wang, Ping and Liu, Wei and Li, Jinze and Ye, Rongguang and Ren, Dongwei},
	booktitle={Proceedings of the AAAI Conference on Artificial Intelligence},
	volume={34},
	number={07},
	pages={12993--13000},
	year={2020}
}

@article{soomro2012ucf101,
	title={UCF101: A dataset of 101 human actions classes from videos in the wild},
	author={Soomro, Khurram and Zamir, Amir Roshan and Shah, Mubarak},
	journal={arXiv preprint arXiv:1212.0402},
	year={2012}
}


@inproceedings{jhuang2013towards,
	title={Towards understanding action recognition},
	author={Jhuang, Hueihan and Gall, Juergen and Zuffi, Silvia and Schmid, Cordelia and Black, Michael J},
	booktitle={Proceedings of the IEEE international conference on computer vision},
	pages={3192--3199},
	year={2013}
}

@inproceedings{yu2018deep,
	title={Deep layer aggregation},
	author={Yu, Fisher and Wang, Dequan and Shelhamer, Evan and Darrell, Trevor},
	booktitle={Proceedings of the IEEE conference on computer vision and pattern recognition},
	pages={2403--2412},
	year={2018}
}

@inproceedings{dai2017deformable,
	title={Deformable convolutional networks},
	author={Dai, Jifeng and Qi, Haozhi and Xiong, Yuwen and Li, Yi and Zhang, Guodong and Hu, Han and Wei, Yichen},
	booktitle={Proceedings of the IEEE international conference on computer vision},
	pages={764--773},
	year={2017}
}

@inproceedings{lin2017feature,
	title={Feature pyramid networks for object detection},
	author={Lin, Tsung-Yi and Doll{\'a}r, Piotr and Girshick, Ross and He, Kaiming and Hariharan, Bharath and Belongie, Serge},
	booktitle={Proceedings of the IEEE conference on computer vision and pattern recognition},
	pages={2117--2125},
	year={2017}
}

@inproceedings{cai2018cascade,
	title={Cascade r-cnn: Delving into high quality object detection},
	author={Cai, Zhaowei and Vasconcelos, Nuno},
	booktitle={Proceedings of the IEEE conference on computer vision and pattern recognition},
	pages={6154--6162},
	year={2018}
}

@article{patrick2021keeping,
	title={Keeping Your Eye on the Ball: Trajectory Attention in Video Transformers},
	author={Patrick, Mandela and Campbell, Dylan and Asano, Yuki M and Metze, Ishan Misra Florian and Feichtenhofer, Christoph and Vedaldi, Andrea and Henriques, Jo and others},
	journal={arXiv preprint arXiv:2106.05392},
	year={2021}
}

%CRCNN
@inproceedings{wu2020context,
	title={Context-aware rcnn: A baseline for action detection in videos},
	author={Wu, Jianchao and Kuang, Zhanghui and Wang, Limin and Zhang, Wayne and Wu, Gangshan},
	booktitle={European Conference on Computer Vision},
	pages={440--456},
	year={2020},
	organization={Springer}
}

@inproceedings{liu2016ssd,
	title={Ssd: Single shot multibox detector},
	author={Liu, Wei and Anguelov, Dragomir and Erhan, Dumitru and Szegedy, Christian and Reed, Scott and Fu, Cheng-Yang and Berg, Alexander C},
	booktitle={European conference on computer vision},
	pages={21--37},
	year={2016},
	organization={Springer}
}


%---------2022.3.27 add---------%
@inproceedings{hwang2015multispectral,
  title={Multispectral pedestrian detection: Benchmark dataset and baseline},
  author={Hwang, Soonmin and Park, Jaesik and Kim, Namil and Choi, Yukyung and So Kweon, In},
  booktitle={Proceedings of the IEEE conference on computer vision and pattern recognition},
  pages={1037--1045},
  year={2015}
}

@article{bin2021tensor,
  title={Tensor-Based Approach for Liquefied Natural Gas Leakage Detection From Surveillance Thermal Cameras: A Feasibility Study in Rural Areas},
  author={Bin, Junchi and Rahman, Choudhury A and Rogers, Shane and Liu, Zheng},
  journal={IEEE Transactions on Industrial Informatics},
  volume={17},
  number={12},
  pages={8122--8130},
  year={2021},
  publisher={IEEE}
}
@article{everingham2010pascal,
  title={The pascal visual object classes (voc) challenge},
  author={Everingham, Mark and Van Gool, Luc and Williams, Christopher KI and Winn, John and Zisserman, Andrew},
  journal={International journal of computer vision},
  volume={88},
  number={2},
  pages={303--338},
  year={2010},
  publisher={Springer}
}

@inproceedings{real2017youtube,
  title={Youtube-boundingboxes: A large high-precision human-annotated data set for object detection in video},
  author={Real, Esteban and Shlens, Jonathon and Mazzocchi, Stefano and Pan, Xin and Vanhoucke, Vincent},
  booktitle={proceedings of the IEEE Conference on Computer Vision and Pattern Recognition},
  pages={5296--5305},
  year={2017}
}
@article{russakovsky2015imagenet,
  title={Imagenet large scale visual recognition challenge},
  author={Russakovsky, Olga and Deng, Jia and Su, Hao and Krause, Jonathan and Satheesh, Sanjeev and Ma, Sean and Huang, Zhiheng and Karpathy, Andrej and Khosla, Aditya and Bernstein, Michael and others},
  journal={International journal of computer vision},
  volume={115},
  number={3},
  pages={211--252},
  year={2015},
  publisher={Springer}
}

@article{zheng2021localization,
  title={Localization distillation for object detection},
  author={Zheng, Zhaohui and Ye, Rongguang and Wang, Ping and Wang, Jun and Ren, Dongwei and Zuo, Wangmeng},
  journal={arXiv preprint arXiv:2102.12252},
  year={2021}
}

@article{bae2014spatial,
  title={Spatial and temporal bilateral filter for infrared small target enhancement},
  author={Bae, Tae-Wuk},
  journal={Infrared Physics \& Technology},
  volume={63},
  pages={42--53},
  year={2014},
  publisher={Elsevier}
}

@article{zhang2020hyperli,
  title={HyperLi-Net: A hyper-light deep learning network for high-accurate and high-speed ship detection from synthetic aperture radar imagery},
  author={Zhang, Tianwen and Zhang, Xiaoling and Shi, Jun and Wei, Shunjun},
  journal={ISPRS Journal of Photogrammetry and Remote Sensing},
  volume={167},
  pages={123--153},
  year={2020},
  publisher={Elsevier}
}


@article{fan2021concealed,
  title={Concealed object detection},
  author={Fan, Deng-Ping and Ji, Ge-Peng and Cheng, Ming-Ming and Shao, Ling},
  journal={IEEE Transactions on Pattern Analysis and Machine Intelligence},
  year={2021},
  publisher={IEEE}
}

@article{mei2021sanet,
  title={SANet: A slice-aware network for pulmonary nodule detection},
  author={Mei, Jie and Cheng, Ming-Ming and Xu, Gang and Wan, Lan-Ruo and Zhang, Huan},
  journal={IEEE transactions on pattern analysis and machine intelligence},
  year={2021},
  publisher={IEEE}
}