@inproceedings{bertasius2018object,
	title={Object detection in video with spatiotemporal sampling networks},
	author={Bertasius, Gedas and Torresani, Lorenzo and Shi, Jianbo},
	booktitle={Proc. Eur. Conf. Comput. Vis.},
	pages={331--346},
	year={2018}
}

@article{bin2021tensor,
  title={Tensor-based approach for liquefied natural gas leakage detection from surveillance thermal cameras: A feasibility study in rural areas},
  author={Bin, Junchi and Rahman, Choudhury A and Rogers, Shane and Liu, Zheng},
  journal={IEEE Trans. Industr. Inform.},
  volume={17},
  number={12},
  pages={8122--8130},
  year={2021},
  publisher={IEEE}
}

@article{bin2022foreground,
  title={Foreground Fusion-Based Liquefied Natural Gas Leak Detection Framework From Surveillance Thermal Imaging},
  author={Bin, Junchi and Bahrami, Zhila and Rahman, Choudhury A and Du, Shan and Rogers, Shane and Liu, Zheng},
  journal={IEEE Trans. Emerg. Topics in Comput. Intell.},
  year={2022},
  publisher={IEEE}
}

@inproceedings{bin2022multimodal,
  title={A Multimodal Fusion-Based LNG Detection for Monitoring Energy Facilities (Student Abstract)},
  author={Bin, Junchi and Rahman, Choudhury A and Rogers, Shane and Du, Shan and Liu, Zheng},
  booktitle={Proc. AAAI Conf. Artif. Intell. },
  volume={36},
  number={11},
  pages={12917--12918},
  year={2022}
}

@inproceedings{cai2018cascade,
  title={Cascade r-cnn: Delving into high quality object detection},
  author={Cai, Zhaowei and Vasconcelos, Nuno},
  booktitle={Proc. IEEE/CVF Conf. Comput. Vis. Pattern Recognit.},
  pages={6154--6162},
  year={2018}
}

@inproceedings{carion2020end,
  title={End-to-end object detection with transformers},
  author={Carion, Nicolas and Massa, Francisco and Synnaeve, Gabriel and Usunier, Nicolas and Kirillov, Alexander and Zagoruyko, Sergey},
  booktitle={Proc. Eur. Conf. Comput. Vis.},
  pages={213--229},
  year={2020},
  organization={Springer}
}

@inproceedings{carreira2017quo,
	title={Quo vadis, action recognition? a new model and the kinetics dataset},
	author={Carreira, Joao and Zisserman, Andrew},
	booktitle={Proc. IEEE/CVF Conf. Comput. Vis. Pattern Recognit.},
	pages={6299--6308},
	year={2017}
}

@inproceedings{chen2018optimizing,
	title={Optimizing video object detection via a scale-time lattice},
	author={Chen, Kai and Wang, Jiaqi and Yang, Shuo and Zhang, Xingcheng and Xiong, Yuanjun and Loy, Chen Change and Lin, Dahua},
	booktitle={Proc. IEEE/CVF Conf. Comput. Vis. Pattern Recognit.},
	pages={7814--7823},
	year={2018}
}

@inproceedings{chen2021deep,
	title={Deep analysis of cnn-based spatio-temporal representations for action recognition},
	author={Chen, Chun-Fu Richard and Panda, Rameswar and Ramakrishnan, Kandan and Feris, Rogerio and Cohn, John and Oliva, Aude and Fan, Quanfu},
	booktitle={Proc. IEEE/CVF Conf. Comput. Vis. Pattern Recognit.},
	pages={6165--6175},
	year={2021}
}

@inproceedings{chen2021watch,
  title={Watch only once: An end-to-end video action detection framework},
  author={Chen, Shoufa and Sun, Peize and Xie, Enze and Ge, Chongjian and Wu, Jiannan and Ma, Lan and Shen, Jiajun and Luo, Ping},
  booktitle={Proc. IEEE Int. Conf. Comput. Vis.},
  pages={8178--8187},
  year={2021}
}

@inproceedings{cheron2015p,
	title={P-CNN: Pose-based CNN Features for Action Recognition},
	author={Ch{\'e}ron, Guilhem and Laptev, Ivan and Schmid, Cordelia},
	booktitle={Proc. IEEE Int. Conf. Comput. Vis.},
	pages={3218--3226},
	year={2015},
	organization={IEEE}
}

@article{dai2016r,
  title={R-fcn: Object detection via region-based fully convolutional networks},
  author={Dai, Jifeng and Li, Yi and He, Kaiming and Sun, Jian},
  journal={Proc. Adv. Neural Inf. Process. Syst.},
  volume={29},
  year={2016}
}

@inproceedings{deng2019object,
	title={Object guided external memory network for video object detection},
	author={Deng, Hanming and Hua, Yang and Song, Tao and Zhang, Zongpu and Xue, Zhengui and Ma, Ruhui and Robertson, Neil and Guan, Haibing},
	booktitle={Proc. IEEE Int. Conf. Comput. Vis.},
	pages={6678--6687},
	year={2019}
}

@inproceedings{deng2019relation,
	title={Relation distillation networks for video object detection},
	author={Deng, Jiajun and Pan, Yingwei and Yao, Ting and Zhou, Wengang and Li, Houqiang and Mei, Tao},
	booktitle={Proc. IEEE Int. Conf. Comput. Vis.},
	pages={7023--7032},
	year={2019}
}

@inproceedings{dong2020centripetalnet,
  title={Centripetalnet: Pursuing high-quality keypoint pairs for object detection},
  author={Dong, Zhiwei and Li, Guoxuan and Liao, Yue and Wang, Fei and Ren, Pengju and Qian, Chen},
  booktitle={Proc. IEEE/CVF Conf. Comput. Vis. Pattern Recognit.},
  pages={10519--10528},
  year={2020}
}

@article{fan2019more,
	title={More is less: Learning efficient video representations by big-little network and depthwise temporal aggregation},
	author={Fan, Quanfu and Chen, Chun-Fu and Kuehne, Hilde and Pistoia, Marco and Cox, David},
	journal={arXiv preprint arXiv:1912.00869},
	year={2019}
}

@inproceedings{feichtenhofer2017detect,
	title={Detect to track and track to detect},
	author={Feichtenhofer, Christoph and Pinz, Axel and Zisserman, Andrew},
	booktitle={Proc. IEEE Int. Conf. Comput. Vis.},
	pages={3038--3046},
	year={2017}
}

@inproceedings{feichtenhofer2019slowfast,
  title={Slowfast networks for video recognition},
  author={Feichtenhofer, Christoph and Fan, Haoqi and Malik, Jitendra and He, Kaiming},
  booktitle={Proc. IEEE Int. Conf. Comput. Vis.},
  pages={6202--6211},
  year={2019}
}

@incollection{fleet2006optical,
  title={Optical flow estimation},
  author={Fleet, David and Weiss, Yair},
  booktitle={Handbook of mathematical models in computer vision},
  pages={237--257},
  year={2006},
  publisher={Springer}
}

@article{gaalfalk2016making,
  title={Making methane visible},
  author={G{\aa}lfalk, Magnus and Olofsson, G{\"o}ran and Crill, Patrick and Bastviken, David},
  journal={Nat. Clim. Chang.},
  volume={6},
  number={4},
  pages={426--430},
  year={2016},
  publisher={Nature Publishing Group UK London}
}

@inproceedings{girdhar2019video,
  title={Video action transformer network},
  author={Girdhar, Rohit and Carreira, Joao and Doersch, Carl and Zisserman, Andrew},
  booktitle={Proc. IEEE/CVF Conf. Comput. Vis. Pattern Recognit.},
  pages={244--253},
  year={2019}
}

@inproceedings{gong2021temporal,
  title={Temporal ROI align for video object recognition},
  author={Gong, Tao and Chen, Kai and Wang, Xinjiang and Chu, Qi and Zhu, Feng and Lin, Dahua and Yu, Nenghai and Feng, Huamin},
  booktitle={Proc. AAAI Conf. Artif. Intell. },
  volume={35},
  number={2},
  pages={1442--1450},
  year={2021}
}

@article{hagen2020survey,
  title={Survey of autonomous gas leak detection and quantification with snapshot infrared spectral imaging},
  author={Hagen, Nathan},
  journal={J. Opt.},
  volume={22},
  number={10},
  pages={103001},
  year={2020},
  publisher={IOP Publishing}
}

@article{han2016seq,
	title={Seq-nms for video object detection},
	author={Han, Wei and Khorrami, Pooya and Paine, Tom Le and Ramachandran, Prajit and Babaeizadeh, Mohammad and Shi, Honghui and Li, Jianan and Yan, Shuicheng and Huang, Thomas S},
	journal={arXiv preprint arXiv:1602.08465},
	year={2016}
}

@inproceedings{han2020mining,
	title={Mining inter-video proposal relations for video object detection},
	author={Han, Mingfei and Wang, Yali and Chang, Xiaojun and Qiao, Yu},
	booktitle={Proc. Eur. Conf. Comput. Vis.},
	pages={431--446},
	year={2020},
	organization={Springer}
}

@inproceedings{hara2018can,
	title={Can spatiotemporal 3d cnns retrace the history of 2d cnns and imagenet?},
	author={Hara, Kensho and Kataoka, Hirokatsu and Satoh, Yutaka},
	booktitle={Proc. IEEE/CVF Conf. Comput. Vis. Pattern Recognit.},
	pages={6546--6555},
	year={2018}
}

@inproceedings{hong2019vocs,
  title={A VOCs gas detection algorithm based on infrared thermal imaging},
  author={Hong, Shao-Zhuang and Hu, Ying and Yu, Hong-Wei},
  booktitle={Chin. Control Decis. Conf.},
  pages={329--334},
  year={2019},
  organization={IEEE}
}

@article{kang2017t,
	title={T-cnn: Tubelets with convolutional neural networks for object detection from videos},
	author={Kang, Kai and Li, Hongsheng and Yan, Junjie and Zeng, Xingyu and Yang, Bin and Xiao, Tong and Zhang, Cong and Wang, Zhe and Wang, Ruohui and Wang, Xiaogang and others},
	journal={IEEE Trans. Circuits Syst. Video Technol.},
	volume={28},
	number={10},
	pages={2896--2907},
	year={2017},
	publisher={IEEE}
}

@inproceedings{kwon2020motionsqueeze,
	title={Motionsqueeze: Neural motion feature learning for video understanding},
	author={Kwon, Heeseung and Kim, Manjin and Kwak, Suha and Cho, Minsu},
	booktitle={Proc. Eur. Conf. Comput. Vis.},
	pages={345--362},
	year={2020},
	organization={Springer}
}

@inproceedings{li2020actions,
  title={Actions as moving points},
  author={Li, Yixuan and Wang, Zixu and Wang, Limin and Wu, Gangshan},
  booktitle={Proc. Eur. Conf. Comput. Vis.},
  pages={68--84},
  year={2020},
  organization={Springer}
}

@inproceedings{lin2017focal,
  title={Focal loss for dense object detection},
  author={Lin, Tsung-Yi and Goyal, Priya and Girshick, Ross and He, Kaiming and Doll{\'a}r, Piotr},
  booktitle={Proc. IEEE Int. Conf. Comput. Vis.},
  pages={2980--2988},
  year={2017}
}

@inproceedings{lin2019tsm,
	title={Tsm: Temporal shift module for efficient video understanding},
	author={Lin, Ji and Gan, Chuang and Han, Song},
	booktitle={Proc. IEEE Int. Conf. Comput. Vis.},
	pages={7083--7093},
	year={2019}
}

@article{murvay2012survey,
  title={A survey on gas leak detection and localization techniques},
  author={Murvay, Pal-Stefan and Silea, Ioan},
  journal={J. Loss Prev. Process. Ind.},
  volume={25},
  number={6},
  pages={966--973},
  year={2012},
  publisher={Elsevier}
}

@inproceedings{pan2021actor,
  title={Actor-context-actor relation network for spatio-temporal action localization},
  author={Pan, Junting and Chen, Siyu and Shou, Mike Zheng and Liu, Yu and Shao, Jing and Li, Hongsheng},
  booktitle={Proc. IEEE/CVF Conf. Comput. Vis. Pattern Recognit.},
  pages={464--474},
  year={2021}
}

@inproceedings{qiu2017learning,
	title={Learning spatio-temporal representation with pseudo-3d residual networks},
	author={Qiu, Zhaofan and Yao, Ting and Mei, Tao},
	booktitle={Proc. IEEE Int. Conf. Comput. Vis.},
	pages={5533--5541},
	year={2017}
}

@article{redmon2018yolov3,
  title={Yolov3: An incremental improvement},
  author={Redmon, Joseph and Farhadi, Ali},
  journal={arXiv preprint arXiv:1804.02767},
  year={2018}
}

@inproceedings{ren2015faster,
	title={Faster r-cnn: Towards real-time object detection with region proposal networks},
	author={Ren, Shaoqing and He, Kaiming and Girshick, Ross and Sun, Jian},
	booktitle={Proc. Adv. Neural Inf. Process. Syst.},
	pages={91--99},
	year={2015}
}

@inproceedings{shao2020temporal,
	title={Temporal interlacing network},
	author={Shao, Hao and Qian, Shengju and Liu, Yu},
	booktitle={Proc. AAAI Conf. Artif. Intell. },
	volume={34},
	number={07},
	pages={11966--11973},
	year={2020}
}

@article{shi2020real,
  title={Real-time leak detection using an infrared camera and Faster R-CNN technique},
  author={Shi, Jihao and Chang, Yuanjiang and Xu, Changhang and Khan, Faisal and Chen, Guoming and Li, Chuangkun},
  journal={Comput. Chem. Eng.},
  volume={135},
  pages={106780},
  year={2020},
  publisher={Elsevier}
}




%---------------\subsection{Generic Object Detection }

@inproceedings{shvets2019leveraging,
	title={Leveraging long-range temporal relationships between proposals for video object detection},
	author={Shvets, Mykhailo and Liu, Wei and Berg, Alexander C},
	booktitle={Proc. IEEE Int. Conf. Comput. Vis.},
	pages={9756--9764},
	year={2019}
}

@inproceedings{sun2018actor,
  title={Actor-centric relation network},
  author={Sun, Chen and Shrivastava, Abhinav and Vondrick, Carl and Murphy, Kevin and Sukthankar, Rahul and Schmid, Cordelia},
  booktitle={Proc. Eur. Conf. Comput. Vis.},
  pages={318--334},
  year={2018}
}

@inproceedings{tang2020asynchronous,
  title={Asynchronous interaction aggregation for action detection},
  author={Tang, Jiajun and Xia, Jin and Mu, Xinzhi and Pang, Bo and Lu, Cewu},
  booktitle={Proc. Eur. Conf. Comput. Vis.},
  pages={71--87},
  year={2020},
  organization={Springer}
}

@inproceedings{tian2019fcos,
  title={Fcos: Fully convolutional one-stage object detection},
  author={Tian, Zhi and Shen, Chunhua and Chen, Hao and He, Tong},
  booktitle={Proc. IEEE Int. Conf. Comput. Vis.},
  pages={9627--9636},
  year={2019}
}

@inproceedings{tran2015learning,
	title={Learning spatiotemporal features with 3d convolutional networks},
	author={Tran, Du and Bourdev, Lubomir and Fergus, Rob and Torresani, Lorenzo and Paluri, Manohar},
	booktitle={Proc. IEEE Int. Conf. Comput. Vis.},
	pages={4489--4497},
	year={2015}
}

@inproceedings{tran2018closer,
	title={A closer look at spatiotemporal convolutions for action recognition},
	author={Tran, Du and Wang, Heng and Torresani, Lorenzo and Ray, Jamie and LeCun, Yann and Paluri, Manohar},
	booktitle={Proc. IEEE/CVF Conf. Comput. Vis. Pattern Recognit.},
	pages={6450--6459},
	year={2018}
}

@inproceedings{wang2016temporal,
	title={Temporal segment networks: Towards good practices for deep action recognition},
	author={Wang, Limin and Xiong, Yuanjun and Wang, Zhe and Qiao, Yu and Lin, Dahua and Tang, Xiaoou and Van Gool, Luc},
	booktitle={Proc. Eur. Conf. Comput. Vis.},
	pages={20--36},
	year={2016},
	organization={Springer}
}

@inproceedings{wang2018fully,
	title={Fully motion-aware network for video object detection},
	author={Wang, Shiyao and Zhou, Yucong and Yan, Junjie and Deng, Zhidong},
	booktitle={Proc. Eur. Conf. Comput. Vis.},
	pages={542--557},
	year={2018}
}

@inproceedings{wang2018infrared,
  title={Infrared video based gas leak detection method using modified FAST features},
  author={Wang, Min and Hong, Hanyu and Huang, Likun},
  booktitle={MIPPR 2017: Remote Sensing Image Processing, Geographic Information Systems, and Other Applications},
  volume={10611},
  pages={255--260},
  year={2018},
  organization={SPIE}
}

@inproceedings{wang2021tdn,
	title={TDN: Temporal difference networks for efficient action recognition},
	author={Wang, Limin and Tong, Zhan and Ji, Bin and Wu, Gangshan},
	booktitle={Proc. IEEE/CVF Conf. Comput. Vis. Pattern Recognit.},
	pages={1895--1904},
	year={2021}
}

@article{wang2022videogasnet,
  title={VideoGasNet: Deep learning for natural gas methane leak classification using an infrared camera},
  author={Wang, Jingfan and Ji, Jingwei and Ravikumar, Arvind P and Savarese, Silvio and Brandt, Adam R},
  journal={Energy},
  volume={238},
  pages={121516},
  year={2022},
  publisher={Elsevier}
}

@inproceedings{wu2019sequence,
	title={Sequence level semantics aggregation for video object detection},
	author={Wu, Haiping and Chen, Yuntao and Wang, Naiyan and Zhang, Zhaoxiang},
	booktitle={Proc. IEEE Int. Conf. Comput. Vis.},
	pages={9217--9225},
	year={2019}
}

@inproceedings{wu2020context,
  title={Context-aware rcnn: A baseline for action detection in videos},
  author={Wu, Jianchao and Kuang, Zhanghui and Wang, Limin and Zhang, Wayne and Wu, Gangshan},
  booktitle={Proc. Eur. Conf. Comput. Vis.},
  pages={440--456},
  year={2020},
  organization={Springer}
}

@inproceedings{wu2023stmixer,
  title={Stmixer: A one-stage sparse action detector},
  author={Wu, Tao and Cao, Mengqi and Gao, Ziteng and Wu, Gangshan and Wang, Limin},
  booktitle={Proceedings of the IEEE/CVF Conference on Computer Vision and Pattern Recognition},
  pages={14720--14729},
  year={2023}
}

@inproceedings{xiao2018video,
	title={Video object detection with an aligned spatial-temporal memory},
	author={Xiao, Fanyi and Lee, Yong Jae},
	booktitle={Proc. Eur. Conf. Comput. Vis.},
	pages={485--501},
	year={2018}
}

@inproceedings{yao2020video,
	title={Video object detection via object-level temporal aggregation},
	author={Yao, Chun-Han and Fang, Chen and Shen, Xiaohui and Wan, Yangyue and Yang, Ming-Hsuan},
	booktitle={Proc. Eur. Conf. Comput. Vis.},
	pages={160--177},
	year={2020},
	organization={Springer}
}

@inproceedings{zeng2018gas,
  title={Gas leak detection in infrared video with background modeling},
  author={Zeng, Xiaoxia and Huang, Likun},
  booktitle={MIPPR 2017: Remote Sensing Image Processing, Geographic Information Systems, and Other Applications},
  volume={10611},
  pages={261--268},
  year={2018},
  organization={SPIE}
}

@inproceedings{zhang2020bridging,
  title={Bridging the gap between anchor-based and anchor-free detection via adaptive training sample selection},
  author={Zhang, Shifeng and Chi, Cheng and Yao, Yongqiang and Lei, Zhen and Li, Stan Z},
  booktitle={Proc. IEEE/CVF Conf. Comput. Vis. Pattern Recognit.},
  pages={9759--9768},
  year={2020}
}

@article{zhang2022dino,
  title={Dino: Detr with improved denoising anchor boxes for end-to-end object detection},
  author={Zhang, Hao and Li, Feng and Liu, Shilong and Zhang, Lei and Su, Hang and Zhu, Jun and Ni, Lionel M and Shum, Heung-Yeung},
  journal={International Conference on Learning Representations},
  year={2023}
}

@inproceedings{zhao2022tuber,
  title={Tuber: Tubelet transformer for video action detection},
  author={Zhao, Jiaojiao and Zhang, Yanyi and Li, Xinyu and Chen, Hao and Shuai, Bing and Xu, Mingze and Liu, Chunhui and Kundu, Kaustav and Xiong, Yuanjun and Modolo, Davide and others},
  booktitle={Proc. IEEE/CVF Conf. Comput. Vis. Pattern Recognit.},
  pages={13598--13607},
  year={2022}
}

@article{zhou2019objects,
  title={Objects as points},
  author={Zhou, Xingyi and Wang, Dequan and Kr{\"a}henb{\"u}hl, Philipp},
  journal={arXiv preprint arXiv:1904.07850},
  year={2019}
}

@article{zhou2022transvod,
  title={TransVOD: end-to-end video object detection with spatial-temporal transformers},
  author={Zhou, Qianyu and Li, Xiangtai and He, Lu and Yang, Yibo and Cheng, Guangliang and Tong, Yunhai and Ma, Lizhuang and Tao, Dacheng},
  journal={IEEE Trans. Pattern Anal. Mach. Intell.},
  year={2022},
  publisher={IEEE}
}

@inproceedings{zhu2017deep,
	title={Deep feature flow for video recognition},
	author={Zhu, Xizhou and Xiong, Yuwen and Dai, Jifeng and Yuan, Lu and Wei, Yichen},
	booktitle={Proc. IEEE/CVF Conf. Comput. Vis. Pattern Recognit.},
	pages={2349--2358},
	year={2017}
}

@inproceedings{zhu2017flow,
	title={Flow-guided feature aggregation for video object detection},
	author={Zhu, Xizhou and Wang, Yujie and Dai, Jifeng and Yuan, Lu and Wei, Yichen},
	booktitle={Proc. IEEE Int. Conf. Comput. Vis.},
	pages={408--417},
	year={2017}
}

@inproceedings{zhu2018towards,
	title={Towards high performance video object detection},
	author={Zhu, Xizhou and Dai, Jifeng and Yuan, Lu and Wei, Yichen},
	booktitle={Proc. IEEE/CVF Conf. Comput. Vis. Pattern Recognit.},
	pages={7210--7218},
	year={2018}
}

@article{zhu2020deformable,
  title={Deformable detr: Deformable transformers for end-to-end object detection},
  author={Zhu, Xizhou and Su, Weijie and Lu, Lewei and Li, Bin and Wang, Xiaogang and Dai, Jifeng},
  journal={International Conference on Learning Representations},
  year={2021}
}

