
IEEEabrv.bib
V1.14 (2015/08/26)
Copyright (c) 2002-2015 by Michael Shell
See: http://www.michaelshell.org/
for current contact information.

BibTeX bibliography string definitions of the ABBREVIATED titles of
IEEE journals and magazines and online publications.

This file is designed for bibliography styles that require 
abbreviated titles and is not for use in bibliographies that
require full-length titles.

Support sites:
http://www.michaelshell.org/tex/ieeetran/
http://www.ctan.org/pkg/ieeetran
and/or
http://www.ieee.org/

Special thanks to Laura Hyslop, Ken Rawson, Kevin Lisankie and
Mona Mittra of the IEEE for their help in obtaining the information needed
to compile this file. Also, Volker Kuhlmann, Moritz Borgmann,
Yannick Berker, Nicol√°s Barabino, Chuanren Wu and Santiago Cogollos Borras
kindly provided some corrections and additions.


*************************************************************************
Legal Notice:
This code is offered as-is without any warranty either expressed or
implied; without even the implied warranty of MERCHANTABILITY or
FITNESS FOR A PARTICULAR PURPOSE! 
User assumes all risk.
In no event shall the IEEE or any contributor to this code be liable for
any damages or losses, including, but not limited to, incidental,
consequential, or any other damages, resulting from the use or misuse
of any information contained here.

All comments are the opinions of their respective authors and are not
necessarily endorsed by the IEEE.

This work is distributed under the LaTeX Project Public License (LPPL)
( http://www.latex-project.org/ ) version 1.3, and may be freely used,
distributed and modified. A copy of the LPPL, version 1.3, is included
in the base LaTeX documentation of all distributions of LaTeX released
2003/12/01 or later.
Retain all contribution notices and credits.
** Modified files should be clearly indicated as such, including  **
** renaming them and changing author support contact information. **
*************************************************************************


USAGE:

\bibliographystyle{mybstfile}
\bibliography{IEEEabrv,mybibfile}

where the IEEE titles in the .bib database entries use the strings
defined here. e.g.,


   journal = IEEE_J_AC,


to yield "{IEEE} Trans. Automat. Contr."


The IEEE uses abbreviated journal titles in their bibliographies -
this file is suitable for work that is to be submitted to the IEEE.

For work that requires full-length titles, you should use the full
titles provided in the companion file, IEEEfull.bib.


** NOTES **

 1. Journals have been grouped according to subject in order to make it
    easier to locate and extract the definitions for related journals - 
    as most works use references that are confined to a single topic.
    Magazines are listed in straight alphabetical order.

 2. String names are closely based on IEEE's own internal acronyms.

 3. Older, out-of-print IEEE titles are included (but not including titles
    dating prior to the IEEE's formation from the IRE and AIEE in 1963).

 4. Abbreviations comply with the official specifications of the IEEE.






IEEE Journals


aerospace and military
@STRING{IEEE_J_ANNE       = "{IEEE} Trans. Aeronaut. Navig. Electron."}
@STRING{IEEE_J_AES        = "{IEEE} Trans. Aerosp. Electron. Syst."}
@STRING{IEEE_J_ANE        = "{IEEE} Trans. Aerosp. Navig. Electron."}
@STRING{IEEE_J_AS         = "{IEEE} Trans. Aerosp."}
@STRING{IEEE_J_AIRE       = "{IEEE} Trans. Airborne Electron."}
@STRING{IEEE_J_MIL        = "{IEEE} Trans. Mil. Electron."}



autos, transportation and vehicles (non-aerospace)
@STRING{IEEE_J_ITS        = "{IEEE} Trans. Intell. Transp. Syst."}
@STRING{IEEE_J_IV         = "{IEEE} Trans. Intell. Veh."}
@STRING{IEEE_J_TTE        = "{IEEE} Trans. Transport. Electrific."}
@STRING{IEEE_J_VC         = "{IEEE} Trans. Veh. Commun."}
@STRING{IEEE_J_VT         = "{IEEE} Trans. Veh. Technol."}



circuits, signals, systems, audio and controls
@STRING{IEEE_J_STSP       = "{IEEE} J. Sel. Topics Signal Process."}
@STRING{IEEE_J_SPL        = "{IEEE} Signal Process. Lett."}
@STRING{IEEE_J_SYST       = "{IEEE} Syst. J."}
@STRING{IEEE_J_ASSP       = "{IEEE} Trans. Acoust., Speech, Signal Process."}
@STRING{IEEE_J_AU         = "{IEEE} Trans. Audio"}
@STRING{IEEE_J_AUEA       = "{IEEE} Trans. Audio Electroacoust."}
in 2014 ASL became ASLP
@STRING{IEEE_J_ASLP       = "{IEEE/ACM} Trans. Audio, Speech, Language Process."}
@STRING{IEEE_J_ASL        = "{IEEE} Audio, Speech, Language Process."}
@STRING{IEEE_J_AC         = "{IEEE} Trans. Autom. Control"}
@STRING{IEEE_J_CAS        = "{IEEE} Trans. Circuits Syst."}
@STRING{IEEE_J_CASVT      = "{IEEE} Trans. Circuits Syst. Video Technol."}
@STRING{IEEE_J_CASI       = "{IEEE} Trans. Circuits Syst. {I}"}
@STRING{IEEE_J_CASII      = "{IEEE} Trans. Circuits Syst. {II}"}
in 2004 CASI and CASII renamed part title to CASI_RP and CASII_EB, respectively
@STRING{IEEE_J_CASI_RP    = "{IEEE} Trans. Circuits Syst. {I}"}
@STRING{IEEE_J_CASII_EB   = "{IEEE} Trans. Circuits Syst. {II}"}
@STRING{IEEE_J_CT         = "{IEEE} Trans. Circuit Theory"}
@STRING{IEEE_J_CST        = "{IEEE} Trans. Control Syst. Technol."}
@STRING{IEEE_J_ETCAS      = "{IEEE} Trans. Emerg. Sel. Topics Circuits Syst."}
@STRING{IEEE_J_SP         = "{IEEE} Trans. Signal Process."}
@STRING{IEEE_J_SU         = "{IEEE} Trans. Sonics Ultrason."}
@STRING{IEEE_J_SAP        = "{IEEE} Trans. Speech Audio Process."}
@STRING{IEEE_J_UE         = "{IEEE} Trans. Ultrason. Eng."}
@STRING{IEEE_J_UFFC       = "{IEEE} Trans. Ultrason., Ferroelectr., Freq. Control"}



communications
@STRING{IEEE_J_COML       = "{IEEE} Commun. Lett."}
@STRING{IEEE_J_JSAC       = "{IEEE} J. Sel. Areas Commun."}
@STRING{IEEE_J_COM        = "{IEEE} Trans. Commun."}
@STRING{IEEE_J_COMT       = "{IEEE} Trans. Commun. Technol."}
@STRING{IEEE_J_WCOM       = "{IEEE} Trans. Wireless Commun."}
@STRING{IEEE_J_WCOML      = "{IEEE} Wireless Commun. Lett."}



components, packaging and manufacturing
@STRING{IEEE_J_ADVP       = "{IEEE} Trans. Adv. Packag."}
@STRING{IEEE_J_CHMT       = "{IEEE} Trans. Compon., Hybrids, Manuf. Technol."}
in 2011 CAPT became CPMT
@STRING{IEEE_J_CPMT       = "{IEEE} Trans. Compon. Packag. Manuf. Technol."}
@STRING{IEEE_J_CPMTA      = "{IEEE} Trans. Compon., Packag., Manuf. Technol. {A}"}
@STRING{IEEE_J_CPMTB      = "{IEEE} Trans. Compon., Packag., Manuf. Technol. {B}"}
@STRING{IEEE_J_CPMTC      = "{IEEE} Trans. Compon., Packag., Manuf. Technol. {C}"}
@STRING{IEEE_J_CAPTS      = "{IEEE} Trans. Compon. Packag. Technol."}
@STRING{IEEE_J_CAPT       = "{IEEE} Trans. Compon. Packag. Technol."}
@STRING{IEEE_J_CPART      = "{IEEE} Trans. Compon. Parts"}
@STRING{IEEE_J_EPM        = "{IEEE} Trans. Electron. Packag. Manuf."}
@STRING{IEEE_J_MFT        = "{IEEE} Trans. Manuf. Technol."}
@STRING{IEEE_J_PHP        = "{IEEE} Trans. Parts, Hybrids, Packag."}
@STRING{IEEE_J_PMP        = "{IEEE} Trans. Parts, Mater., Packag."}



CAD
@STRING{IEEE_J_TCAD       = "{IEEE} J. Technol. Comput. Aided Design"}
@STRING{IEEE_J_CAD        = "{IEEE} Trans. Comput.-Aided Design Integr. Circuits Syst."}



coding, data, information, knowledge
@STRING{IEEE_J_BD         = "{IEEE} Trans. Big Data"}
@STRING{IEEE_J_IFS        = "{IEEE} Trans. Inf. Forensics Security"}
@STRING{IEEE_J_IT         = "{IEEE} Trans. Inf. Theory"}
@STRING{IEEE_J_KDE        = "{IEEE} Trans. Knowl. Data Eng."}



computers, computation, networking and software
@STRING{IEEE_J_CAL        = "{IEEE} Comput. Archit. Lett."}
@STRING{IEEE_J_ES         = "{IEEE} Embedded Syst. Lett."}
@STRING{IEEE_J_IOT        = "{IEEE} Internet Things J."}
@STRING{IEEE_J_XCDC       = "{IEEE} J. Explor. Solid-State Computat. Devices Circuits"}
@STRING{IEEE_J_MMCT       = "{IEEE} J. Multiscale and Multiphys. Comput. Techn."}
@STRING{IEEE_J_SUSC       = "{IEEE} Sustain. Comput."}
@STRING{IEEE_J_CC         = "{IEEE} Trans. on Cloud Comput."}
@STRING{IEEE_J_CSS        = "{IEEE} Trans. Comput. Social Syst."}
@STRING{IEEE_J_C          = "{IEEE} Trans. Comput."}
@STRING{IEEE_J_CNS        = "{IEEE} Trans. Control Netw. Syst."}
@STRING{IEEE_J_DSC        = "{IEEE} Trans. Depend. Sec. Comput."}
@STRING{IEEE_J_ECOMP      = "{IEEE} Trans. Electron. Comput."}
@STRING{IEEE_J_ETC        = "{IEEE} Trans. Emerg. Topics Comput."}
@STRING{IEEE_J_EVC        = "{IEEE} Trans. Evol. Comput."}
@STRING{IEEE_J_FUZZ       = "{IEEE} Trans. Fuzzy Syst."}
@STRING{IEEE_J_MC         = "{IEEE} Trans. Mobile Comput."}
@STRING{IEEE_J_MSCS       = "{IEEE} Trans. Multi-Scale Comput. Syst."}
@STRING{IEEE_J_NET        = "{IEEE/ACM} Trans. Netw."}
@STRING{IEEE_J_NSE        = "{IEEE} Trans. Netw. Sci. Eng."}
@STRING{IEEE_J_NSM        = "{IEEE} Trans. Netw. Service Manag."}
@STRING{IEEE_J_NN         = "{IEEE} Trans. Neural Netw."}
in 2012 NN became NNLS
@STRING{IEEE_J_NNLS       = "{IEEE} Trans. Neural Netw. Learn. Syst."}
@STRING{IEEE_J_PDS        = "{IEEE} Trans. Parallel Distrib. Syst."}
@STRING{IEEE_J_SC         = "{IEEE} Trans. Serv. Comput."}
@STRING{IEEE_J_SIPN       = "{IEEE} Trans. Signal Inf. Process. Netw."}
@STRING{IEEE_J_SE         = "{IEEE} Trans. Softw. Eng."}



computer graphics, imaging, and multimedia
@STRING{IEEE_J_JDT        = "{IEEE/OSA} J. Display Technol."}
@STRING{IEEE_J_IP         = "{IEEE} Trans. Image Process."}
@STRING{IEEE_J_MM         = "{IEEE} Trans. Multimedia"}
@STRING{IEEE_J_VCG        = "{IEEE} Trans. Vis. Comput. Graphics"}



cybernetics, ergonomics, robots, man-machine, artificial intelligence and automation
@STRING{IEEE_J_JAS        = "{IEEE/CAA} J. Autom. Sinica"}
@STRING{IEEE_J_JRA        = "{IEEE} J. Robot. Autom."}
@STRING{IEEE_J_AFFC       = "{IEEE} Trans. Affect. Comput."}
@STRING{IEEE_J_ASE        = "{IEEE} Trans. Autom. Sci. Eng."}
@STRING{IEEE_J_AMD        = "{IEEE} Trans. Auton. Mental Develop."}
@STRING{IEEE_J_CCN        = "{IEEE} Trans. on Cogn. Commun. Netw."}
in 2015 AMD became CDS
@STRING{IEEE_J_CDS        = "{IEEE} Trans. Cogn. Develop. Syst."}
@STRING{IEEE_J_CIAIG      = "{IEEE} Trans. Comput. Intell. {AI} in Games"}
in 2013 SMCB became CYB
@STRING{IEEE_J_CYB        = "{IEEE} Trans. Cybern."}
@STRING{IEEE_J_H          = "{IEEE} Trans. Haptics"}
@STRING{IEEE_J_HFE        = "{IEEE} Trans. Hum. Factors Electron."}
in 2013 SMCC became HMS
@STRING{IEEE_J_HMS        = "{IEEE} Trans. Human-Mach. Syst."}
@STRING{IEEE_J_MMS        = "{IEEE} Trans. Man-Mach. Syst."}
@STRING{IEEE_J_PAMI       = "{IEEE} Trans. Pattern Anal. Mach. Intell."}
in 1989 JRA became RA
in August 2004, RA split into ASE and RO
@STRING{IEEE_J_RA         = "{IEEE} Trans. Robot. Autom."}
@STRING{IEEE_J_RAL        = "{IEEE} Robot. Autom. Lett."}
@STRING{IEEE_J_RO         = "{IEEE} Trans. Robot."}
@STRING{IEEE_J_SMC        = "{IEEE} Trans. Syst., Man, Cybern."}
@STRING{IEEE_J_SMCA       = "{IEEE} Trans. Syst., Man, Cybern. {A}"}
@STRING{IEEE_J_SMCB       = "{IEEE} Trans. Syst., Man, Cybern. {B}"}
@STRING{IEEE_J_SMCC       = "{IEEE} Trans. Syst., Man, Cybern. {C}"}
in 2012 SMCA became SMCS
@STRING{IEEE_J_SMCS       = "{IEEE} Trans. Syst., Man, Cybern., Syst."}
@STRING{IEEE_J_SSC        = "{IEEE} Trans. Syst. Sci. Cybern."}



earth, wind, fire and water
@STRING{IEEE_J_GRSL       = "{IEEE} Geosci. Remote Sens. Lett."}
@STRING{IEEE_J_GE         = "{IEEE} Trans. Geosci. Electron."}
@STRING{IEEE_J_GRS        = "{IEEE} Trans. Geosci. Remote Sens."}
@STRING{IEEE_J_OE         = "{IEEE} J. Ocean. Eng."}
@STRING{IEEE_J_STARS      = "{IEEE} J. Sel. Topics Appl. Earth Observ. Remote Sens."}



education, engineering, history, IEEE, professional
@STRING{IEEE_J_CJECE      = "Canadian J. Elect. Comput. Eng."}
@STRING{IEEE_J_PROC       = "Proc. {IEEE}"}
@STRING{IEEE_J_RITA       = "{IEEE} Revista Iberoamericana de Technolog{\'{i}}as del Aprendizaje"}
@STRING{IEEE_J_EDU        = "{IEEE} Trans. Educ."}
@STRING{IEEE_J_EM         = "{IEEE} Trans. Eng. Manag."}
@STRING{IEEE_J_EWS        = "{IEEE} Trans. Eng. Writing Speech"}
@STRING{IEEE_J_LT         = "{IEEE} Trans. Learn. Technol."}
@STRING{IEEE_J_PC         = "{IEEE} Trans. Prof. Commun."}



electromagnetics, antennas, EMI, magnetics and microwave
@STRING{IEEE_J_AWPL       = "{IEEE} Antennas Wireless Propag. Lett."}
@STRING{IEEE_J_MAGL       = "{IEEE} Magn. Lett."}
@STRING{IEEE_J_MGWL       = "{IEEE} Microw. Guided Wave Lett."}
@STRING{IEEE_J_MWCL       = "{IEEE} Microw. Wireless Compon. Lett."}
@STRING{IEEE_J_RFIC       = "{IEEE} {RFIC} J."}
@STRING{IEEE_J_RFID       = "{IEEE} {RFID} J."}
@STRING{IEEE_J_AP         = "{IEEE} Trans. Antennas Propag."}
@STRING{IEEE_J_EMC        = "{IEEE} Trans. Electromagn. Compat."}
@STRING{IEEE_J_MAG        = "{IEEE} Trans. Magn."}
@STRING{IEEE_J_MTT        = "{IEEE} Trans. Microw. Theory Techn."}
@STRING{IEEE_J_RFI        = "{IEEE} Trans. Radio Freq. Interference"}
@STRING{IEEE_J_TTHZ       = "{IEEE} Trans. {THz} Sci. Technol."}
@STRING{IEEE_J_TJMJ       = "{IEEE} Transl. J. Magn. Jpn."}



energy, power and conversion
@STRING{IEEE_J_PHOT       = "{IEEE} J. Photovolt."}
@STRING{IEEE_J_PEL        = "{IEEE} Power Electron. Lett."}
@STRING{IEEE_J_PETS       = "{IEEE} Power Energy Technol. Syst. J."}
@STRING{IEEE_J_ESTPE      = "{IEEE} Trans. Emerg. Sel. Topics Power Electron."}
@STRING{IEEE_J_EC         = "{IEEE} Trans. Energy Convers."}
@STRING{IEEE_J_PWRAS      = "{IEEE} Trans. Power App. Syst."}
@STRING{IEEE_J_PWRD       = "{IEEE} Trans. Power Del."}
@STRING{IEEE_J_PWRE       = "{IEEE} Trans. Power Electron."}
@STRING{IEEE_J_PWRS       = "{IEEE} Trans. Power Syst."}
@STRING{IEEE_J_SG         = "{IEEE} Trans. Smart Grid"}
@STRING{IEEE_J_STE        = "{IEEE} Trans. Sustain. Energy"}



industrial, commercial and consumer
@STRING{IEEE_J_PSE        = "{IEEE} J. Product Safety Eng."}
@STRING{IEEE_J_APPIND     = "{IEEE} Trans. Appl. Ind."}
@STRING{IEEE_J_BC         = "{IEEE} Trans. Broadcast."}
@STRING{IEEE_J_BCTV       = "{IEEE} Trans. Broadcast Television Receivers"}
@STRING{IEEE_J_CE         = "{IEEE} Trans. Consum. Electron."}
@STRING{IEEE_J_IE         = "{IEEE} Trans. Ind. Electron."}
@STRING{IEEE_J_IECI       = "{IEEE} Trans. Ind. Electron. Contr. Instrum."}
@STRING{IEEE_J_IA         = "{IEEE} Trans. Ind. Appl."}
@STRING{IEEE_J_IGA        = "{IEEE} Trans. Ind. Gen. Appl."}
@STRING{IEEE_J_IINF       = "{IEEE} Trans. Ind. Informat."}



instrumentation and measurement
@STRING{IEEE_J_IM         = "{IEEE} Trans. Instrum. Meas."}



insulation and materials
@STRING{IEEE_J_JEM        = "{IEEE/TMS} J. Electron. Mater."}
@STRING{IEEE_J_DEI        = "{IEEE} Trans. Dielectr. Electr. Insul."}
@STRING{IEEE_J_EI         = "{IEEE} Trans. Electr. Insul."}



mechanical
@STRING{IEEE_J_MEMS       = "J. Microelectromech. Syst."}
in 2014 MEMS became MEMSI
@STRING{IEEE_J_MEMSI      = "J. Microelectromech. Syst."}
@STRING{IEEE_J_MECH       = "{IEEE/ASME} Trans. Mechatronics"}



medical and biological
@STRING{IEEE_J_BHI        = "{IEEE} J. Biomed. Health Inform."}
@STRING{IEEE_J_TEHM       = "{IEEE} J. Transl. Eng. Health Med."}
@STRING{IEEE_J_LS         = "{IEEE} Life Sci. Lett."}
@STRING{IEEE_J_RBME       = "{IEEE} Rev. Biomed. Eng."}
@STRING{IEEE_J_BCAS       = "{IEEE} Trans. Biomed. Circuits Syst."}
@STRING{IEEE_J_BMELC      = "{IEEE} Trans. Bio-Med. Electron."}
B-ME later dropped the hyphen and became the BME
@STRING{IEEE_J_BME        = "{IEEE} Trans. Biomed. Eng."}
@STRING{IEEE_J_B-ME       = "{IEEE} Trans. Bio-Med. Eng."}
@STRING{IEEE_J_CBB        = "{IEEE/ACM} Trans. Comput. Biol. Bioinformatics"}
@STRING{IEEE_J_ITBM       = "{IEEE} Trans. Inf. Technol. Biomed."}
@STRING{IEEE_J_ME         = "{IEEE} Trans. Med. Electron."}
@STRING{IEEE_J_MI         = "{IEEE} Trans. Med. Imag."}
@STRING{IEEE_J_MBSC       = "{IEEE} Trans. Mol. Biol. Multi-Scale Commun."}
@STRING{IEEE_J_NB         = "{IEEE} Trans. Nanobiosci."}
@STRING{IEEE_J_NSRE       = "{IEEE} Trans. Neural Syst. Rehabil. Eng."}
@STRING{IEEE_J_RE         = "{IEEE} Trans. Rehabil. Eng."}



optics, lightwave and photonics
@STRING{IEEE_J_JLT        = "J. Lightw. Technol."}
@STRING{IEEE_J_OCN        = "{IEEE} J. Opt. Commun. Netw."}
@STRING{IEEE_J_PJ         = "{IEEE} Photon. J."}
@STRING{IEEE_J_PTL        = "{IEEE} Photon. Technol. Lett."}



physics, electrons, nanotechnology, nuclear and quantum electronics
@STRING{IEEE_J_EDL        = "{IEEE} Electron Device Lett."}
@STRING{IEEE_J_EDS        = "{IEEE} J. Electron Devices Soc."}
@STRING{IEEE_J_JQE        = "{IEEE} J. Quantum Electron."}
@STRING{IEEE_J_JSTQE      = "{IEEE} J. Sel. Topics Quantum Electron."}
@STRING{IEEE_J_ENANO      = "{IEEE} Nanotechnol. Express"}
@STRING{IEEE_J_ED         = "{IEEE} Trans. Electron Devices"}
@STRING{IEEE_J_NANO       = "{IEEE} Trans. Nanotechnol."}
@STRING{IEEE_J_NS         = "{IEEE} Trans. Nucl. Sci."}
@STRING{IEEE_J_PS         = "{IEEE} Trans. Plasma Sci."}



reliability
@STRING{IEEE_J_DMR        = "{IEEE} Trans. Device Mater. Rel."}
@STRING{IEEE_J_R          = "{IEEE} Trans. Rel."}



semiconductors, superconductors, electrochemical and solid state
@STRING{IEEE_J_ESSL       = "{IEEE/ECS} Electrochem. Solid-State Lett."}
@STRING{IEEE_J_JSSC       = "{IEEE} J. Solid-State Circuits"}
@STRING{IEEE_J_ASC        = "{IEEE} Trans. Appl. Supercond."}
@STRING{IEEE_J_SM         = "{IEEE} Trans. Semicond. Manuf."}



sensors
@STRING{IEEE_J_SENSOR     = "{IEEE} Sensors J."}



VLSI
@STRING{IEEE_J_VLSI       = "{IEEE} Trans. {VLSI} Syst."}






IEEE Magazines and Online Publications


@STRING{IEEE_O_ACC        = "{IEEE} Access"}
@STRING{IEEE_M_AES        = "{IEEE} Aerosp. Electron. Syst. Mag."}
@STRING{IEEE_M_HIST       = "{IEEE} Ann. Hist. Comput."}
@STRING{IEEE_M_AP         = "{IEEE} Antennas Propag. Mag."}
@STRING{IEEE_M_ASSP       = "{IEEE} {ASSP} Mag."}
@STRING{IEEE_M_CHINAC     = "China Commun."}
@STRING{IEEE_M_CD         = "{IEEE} Circuits Devices Mag."}
@STRING{IEEE_M_CAS        = "{IEEE} Circuits Syst. Mag."}
@STRING{IEEE_M_COM        = "{IEEE} Commun. Mag."}
@STRING{IEEE_M_COMSOC     = "{IEEE} Commun. Soc. Mag."}
@STRING{IEEE_O_CSTO       = "{IEEE} Commun. Surveys Tuts."}
@STRING{IEEE_M_CIM        = "{IEEE} Comput. Intell. Mag."}
CSEM changed to CSE in 1999
@STRING{IEEE_M_CSE        = "{IEEE} Comput. Sci. Eng."}
@STRING{IEEE_M_CSEM       = "{IEEE} Comput. Sci. Eng. Mag."}
@STRING{IEEE_M_C          = "Computer"}
@STRING{IEEE_M_CAP        = "{IEEE} Comput. Appl. Power"}
@STRING{IEEE_M_CGA        = "{IEEE} Comput. Graph. Appl."}
@STRING{IEEE_M_CONC       = "{IEEE} Concurrency"}
@STRING{IEEE_M_CS         = "{IEEE} Control Syst. Mag."}
in 2012 DTC became DT
@STRING{IEEE_M_DT         = "{IEEE} Des. Test"}
@STRING{IEEE_M_DTC        = "{IEEE} Des. Test. Comput."}
@STRING{IEEE_O_DSO        = "{IEEE} Distrib. Syst. Online"}
@STRING{IEEE_M_EI         = "{IEEE} Electr. Insul. Mag."}
@STRING{IEEE_M_ETF        = "{IEEE} Electrific. Mag."}
@STRING{IEEE_M_EMC        = "{IEEE} Electromagn. Compat."}
@STRING{IEEE_M_ETR        = "{IEEE} ElectroTechnol. Rev."}
@STRING{IEEE_M_EMR        = "{IEEE} Eng. Manag. Rev."}
@STRING{IEEE_M_EMB        = "{IEEE} Eng. Med. Biol. Mag."}
@STRING{IEEE_M_EXP        = "{IEEE} Expert"}
@STRING{IEEE_M_GRS        = "{IEEE} Geosci. Remote Sens. Mag."}
@STRING{IEEE_M_IA         = "{IEEE} Ind. Appl. Mag."}
@STRING{IEEE_M_IE         = "{IEEE} Ind. Electron. Mag."}
@STRING{IEEE_M_IM         = "{IEEE} Instrum. Meas. Mag."}
@STRING{IEEE_M_IS         = "{IEEE} Intell. Syst."}
@STRING{IEEE_M_ITS        = "{IEEE} Intell. Transp. Syst. Mag."}
@STRING{IEEE_M_IC         = "{IEEE} Internet Comput."}
@STRING{IEEE_M_ITP        = "{IEEE} {IT} Prof."}
@STRING{IEEE_M_MICRO      = "{IEEE} Micro"}
@STRING{IEEE_M_MW         = "{IEEE} Microw. Mag."}
@STRING{IEEE_M_MM         = "{IEEE} Multimedia"}
@STRING{IEEE_M_NANO       = "{IEEE} Nanotechnol. Mag."}
@STRING{IEEE_M_NET        = "{IEEE} Netw."}
IEEE's editorial manual lists "Pers. Commun.", 
but "Personal Commun. Mag." seems to be what is used in the journals
@STRING{IEEE_M_PCOM       = "{IEEE} Personal Commun. Mag."}
@STRING{IEEE_M_PVC        = "{IEEE} Pervasive Comput."}
@STRING{IEEE_M_POT        = "{IEEE} Potentials"}
@STRING{IEEE_M_PEL        = "{IEEE} Power Electron. Mag."}
CAP and PER merged to form PE in 2003
@STRING{IEEE_M_PE         = "{IEEE} Power Energy Mag."}
@STRING{IEEE_M_PER        = "{IEEE} Power Eng. Rev."}
@STRING{IEEE_M_PULSE      = "{IEEE} Pulse"}
@STRING{IEEE_M_RA         = "{IEEE} Robot. Autom. Mag."}
@STRING{IEEE_M_SAP        = "{IEEE} Security Privacy"}
@STRING{IEEE_M_SP         = "{IEEE} Signal Process. Mag."}
@STRING{IEEE_M_S          = "{IEEE} Softw."}
@STRING{IEEE_M_SSC        = "{IEEE} Solid-State Circuits Mag."}
@STRING{IEEE_M_SPECT      = "{IEEE} Spectr."}
@STRING{IEEE_M_SMC        = "{IEEE} Syst., Man, Cybern. Mag."}
@STRING{IEEE_M_TS         = "{IEEE} Technol. Soc. Mag."}
@STRING{IEEE_M_VT         = "{IEEE} Veh. Technol. Mag."}
@STRING{IEEE_M_WC         = "{IEEE} Wireless Commun."}
@STRING{IEEE_M_TODAY      = "Today's Engineer"}



%what is an object

%--------------------introduction------------------------
@article{wigley2011coal,
  title={Coal to gas: the influence of methane leakage},
  author={Wigley, Tom ML},
  journal={Clim. Chang.},
  volume={108},
  pages={601--608},
  year={2011},
  publisher={Springer}
}

@article{gaalfalk2016making,
  title={Making methane visible},
  author={G{\aa}lfalk, Magnus and Olofsson, G{\"o}ran and Crill, Patrick and Bastviken, David},
  journal={Nat. Clim. Chang.},
  volume={6},
  number={4},
  pages={426--430},
  year={2016},
  publisher={Nature Publishing Group UK London}
}

@article{tratt2017mahi,
  title={MAHI: An airborne mid-infrared imaging spectrometer for industrial emissions monitoring},
  author={Tratt, David M and Young, Stephen J and Hackwell, John A and Rudy, Donald J and Warren, David W and Vore, Adam G and Johnson, Patrick D},
  journal={IEEE Trans. Geosci. Remote Sens.},
  volume={55},
  number={8},
  pages={4558--4566},
  year={2017},
  publisher={IEEE}
}


%what is an object
@inproceedings{alexe2010object,
	title={What is an object?},
	author={Alexe, Bogdan and Deselaers, Thomas and Ferrari, Vittorio},
	booktitle={Proc. IEEE/CVF Conf. Comput. Vis. Pattern Recognit.},
	pages={73--80},
	year={2010},
	organization={IEEE}
}

@article{canny1986computational,
  title={A computational approach to edge detection},
  author={Canny, John},
  journal={IEEE Transactions on pattern analysis and machine intelligence},
  number={6},
  pages={679--698},
  year={1986},
  publisher={Ieee}
}

@inproceedings{dalal2005histograms,
  title={Histograms of oriented gradients for human detection},
  author={Dalal, Navneet and Triggs, Bill},
  booktitle={Proc. IEEE/CVF Conf. Comput. Vis. Pattern Recognit.},
  volume={1},
  pages={886--893},
  year={2005},
  organization={Ieee}
}

@inproceedings{hou2007saliency,
	title={Saliency detection: A spectral residual approach},
	author={Hou, Xiaodi and Zhang, Liqing},
	booktitle={Proc. IEEE/CVF Conf. Comput. Vis. Pattern Recognit.},
	pages={1--8},
	year={2007},
	organization={Ieee}
}


% Faster r-cnn
@inproceedings{ren2015faster,
	title={Faster r-cnn: Towards real-time object detection with region proposal networks},
	author={Ren, Shaoqing and He, Kaiming and Girshick, Ross and Sun, Jian},
	booktitle={Proc. Adv. Neural Inf. Process. Syst.},
	pages={91--99},
	year={2015}
}

@inproceedings{law2018cornernet,
  title={Cornernet: Detecting objects as paired keypoints},
  author={Law, Hei and Deng, Jia},
  booktitle={Proc. Eur. Conf. Comput. Vis.},
  pages={734--750},
  year={2018}
}

@inproceedings{carion2020end,
  title={End-to-end object detection with transformers},
  author={Carion, Nicolas and Massa, Francisco and Synnaeve, Gabriel and Usunier, Nicolas and Kirillov, Alexander and Zagoruyko, Sergey},
  booktitle={Proc. Eur. Conf. Comput. Vis.},
  pages={213--229},
  year={2020},
  organization={Springer}
}
@article{zou2023object,
  title={Object detection in 20 years: A survey},
  author={Zou, Zhengxia and Chen, Keyan and Shi, Zhenwei and Guo, Yuhong and Ye, Jieping},
  journal={Proc. IEEE},
  year={2023},
  publisher={IEEE}
}

@inproceedings{lin2014microsoft,
  title={Microsoft coco: Common objects in context},
  author={Lin, Tsung-Yi and Maire, Michael and Belongie, Serge and Hays, James and Perona, Pietro and Ramanan, Deva and Doll{\'a}r, Piotr and Zitnick, C Lawrence},
  booktitle={Proc. Eur. Conf. Comput. Vis.},
  pages={740--755},
  year={2014},
  organization={Springer}
}

@article{bosanquet1936spread,
  title={The spread of smoke and gases from chimneys},
  author={Bosanquet, CH and Pearson, James L},
  journal={Trans. Faraday Soc.},
  volume={32},
  pages={1249--1263},
  year={1936},
  publisher={Royal Society of Chemistry}
}

@article{felzenszwalb2004efficient,
  title={Efficient graph-based image segmentation},
  author={Felzenszwalb, Pedro F and Huttenlocher, Daniel P},
  journal={Int. J. Comput. Vis.},
  volume={59},
  pages={167--181},
  year={2004},
  publisher={Springer}
}

%---------------------gas leak detection-------------



@Article{gong2020high,
AUTHOR = {Gong, Yu and Bu, Lingbing and Yang, Bin and Mustafa, Farhan},
TITLE = {High Repetition Rate Mid-Infrared Differential Absorption Lidar for Atmospheric Pollution Detection},
JOURNAL = {Sensors},
VOLUME = {20},
YEAR = {2020},
NUMBER = {8},
ARTICLE-NUMBER = {2211},
}



@article{murvay2012survey,
  title={A survey on gas leak detection and localization techniques},
  author={Murvay, Pal-Stefan and Silea, Ioan},
  journal={J. Loss Prev. Process. Ind.},
  volume={25},
  number={6},
  pages={966--973},
  year={2012},
  publisher={Elsevier}
}

@article{hagen2020survey,
  title={Survey of autonomous gas leak detection and quantification with snapshot infrared spectral imaging},
  author={Hagen, Nathan},
  journal={J. Opt.},
  volume={22},
  number={10},
  pages={103001},
  year={2020},
  publisher={IOP Publishing}
}



@inproceedings{zeng2018gas,
  title={Gas leak detection in infrared video with background modeling},
  author={Zeng, Xiaoxia and Huang, Likun},
  booktitle={MIPPR 2017: Remote Sensing Image Processing, Geographic Information Systems, and Other Applications},
  volume={10611},
  pages={261--268},
  year={2018},
  organization={SPIE}
}

@inproceedings{wang2018infrared,
  title={Infrared video based gas leak detection method using modified FAST features},
  author={Wang, Min and Hong, Hanyu and Huang, Likun},
  booktitle={MIPPR 2017: Remote Sensing Image Processing, Geographic Information Systems, and Other Applications},
  volume={10611},
  pages={255--260},
  year={2018},
  organization={SPIE}
}

@inproceedings{hong2019vocs,
  title={A VOCs gas detection algorithm based on infrared thermal imaging},
  author={Hong, Shao-Zhuang and Hu, Ying and Yu, Hong-Wei},
  booktitle={Chin. Control Decis. Conf.},
  pages={329--334},
  year={2019},
  organization={IEEE}
}



@incollection{fleet2006optical,
  title={Optical flow estimation},
  author={Fleet, David and Weiss, Yair},
  booktitle={Handbook of mathematical models in computer vision},
  pages={237--257},
  year={2006},
  publisher={Springer}
}


@article{wang2022videogasnet,
  title={VideoGasNet: Deep learning for natural gas methane leak classification using an infrared camera},
  author={Wang, Jingfan and Ji, Jingwei and Ravikumar, Arvind P and Savarese, Silvio and Brandt, Adam R},
  journal={Energy},
  volume={238},
  pages={121516},
  year={2022},
  publisher={Elsevier}
}

@article{bin2021tensor,
  title={Tensor-based approach for liquefied natural gas leakage detection from surveillance thermal cameras: A feasibility study in rural areas},
  author={Bin, Junchi and Rahman, Choudhury A and Rogers, Shane and Liu, Zheng},
  journal={IEEE Trans. Industr. Inform.},
  volume={17},
  number={12},
  pages={8122--8130},
  year={2021},
  publisher={IEEE}
}

@inproceedings{bin2022multimodal,
  title={A Multimodal Fusion-Based LNG Detection for Monitoring Energy Facilities (Student Abstract)},
  author={Bin, Junchi and Rahman, Choudhury A and Rogers, Shane and Du, Shan and Liu, Zheng},
  booktitle={Proc. AAAI Conf. Artif. Intell. },
  volume={36},
  number={11},
  pages={12917--12918},
  year={2022}
}

@article{bin2022foreground,
  title={Foreground Fusion-Based Liquefied Natural Gas Leak Detection Framework From Surveillance Thermal Imaging},
  author={Bin, Junchi and Bahrami, Zhila and Rahman, Choudhury A and Du, Shan and Rogers, Shane and Liu, Zheng},
  journal={IEEE Trans. Emerg. Topics in Comput. Intell.},
  year={2022},
  publisher={IEEE}
}

@article{shi2020real,
  title={Real-time leak detection using an infrared camera and Faster R-CNN technique},
  author={Shi, Jihao and Chang, Yuanjiang and Xu, Changhang and Khan, Faisal and Chen, Guoming and Li, Chuangkun},
  journal={Comput. Chem. Eng.},
  volume={135},
  pages={106780},
  year={2020},
  publisher={Elsevier}
}




%---------------\subsection{Generic Object Detection }---------------

@inproceedings{cai2018cascade,
  title={Cascade r-cnn: Delving into high quality object detection},
  author={Cai, Zhaowei and Vasconcelos, Nuno},
  booktitle={Proc. IEEE/CVF Conf. Comput. Vis. Pattern Recognit.},
  pages={6154--6162},
  year={2018}
}


@article{redmon2018yolov3,
  title={Yolov3: An incremental improvement},
  author={Redmon, Joseph and Farhadi, Ali},
  journal={arXiv preprint arXiv:1804.02767},
  year={2018}
}

@article{dai2016r,
  title={R-fcn: Object detection via region-based fully convolutional networks},
  author={Dai, Jifeng and Li, Yi and He, Kaiming and Sun, Jian},
  journal={Proc. Adv. Neural Inf. Process. Syst.},
  volume={29},
  year={2016}
}

@inproceedings{liu2016ssd,
  title={Ssd: Single shot multibox detector},
  author={Liu, Wei and Anguelov, Dragomir and Erhan, Dumitru and Szegedy, Christian and Reed, Scott and Fu, Cheng-Yang and Berg, Alexander C},
  booktitle={Proc. Eur. Conf. Comput. Vis.},
  pages={21--37},
  year={2016},
  organization={Springer}
}

@inproceedings{lin2017focal,
  title={Focal loss for dense object detection},
  author={Lin, Tsung-Yi and Goyal, Priya and Girshick, Ross and He, Kaiming and Doll{\'a}r, Piotr},
  booktitle={Proc. IEEE Int. Conf. Comput. Vis.},
  pages={2980--2988},
  year={2017}
}

@inproceedings{tian2019fcos,
  title={Fcos: Fully convolutional one-stage object detection},
  author={Tian, Zhi and Shen, Chunhua and Chen, Hao and He, Tong},
  booktitle={Proc. IEEE Int. Conf. Comput. Vis.},
  pages={9627--9636},
  year={2019}
}

@inproceedings{zhang2020bridging,
  title={Bridging the gap between anchor-based and anchor-free detection via adaptive training sample selection},
  author={Zhang, Shifeng and Chi, Cheng and Yao, Yongqiang and Lei, Zhen and Li, Stan Z},
  booktitle={Proc. IEEE/CVF Conf. Comput. Vis. Pattern Recognit.},
  pages={9759--9768},
  year={2020}
}

@article{zhou2019objects,
  title={Objects as points},
  author={Zhou, Xingyi and Wang, Dequan and Kr{\"a}henb{\"u}hl, Philipp},
  journal={arXiv preprint arXiv:1904.07850},
  year={2019}
}

@inproceedings{dong2020centripetalnet,
  title={Centripetalnet: Pursuing high-quality keypoint pairs for object detection},
  author={Dong, Zhiwei and Li, Guoxuan and Liao, Yue and Wang, Fei and Ren, Pengju and Qian, Chen},
  booktitle={Proc. IEEE/CVF Conf. Comput. Vis. Pattern Recognit.},
  pages={10519--10528},
  year={2020}
}

%------------------------------VODs------------------------
%VODs-------
@article{jiao2021new,
  title={New generation deep learning for video object detection: A survey},
  author={Jiao, Licheng and Zhang, Ruohan and Liu, Fang and Yang, Shuyuan and Hou, Biao and Li, Lingling and Tang, Xu},
  journal={IEEE Trans. Neural Netw. Learn. Syst.},
  volume={33},
  number={8},
  pages={3195--3215},
  year={2021},
  publisher={IEEE}
}

%T-CNN
@article{kang2017t,
	title={T-cnn: Tubelets with convolutional neural networks for object detection from videos},
	author={Kang, Kai and Li, Hongsheng and Yan, Junjie and Zeng, Xingyu and Yang, Bin and Xiao, Tong and Zhang, Cong and Wang, Zhe and Wang, Ruohui and Wang, Xiaogang and others},
	journal={IEEE Trans. Circuits Syst. Video Technol.},
	volume={28},
	number={10},
	pages={2896--2907},
	year={2017},
	publisher={IEEE}
}
%Seq-NMS
@article{han2016seq,
	title={Seq-nms for video object detection},
	author={Han, Wei and Khorrami, Pooya and Paine, Tom Le and Ramachandran, Prajit and Babaeizadeh, Mohammad and Shi, Honghui and Li, Jianan and Yan, Shuicheng and Huang, Thomas S},
	journal={arXiv preprint arXiv:1602.08465},
	year={2016}
}
%D&T
@inproceedings{feichtenhofer2017detect,
	title={Detect to track and track to detect},
	author={Feichtenhofer, Christoph and Pinz, Axel and Zisserman, Andrew},
	booktitle={Proc. IEEE Int. Conf. Comput. Vis.},
	pages={3038--3046},
	year={2017}
}
%ST-Lattice
@inproceedings{chen2018optimizing,
	title={Optimizing video object detection via a scale-time lattice},
	author={Chen, Kai and Wang, Jiaqi and Yang, Shuo and Zhang, Xingcheng and Xiong, Yuanjun and Loy, Chen Change and Lin, Dahua},
	booktitle={Proc. IEEE/CVF Conf. Comput. Vis. Pattern Recognit.},
	pages={7814--7823},
	year={2018}
}
%STSN
@inproceedings{bertasius2018object,
	title={Object detection in video with spatiotemporal sampling networks},
	author={Bertasius, Gedas and Torresani, Lorenzo and Shi, Jianbo},
	booktitle={Proc. Eur. Conf. Comput. Vis.},
	pages={331--346},
	year={2018}
}
%ConvGRU
@article{ballas2015delving,
	title={Delving deeper into convolutional networks for learning video representations},
	author={Ballas, Nicolas and Yao, Li and Pal, Chris and Courville, Aaron},
	journal={arXiv preprint arXiv:1511.06432},
	year={2015}
}
%STMN
@inproceedings{xiao2018video,
	title={Video object detection with an aligned spatial-temporal memory},
	author={Xiao, Fanyi and Lee, Yong Jae},
	booktitle={Proc. Eur. Conf. Comput. Vis.},
	pages={485--501},
	year={2018}
}
%PSLA
@inproceedings{guo2019progressive,
	title={Progressive sparse local attention for video object detection},
	author={Guo, Chaoxu and Fan, Bin and Gu, Jie and Zhang, Qian and Xiang, Shiming and Prinet, Veronique and Pan, Chunhong},
	booktitle={Proc. IEEE Int. Conf. Comput. Vis.},
	pages={3909--3918},
	year={2019}
}
%LSTS
@inproceedings{jiang2020learning,
	title={Learning where to focus for efficient video object detection},
	author={Jiang, Zhengkai and Liu, Yu and Yang, Ceyuan and Liu, Jihao and Gao, Peng and Zhang, Qian and Xiang, Shiming and Pan, Chunhong},
	booktitle={Proc. Eur. Conf. Comput. Vis.},
	pages={18--34},
	year={2020},
	organization={Springer}
}
%MEGA
@inproceedings{chen2020memory,
	title={Memory enhanced global-local aggregation for video object detection},
	author={Chen, Yihong and Cao, Yue and Hu, Han and Wang, Liwei},
	booktitle={Proc. IEEE/CVF Conf. Comput. Vis. Pattern Recognit.},
	pages={10337--10346},
	year={2020}
}
%LSFA
@article{wang2021real,
	title={Real-time and accurate object detection in compressed video by long short-term feature aggregation},
	author={Wang, Xinggang and Huang, Zhaojin and Liao, Bencheng and Huang, Lichao and Gong, Yongchao and Huang, Chang},
	journal={Comput. Vis. Image Underst.},
	volume={206},
	pages={103188},
	year={2021},
	publisher={Elsevier}
}
%TF-Blender
@inproceedings{cui2021tf,
	title={TF-Blender: Temporal Feature Blender for Video Object Detection},
	author={Cui, Yiming and Yan, Liqi and Cao, Zhiwen and Liu, Dongfang},
	booktitle={Proc. IEEE Int. Conf. Comput. Vis.},
	pages={8138--8147},
	year={2021}
}
%TransVOD
@article{he2021end,
	title={End-to-End Video Object Detection with Spatial-Temporal Transformers},
	author={He, Lu and Zhou, Qianyu and Li, Xiangtai and Niu, Li and Cheng, Guangliang and Li, Xiao and Liu, Wenxuan and Tong, Yunhai and Ma, Lizhuang and Zhang, Liqing},
	journal={arXiv preprint arXiv:2105.10920},
	year={2021}
}



%----------------- Optical-Flow -----------------
@inproceedings{zhu2017flow,
	title={Flow-guided feature aggregation for video object detection},
	author={Zhu, Xizhou and Wang, Yujie and Dai, Jifeng and Yuan, Lu and Wei, Yichen},
	booktitle={Proc. IEEE Int. Conf. Comput. Vis.},
	pages={408--417},
	year={2017}
}
@inproceedings{zhu2017deep,
	title={Deep feature flow for video recognition},
	author={Zhu, Xizhou and Xiong, Yuwen and Dai, Jifeng and Yuan, Lu and Wei, Yichen},
	booktitle={Proc. IEEE/CVF Conf. Comput. Vis. Pattern Recognit.},
	pages={2349--2358},
	year={2017}
}
@inproceedings{wang2018fully,
	title={Fully motion-aware network for video object detection},
	author={Wang, Shiyao and Zhou, Yucong and Yan, Junjie and Deng, Zhidong},
	booktitle={Proc. Eur. Conf. Comput. Vis.},
	pages={542--557},
	year={2018}
}
@inproceedings{zhu2018towards,
	title={Towards high performance video object detection},
	author={Zhu, Xizhou and Dai, Jifeng and Yuan, Lu and Wei, Yichen},
	booktitle={Proc. IEEE/CVF Conf. Comput. Vis. Pattern Recognit.},
	pages={7210--7218},
	year={2018}
}
@article{jin2022feature,
	title={Feature flow: In-network feature flow estimation for video object detection},
	author={Jin, Ruibing and Lin, Guosheng and Wen, Changyun and Wang, Jianliang and Liu, Fayao},
	journal={Pattern Recognit.},
	volume={122},
	pages={108323},
	year={2022},
	publisher={Elsevier}
}

%------- enhanced the object-level feature---------
@inproceedings{wu2019sequence,
	title={Sequence level semantics aggregation for video object detection},
	author={Wu, Haiping and Chen, Yuntao and Wang, Naiyan and Zhang, Zhaoxiang},
	booktitle={Proc. IEEE Int. Conf. Comput. Vis.},
	pages={9217--9225},
	year={2019}
}
@inproceedings{deng2019relation,
	title={Relation distillation networks for video object detection},
	author={Deng, Jiajun and Pan, Yingwei and Yao, Ting and Zhou, Wengang and Li, Houqiang and Mei, Tao},
	booktitle={Proc. IEEE Int. Conf. Comput. Vis.},
	pages={7023--7032},
	year={2019}
}
@article{luo2019object,
	title={Object detection in video with spatial-temporal context aggregation},
	author={Luo, Hao and Huang, Lichao and Shen, Han and Li, Yuan and Huang, Chang and Wang, Xinggang},
	journal={arXiv preprint arXiv:1907.04988},
	year={2019}
}
@inproceedings{shvets2019leveraging,
	title={Leveraging long-range temporal relationships between proposals for video object detection},
	author={Shvets, Mykhailo and Liu, Wei and Berg, Alexander C},
	booktitle={Proc. IEEE Int. Conf. Comput. Vis.},
	pages={9756--9764},
	year={2019}
}
@article{geng2020object,
	title={Object-aware Feature Aggregation for Video Object Detection},
	author={Geng, Qichuan and Zhang, Hong and Jiang, Na and Qi, Xiaojuan and Zhang, Liangjun and Zhou, Zhong},
	journal={arXiv preprint arXiv:2010.12573},
	year={2020}
}
@inproceedings{yao2020video,
	title={Video object detection via object-level temporal aggregation},
	author={Yao, Chun-Han and Fang, Chen and Shen, Xiaohui and Wan, Yangyue and Yang, Ming-Hsuan},
	booktitle={Proc. Eur. Conf. Comput. Vis.},
	pages={160--177},
	year={2020},
	organization={Springer}
}
@inproceedings{han2020mining,
	title={Mining inter-video proposal relations for video object detection},
	author={Han, Mingfei and Wang, Yali and Chang, Xiaojun and Qiao, Yu},
	booktitle={Proc. Eur. Conf. Comput. Vis.},
	pages={431--446},
	year={2020},
	organization={Springer}
}
\
@inproceedings{koh2021joint,
	title={Joint Representation of Temporal Image Sequences and Object Motion for Video Object Detection},
	author={Koh, Junho and Kim, Jaekyum and Shin, Younji and Lee, Byeongwon and Yang, Seungji and Choi, Jun Won},
	booktitle={IEEE Int. Conf. Robot.},
	pages={13370--13376},
	year={2021},
	organization={IEEE}
}
@inproceedings{deng2019object,
	title={Object guided external memory network for video object detection},
	author={Deng, Hanming and Hua, Yang and Song, Tao and Zhang, Zongpu and Xue, Zhengui and Ma, Ruhui and Robertson, Neil and Guan, Haibing},
	booktitle={Proc. IEEE Int. Conf. Comput. Vis.},
	pages={6678--6687},
	year={2019}
}

@inproceedings{gong2021temporal,
  title={Temporal ROI align for video object recognition},
  author={Gong, Tao and Chen, Kai and Wang, Xinjiang and Chu, Qi and Zhu, Feng and Lin, Dahua and Yu, Nenghai and Feng, Huamin},
  booktitle={Proc. AAAI Conf. Artif. Intell. },
  volume={35},
  number={2},
  pages={1442--1450},
  year={2021}
}

@article{zhou2022transvod,
  title={TransVOD: end-to-end video object detection with spatial-temporal transformers},
  author={Zhou, Qianyu and Li, Xiangtai and He, Lu and Yang, Yibo and Cheng, Guangliang and Tong, Yunhai and Ma, Lizhuang and Tao, Dacheng},
  journal={IEEE Trans. Pattern Anal. Mach. Intell.},
  year={2022},
  publisher={IEEE}
}


%------------------------Action detection--------------

%two-model

@inproceedings{tang2020asynchronous,
  title={Asynchronous interaction aggregation for action detection},
  author={Tang, Jiajun and Xia, Jin and Mu, Xinzhi and Pang, Bo and Lu, Cewu},
  booktitle={Proc. Eur. Conf. Comput. Vis.},
  pages={71--87},
  year={2020},
  organization={Springer}
}
@inproceedings{wu2020context,
  title={Context-aware rcnn: A baseline for action detection in videos},
  author={Wu, Jianchao and Kuang, Zhanghui and Wang, Limin and Zhang, Wayne and Wu, Gangshan},
  booktitle={Proc. Eur. Conf. Comput. Vis.},
  pages={440--456},
  year={2020},
  organization={Springer}
}

@inproceedings{pan2021actor,
  title={Actor-context-actor relation network for spatio-temporal action localization},
  author={Pan, Junting and Chen, Siyu and Shou, Mike Zheng and Liu, Yu and Shao, Jing and Li, Hongsheng},
  booktitle={Proc. IEEE/CVF Conf. Comput. Vis. Pattern Recognit.},
  pages={464--474},
  year={2021}
}

% end-to-end
@inproceedings{sun2018actor,
  title={Actor-centric relation network},
  author={Sun, Chen and Shrivastava, Abhinav and Vondrick, Carl and Murphy, Kevin and Sukthankar, Rahul and Schmid, Cordelia},
  booktitle={Proc. Eur. Conf. Comput. Vis.},
  pages={318--334},
  year={2018}
}

@inproceedings{girdhar2019video,
  title={Video action transformer network},
  author={Girdhar, Rohit and Carreira, Joao and Doersch, Carl and Zisserman, Andrew},
  booktitle={Proc. IEEE/CVF Conf. Comput. Vis. Pattern Recognit.},
  pages={244--253},
  year={2019}
}

@inproceedings{li2020actions,
  title={Actions as moving points},
  author={Li, Yixuan and Wang, Zixu and Wang, Limin and Wu, Gangshan},
  booktitle={Proc. Eur. Conf. Comput. Vis.},
  pages={68--84},
  year={2020},
  organization={Springer}
}

@inproceedings{zhao2022tuber,
  title={Tuber: Tubelet transformer for video action detection},
  author={Zhao, Jiaojiao and Zhang, Yanyi and Li, Xinyu and Chen, Hao and Shuai, Bing and Xu, Mingze and Liu, Chunhui and Kundu, Kaustav and Xiong, Yuanjun and Modolo, Davide and others},
  booktitle={Proc. IEEE/CVF Conf. Comput. Vis. Pattern Recognit.},
  pages={13598--13607},
  year={2022}
}

@inproceedings{chen2021watch,
  title={Watch only once: An end-to-end video action detection framework},
  author={Chen, Shoufa and Sun, Peize and Xie, Enze and Ge, Chongjian and Wu, Jiannan and Ma, Lan and Shen, Jiajun and Luo, Ping},
  booktitle={Proc. IEEE Int. Conf. Comput. Vis.},
  pages={8178--8187},
  year={2021}
}



%-----------------action recognition‚Äî‚Äî‚Äî‚Äî‚Äî‚Äî‚Äî‚Äî‚Äî‚Äî‚Äî‚Äî‚Äî‚Äî‚Äî‚Äî‚Äî‚Äî‚Äî‚Äî‚Äî‚Äî‚Äî‚Äî

@inproceedings{chen2021deep,
	title={Deep analysis of cnn-based spatio-temporal representations for action recognition},
	author={Chen, Chun-Fu Richard and Panda, Rameswar and Ramakrishnan, Kandan and Feris, Rogerio and Cohn, John and Oliva, Aude and Fan, Quanfu},
	booktitle={Proc. IEEE/CVF Conf. Comput. Vis. Pattern Recognit.},
	pages={6165--6175},
	year={2021}
}
@inproceedings{wang2016temporal,
	title={Temporal segment networks: Towards good practices for deep action recognition},
	author={Wang, Limin and Xiong, Yuanjun and Wang, Zhe and Qiao, Yu and Lin, Dahua and Tang, Xiaoou and Van Gool, Luc},
	booktitle={Proc. Eur. Conf. Comput. Vis.},
	pages={20--36},
	year={2016},
	organization={Springer}
}

@inproceedings{cheron2015p,
	title={P-CNN: Pose-based CNN Features for Action Recognition},
	author={Ch{\'e}ron, Guilhem and Laptev, Ivan and Schmid, Cordelia},
	booktitle={Proc. IEEE Int. Conf. Comput. Vis.},
	pages={3218--3226},
	year={2015},
	organization={IEEE}
}


%--------3D------
@inproceedings{tran2015learning,
	title={Learning spatiotemporal features with 3d convolutional networks},
	author={Tran, Du and Bourdev, Lubomir and Fergus, Rob and Torresani, Lorenzo and Paluri, Manohar},
	booktitle={Proc. IEEE Int. Conf. Comput. Vis.},
	pages={4489--4497},
	year={2015}
}

@inproceedings{carreira2017quo,
	title={Quo vadis, action recognition? a new model and the kinetics dataset},
	author={Carreira, Joao and Zisserman, Andrew},
	booktitle={Proc. IEEE/CVF Conf. Comput. Vis. Pattern Recognit.},
	pages={6299--6308},
	year={2017}
}

@inproceedings{hara2018can,
	title={Can spatiotemporal 3d cnns retrace the history of 2d cnns and imagenet?},
	author={Hara, Kensho and Kataoka, Hirokatsu and Satoh, Yutaka},
	booktitle={Proc. IEEE/CVF Conf. Comput. Vis. Pattern Recognit.},
	pages={6546--6555},
	year={2018}
}

@inproceedings{qiu2017learning,
	title={Learning spatio-temporal representation with pseudo-3d residual networks},
	author={Qiu, Zhaofan and Yao, Ting and Mei, Tao},
	booktitle={Proc. IEEE Int. Conf. Comput. Vis.},
	pages={5533--5541},
	year={2017}
}

@inproceedings{tran2018closer,
	title={A closer look at spatiotemporal convolutions for action recognition},
	author={Tran, Du and Wang, Heng and Torresani, Lorenzo and Ray, Jamie and LeCun, Yann and Paluri, Manohar},
	booktitle={Proc. IEEE/CVF Conf. Comput. Vis. Pattern Recognit.},
	pages={6450--6459},
	year={2018}
}




@inproceedings{xie2018rethinking,
	title={Rethinking spatiotemporal feature learning: Speed-accuracy trade-offs in video classification},
	author={Xie, Saining and Sun, Chen and Huang, Jonathan and Tu, Zhuowen and Murphy, Kevin},
	booktitle={Proc. Eur. Conf. Comput. Vis.},
	pages={305--321},
	year={2018}
}



%--------2D------
@inproceedings{lin2019tsm,
	title={Tsm: Temporal shift module for efficient video understanding},
	author={Lin, Ji and Gan, Chuang and Han, Song},
	booktitle={Proc. IEEE Int. Conf. Comput. Vis.},
	pages={7083--7093},
	year={2019}
}

@article{fan2019more,
	title={More is less: Learning efficient video representations by big-little network and depthwise temporal aggregation},
	author={Fan, Quanfu and Chen, Chun-Fu and Kuehne, Hilde and Pistoia, Marco and Cox, David},
	journal={arXiv preprint arXiv:1912.00869},
	year={2019}
}



@inproceedings{wang2021tdn,
	title={TDN: Temporal difference networks for efficient action recognition},
	author={Wang, Limin and Tong, Zhan and Ji, Bin and Wu, Gangshan},
	booktitle={Proc. IEEE/CVF Conf. Comput. Vis. Pattern Recognit.},
	pages={1895--1904},
	year={2021}
}


@inproceedings{kwon2020motionsqueeze,
	title={Motionsqueeze: Neural motion feature learning for video understanding},
	author={Kwon, Heeseung and Kim, Manjin and Kwak, Suha and Cho, Minsu},
	booktitle={Proc. Eur. Conf. Comput. Vis.},
	pages={345--362},
	year={2020},
	organization={Springer}
}
@inproceedings{shao2020temporal,
	title={Temporal interlacing network},
	author={Shao, Hao and Qian, Shengju and Liu, Yu},
	booktitle={Proc. AAAI Conf. Artif. Intell. },
	volume={34},
	number={07},
	pages={11966--11973},
	year={2020}
}

@inproceedings{feichtenhofer2019slowfast,
  title={Slowfast networks for video recognition},
  author={Feichtenhofer, Christoph and Fan, Haoqi and Malik, Jitendra and He, Kaiming},
  booktitle={Proc. IEEE Int. Conf. Comput. Vis.},
  pages={6202--6211},
  year={2019}
}

%---------------------dataset--------------------------
@inproceedings{stauffer1999adaptive,
  title={Adaptive background mixture models for real-time tracking},
  author={Stauffer, Chris and Grimson, W Eric L},
  booktitle={Proc. IEEE/CVF Conf. Comput. Vis. Pattern Recognit.},
  volume={2},
  pages={246--252},
  year={1999},
  organization={IEEE}
}


--------------------methods----------------------------
@article{holmes2006review,
  title={A review of dispersion modelling and its application to the dispersion of particles: An overview of different dispersion models available},
  author={Holmes, Nicholas S and Morawska, Lidia},
  journal={Atmospheric Environ.},
  volume={40},
  number={30},
  pages={5902--5928},
  year={2006},
  publisher={Elsevier}
}
@article{stockie2011mathematics,
  title={The mathematics of atmospheric dispersion modeling},
  author={Stockie, John M},
  journal={SIAM Rev.},
  volume={53},
  number={2},
  pages={349--372},
  year={2011},
  publisher={SIAM}
}

@article{pasquill1961estimation,
  title={The estimation of the dispersion of windborne material},
  author={Pasquill, Frank},
  journal={Meteoro. Mag.},
  volume={90},
  pages={20--49},
  year={1961}
}

@techreport{slade1968meteorology,
  title={METEOROLOGY AND ATOMIC ENERGY, 1968.},
  author={Slade, David H},
  year={1968},
  institution={Environmental Science Services Administration, Silver Spring, Md. Air Resources Labs}
}




@inproceedings{he2016deep,
  title={Deep residual learning for image recognition},
  author={He, Kaiming and Zhang, Xiangyu and Ren, Shaoqing and Sun, Jian},
  booktitle={Proc. IEEE/CVF Conf. Comput. Vis. Pattern Recognit.},
  pages={770--778},
  year={2016}
}
--------------------experiment----------------------------

@article{chen2019mmdetection,
  title={MMDetection: Open mmlab detection toolbox and benchmark},
  author={Chen, Kai and Wang, Jiaqi and Pang, Jiangmiao and Cao, Yuhang and Xiong, Yu and Li, Xiaoxiao and Sun, Shuyang and Feng, Wansen and Liu, Ziwei and Xu, Jiarui and others},
  journal={arXiv preprint arXiv:1906.07155},
  year={2019}
}

@inproceedings{zhou2022explore,
  title={Explore spatio-temporal aggregation for insubstantial object detection: benchmark dataset and baseline},
  author={Zhou, Kailai and Wang, Yibo and Lv, Tao and Li, Yunqian and Chen, Linsen and Shen, Qiu and Cao, Xun},
  booktitle={Proc. IEEE/CVF Conf. Comput. Vis. Pattern Recognit.},
  pages={3104--3115},
  year={2022}
}

@article{gao2019res2net,
  title={Res2net: A new multi-scale backbone architecture},
  author={Gao, Shang-Hua and Cheng, Ming-Ming and Zhao, Kai and Zhang, Xin-Yu and Yang, Ming-Hsuan and Torr, Philip},
  journal={IEEE Trans. Pattern Anal. Mach. Intell.},
  volume={43},
  number={2},
  pages={652--662},
  year={2019},
  publisher={IEEE}
}
@inproceedings{newell2016stacked,
  title={Stacked hourglass networks for human pose estimation},
  author={Newell, Alejandro and Yang, Kaiyu and Deng, Jia},
  booktitle={Proc. Eur. Conf. Comput. Vis.},
  pages={483--499},
  year={2016},
  organization={Springer}
}

@inproceedings{yu2018deep,
	title={Deep layer aggregation},
	author={Yu, Fisher and Wang, Dequan and Shelhamer, Evan and Darrell, Trevor},
	booktitle={Proc. IEEE/CVF Conf. Comput. Vis. Pattern Recognit.},
	pages={2403--2412},
	year={2018}
}

@article{simonyan2014very,
  title={Very deep convolutional networks for large-scale image recognition},
  author={Simonyan, Karen and Zisserman, Andrew},
  journal={arXiv preprint arXiv:1409.1556},
  year={2014}
}


@inproceedings{he2017mask,
  title={Mask r-cnn},
  author={He, Kaiming and Gkioxari, Georgia and Doll{\'a}r, Piotr and Girshick, Ross},
  booktitle={Proc. IEEE Int. Conf. Comput. Vis.},
  pages={2961--2969},
  year={2017}
}

@inproceedings{kalogeiton2017action,
  title={Action tubelet detector for spatio-temporal action localization},
  author={Kalogeiton, Vicky and Weinzaepfel, Philippe and Ferrari, Vittorio and Schmid, Cordelia},
  booktitle={Proc. IEEE Int. Conf. Comput. Vis.},
  pages={4405--4413},
  year={2017}
}

@inproceedings{jhuang2013towards,
  title={Towards understanding action recognition},
  author={Jhuang, Hueihan and Gall, Juergen and Zuffi, Silvia and Schmid, Cordelia and Black, Michael J},
  booktitle={Proc. IEEE Int. Conf. Comput. Vis.},
  pages={3192--3199},
  year={2013}
}


@inproceedings{duan2020corner,
  title={Corner proposal network for anchor-free, two-stage object detection},
  author={Duan, Kaiwen and Xie, Lingxi and Qi, Honggang and Bai, Song and Huang, Qingming and Tian, Qi},
  booktitle={Proc. Eur. Conf. Comput. Vis.},
  pages={399--416},
  year={2020},
  organization={Springer}
}

@inproceedings{brox2004high,
  title={High accuracy optical flow estimation based on a theory for warping},
  author={Brox, Thomas and Bruhn, Andr{\'e}s and Papenberg, Nils and Weickert, Joachim},
  booktitle={Proc. Eur. Conf. Comput. Vis.},
  pages={25--36},
  year={2004},
  organization={Springer}
}

@inproceedings{goyal2017something,
  title={The" something something" video database for learning and evaluating visual common sense},
  author={Goyal, Raghav and Ebrahimi Kahou, Samira and Michalski, Vincent and Materzynska, Joanna and Westphal, Susanne and Kim, Heuna and Haenel, Valentin and Fruend, Ingo and Yianilos, Peter and Mueller-Freitag, Moritz and others},
  booktitle={Proc. IEEE Int. Conf. Comput. Vis.},
  pages={5842--5850},
  year={2017}
}


%------------application



@article{ko2011modeling,
  title={Modeling and formalization of fuzzy finite automata for detection of irregular fire flames},
  author={Ko, Byoung Chul and Ham, Sun Jae and Nam, Jae Yeal},
  journal={IEEE Trans. Circuits Syst. Video Technol.},
  volume={21},
  number={12},
  pages={1903--1912},
  year={2011},
  publisher={IEEE}
}

@inproceedings{lu2022video,
  title={Video shadow detection via spatio-temporal interpolation consistency training},
  author={Lu, Xiao and Cao, Yihong and Liu, Sheng and Long, Chengjiang and Chen, Zipei and Zhou, Xuanyu and Yang, Yimin and Xiao, Chunxia},
  booktitle={Proc. IEEE/CVF Conf. Comput. Vis. Pattern Recognit.},
  pages={3116--3125},
  year={2022}
}

@inproceedings{lamdouar2020betrayed,
  title={Betrayed by motion: Camouflaged object discovery via motion segmentation},
  author={Lamdouar, Hala and Yang, Charig and Xie, Weidi and Zisserman, Andrew},
  booktitle={Proc. Asian Conf. Comput. Vis.},
  year={2020}
}

@article{mei2021sanet,
  title={SANet: A slice-aware network for pulmonary nodule detection},
  author={Mei, Jie and Cheng, Ming-Ming and Xu, Gang and Wan, Lan-Ruo and Zhang, Huan},
  journal={IEEE Trans. Pattern Anal. Mach. Intell.},
  volume={44},
  number={8},
  pages={4374--4387},
  year={2021},
  publisher={IEEE}
}

@inproceedings{deng2021voxel,
  title={Voxel r-cnn: Towards high performance voxel-based 3d object detection},
  author={Deng, Jiajun and Shi, Shaoshuai and Li, Peiwei and Zhou, Wengang and Zhang, Yanyong and Li, Houqiang},
  booktitle={Proc. AAAI Conf. Artif. Intell. },
  volume={35},
  number={2},
  pages={1201--1209},
  year={2021}
}

@inproceedings{li2023simple,
  title={A Simple Baseline for Video Restoration With Grouped Spatial-Temporal Shift},
  author={Li, Dasong and Shi, Xiaoyu and Zhang, Yi and Cheung, Ka Chun and See, Simon and Wang, Xiaogang and Qin, Hongwei and Li, Hongsheng},
  booktitle={Proc. IEEE/CVF Conf. Comput. Vis. Pattern Recognit.},
  pages={9822--9832},
  year={2023}
}

@inproceedings{yue2022real,
  title={Real-RawVSR: Real-World Raw Video Super-Resolution with a Benchmark Dataset},
  author={Yue, Huanjing and Zhang, Zhiming and Yang, Jingyu},
  booktitle={Proc. Eur. Conf. Comput. Vis.},
  pages={608--624},
  year={2022},
  organization={Springer}
}

@inproceedings{tassano2020fastdvdnet,
  title={Fastdvdnet: Towards real-time deep video denoising without flow estimation},
  author={Tassano, Matias and Delon, Julie and Veit, Thomas},
  booktitle={Proc. IEEE/CVF Conf. Comput. Vis. Pattern Recognit.},
  pages={1354--1363},
  year={2020}
}

@article{khan2018modern,
  title={Modern trends in hyperspectral image analysis: A review},
  author={Khan, Muhammad Jaleed and Khan, Hamid Saeed and Yousaf, Adeel and Khurshid, Khurram and Abbas, Asad},
  journal={IEEE Access},
  volume={6},
  pages={14118--14129},
  year={2018},
  publisher={IEEE}
}


@article{ulhaq2022vision,
  title={Vision transformers for action recognition: A survey},
  author={Ulhaq, Anwaar and Akhtar, Naveed and Pogrebna, Ganna and Mian, Ajmal},
  journal={arXiv preprint arXiv:2209.05700},
  year={2022}
}

@article{titchener2022single,
  title={Single photon Lidar gas imagers for practical and widespread continuous methane monitoring},
  author={Titchener, James and Millington-Smith, Doug and Goldsack, Chris and Harrison, George and Dunning, Alexander and Ai, Xiao and Reed, Murray},
  journal={Appl. Energy},
  volume={306},
  pages={118086},
  year={2022},
  publisher={Elsevier}
}

@inproceedings{hagen2013video,
  title={Video-rate spectral imaging of gas leaks in the longwave infrared},
  author={Hagen, Nathan and Kester, Robert T and Morlier, Christopher G and Panek, Jeffrey A and Drayton, Paul and Fashimpaur, Dave and Stone, Paul and Adams, Elizabeth},
  booktitle={Proc. of SPIE CBRNE Sens. XIV},
  volume={8710},
  pages={36--42},
  year={2013},
  organization={SPIE}
}

@article{bi2023accurate,
  title={Accurate medium-range global weather forecasting with 3D neural networks},
  author={Bi, Kaifeng and Xie, Lingxi and Zhang, Hengheng and Chen, Xin and Gu, Xiaotao and Tian, Qi},
  journal={Nature},
  pages={1--6},
  year={2023},
  publisher={Nature Publishing Group UK London}
}


%--------------2024.5-detector-------------------
@inproceedings{wang2023yolov7,
  title={YOLOv7: Trainable bag-of-freebies sets new state-of-the-art for real-time object detectors},
  author={Wang, Chien-Yao and Bochkovskiy, Alexey and Liao, Hong-Yuan Mark},
  booktitle={Proceedings of the IEEE/CVF conference on computer vision and pattern recognition},
  pages={7464--7475},
  year={2023}
}

@article{sun2023sparse,
  title={Sparse R-CNN: An end-to-end framework for object detection},
  author={Sun, Peize and Zhang, Rufeng and Jiang, Yi and Kong, Tao and Xu, Chenfeng and Zhan, Wei and Tomizuka, Masayoshi and Yuan, Zehuan and Luo, Ping},
  journal={IEEE transactions on pattern analysis and machine intelligence},
  year={2023},
  publisher={IEEE}
}


@article{zhu2020deformable,
  title={Deformable detr: Deformable transformers for end-to-end object detection},
  author={Zhu, Xizhou and Su, Weijie and Lu, Lewei and Li, Bin and Wang, Xiaogang and Dai, Jifeng},
  journal={International Conference on Learning Representations},
  year={2021}
}

@article{zhang2022dino,
  title={Dino: Detr with improved denoising anchor boxes for end-to-end object detection},
  author={Zhang, Hao and Li, Feng and Liu, Shilong and Zhang, Lei and Su, Hang and Zhu, Jun and Ni, Lionel M and Shum, Heung-Yeung},
  journal={International Conference on Learning Representations},
  year={2023}
}

@inproceedings{wu2023stmixer,
  title={Stmixer: A one-stage sparse action detector},
  author={Wu, Tao and Cao, Mengqi and Gao, Ziteng and Wu, Gangshan and Wang, Limin},
  booktitle={Proceedings of the IEEE/CVF Conference on Computer Vision and Pattern Recognition},
  pages={14720--14729},
  year={2023}
}








%--------------2024.5-methods-------------------
@article{soomro2012ucf101,
  title={UCF101: A dataset of 101 human actions classes from videos in the wild},
  author={Soomro, Khurram and Zamir, Amir Roshan and Shah, Mubarak},
  journal={arXiv preprint arXiv:1212.0402},
  year={2012}
}

@inproceedings{bolya2020tide,
  title={Tide: A general toolbox for identifying object detection errors},
  author={Bolya, Daniel and Foley, Sean and Hays, James and Hoffman, Judy},
  booktitle={Computer Vision--ECCV 2020: 16th European Conference, Glasgow, UK, August 23--28, 2020, Proceedings, Part III 16},
  pages={558--573},
  year={2020},
  organization={Springer}
}

@inproceedings{meng2021conditional,
  title={Conditional detr for fast training convergence},
  author={Meng, Depu and Chen, Xiaokang and Fan, Zejia and Zeng, Gang and Li, Houqiang and Yuan, Yuhui and Sun, Lei and Wang, Jingdong},
  booktitle={Proceedings of the IEEE/CVF international conference on computer vision},
  pages={3651--3660},
  year={2021}
}



--
EOF
