@inproceedings{NODES2018,
    author = {Chen, Ricky T. Q. and Rubanova, Yulia and Bettencourt, Jesse and Duvenaud, David K},
    booktitle = {Advances in Neural Information Processing Systems},
    title = {Neural Ordinary Differential Equations},
    volume = {31},
    year = {2018}
}

@article{Weinan2017APO,
    author = {E, Weinan},
    title = {A proposal on machine learning via dynamical systems},
    journal = {Communications in Mathematics and Statistics},
    volume = {5},
    year = {2017},
    number = {1},
    pages = {1--11}
}

@misc{alcalde2024clustering,
    title={Clustering in pure-attention hardmax transformers and its role in sentiment analysis}, 
    author={Albert Alcalde and Giovanni Fantuzzi and Enrique Zuazua},
    year={2024},
    howpublished = {\href{https://arxiv.org/abs/2407.01602}{arXiv:2407.01602 [cs.CL]}}
}

@misc{geshkovski2023emergence,
    title={The emergence of clusters in self-attention dynamics}, 
    author = {Geshkovski, B. and Letrouit, C. and Polyanskiy, Y. and Rigollet, P.},
    year={2023},
    howpublished = {\href{https://arxiv.org/abs/2305.05465}{arXiv:2305.05465 [cs.LG]}}
}

@misc{geshkovski2024measure,
    title={Measure-to-measure interpolation using Transformers}, 
    author={Borjan Geshkovski and Philippe Rigollet and Dom√®nec Ruiz-Balet},
    year={2024},
    howpublished = {\href{https://arxiv.org/abs/2411.04551}{arXiv:2411.04551 [math.OC]}}
}

@misc{geshkovski_mathematical_2023,
    title = {A mathematical perspective on {Transformers}},
    author = {Geshkovski, B. and Letrouit, C. and Polyanskiy, Y. and Rigollet, P.},
    year = {2023},
    howpublished = {\href{https://arxiv.org/abs/2312.10794}{arXiv:2312.10794 [cs.LG]}}
}

@inproceedings{lu2019understanding,
    title={Understanding and Improving Transformer From a Multi-Particle Dynamic System Point of View},
    author={Yiping Lu and others},
    booktitle={ICLR 2020 Workshop on Integration of Deep Neural Models and Differential Equations},
    year={2019}
}

@inproceedings{sanderSinkformers2022,
    title = {Sinkformers: {{Transformers}} with {{Doubly Stochastic Attention}}},
    booktitle = {Proceedings of {{The}} 25th {{International Conference}} on {{Artificial Intelligence}} and {{Statistics}}},
    author = {Sander, M. E. and Ablin, P. and Blondel, M. and Peyr{\'e}, G.},
    year = {2022},
    pages = {3515--3530}
}

