@inproceedings{DBLP:conf/ijcai/HalpernM85,
  author       = {Joseph Y. Halpern and
                  Yoram Moses},
  editor       = {Aravind K. Joshi},
  title        = {A Guide to the Modal Logics of Knowledge and Belief: Preliminary Draft},
  booktitle    = {Proceedings of the 9th International Joint Conference on Artificial
                  Intelligence. Los Angeles, CA, USA, August 1985},
  pages        = {480--490},
  publisher    = {Morgan Kaufmann},
  year         = {1985},
  url          = {http://ijcai.org/Proceedings/85-1/Papers/094.pdf},
  timestamp    = {Tue, 20 Aug 2019 16:19:04 +0200},
  biburl       = {https://dblp.org/rec/conf/ijcai/HalpernM85.bib},
  bibsource    = {dblp computer science bibliography, https://dblp.org}
}

@phdthesis{DBLP:phd/ethos/Jones81,
  author       = {Cliff B. Jones},
  title        = {Developing methods for computer programs including a notion of interference},
  school       = {University of Oxford, {UK}},
  year         = {1981},
  url          = {https://ethos.bl.uk/OrderDetails.do?uin=uk.bl.ethos.259064},
  timestamp    = {Tue, 05 Apr 2022 10:59:07 +0200},
  biburl       = {https://dblp.org/rec/phd/ethos/Jones81.bib},
  bibsource    = {dblp computer science bibliography, https://dblp.org}
}

@article{DBLP:journals/cacm/Hoare69,
  author       = {C. A. R. Hoare},
  title        = {An Axiomatic Basis for Computer Programming},
  journal      = {Commun. {ACM}},
  volume       = {12},
  number       = {10},
  pages        = {576--580},
  year         = {1969},
  url          = {https://doi.org/10.1145/363235.363259},
  doi          = {10.1145/363235.363259},
  timestamp    = {Wed, 14 Nov 2018 10:22:34 +0100},
  biburl       = {https://dblp.org/rec/journals/cacm/Hoare69.bib},
  bibsource    = {dblp computer science bibliography, https://dblp.org}
}

@inproceedings{DBLP:conf/podc/HalpernM84,
  author       = {Joseph Y. Halpern and
                  Yoram Moses},
  editor       = {Tiko Kameda and
                  Jayadev Misra and
                  Joseph G. Peters and
                  Nicola Santoro},
  title        = {Knowledge and Common Knowledge in a Distributed Environment},
  booktitle    = {Proceedings of the Third Annual {ACM} Symposium on Principles of Distributed
                  Computing, Vancouver, B. C., Canada, August 27-29, 1984},
  pages        = {50--61},
  publisher    = {{ACM}},
  year         = {1984},
  url          = {https://doi.org/10.1145/800222.806735},
  doi          = {10.1145/800222.806735},
  timestamp    = {Tue, 06 Nov 2018 11:07:18 +0100},
  biburl       = {https://dblp.org/rec/conf/podc/HalpernM84.bib},
  bibsource    = {dblp computer science bibliography, https://dblp.org}
}

@article{DBLP:journals/jacm/HalpernM90,
  author       = {Joseph Y. Halpern and
                  Yoram Moses},
  title        = {Knowledge and Common Knowledge in a Distributed Environment},
  journal      = {J. {ACM}},
  volume       = {37},
  number       = {3},
  pages        = {549--587},
  year         = {1990},
  url          = {https://doi.org/10.1145/79147.79161},
  doi          = {10.1145/79147.79161},
  timestamp    = {Wed, 14 Nov 2018 10:35:25 +0100},
  biburl       = {https://dblp.org/rec/journals/jacm/HalpernM90.bib},
  bibsource    = {dblp computer science bibliography, https://dblp.org}
}

@inproceedings{DBLP:conf/podc/NeigerT87,
  author       = {Gil Neiger and
                  Sam Toueg},
  editor       = {Fred B. Schneider},
  title        = {Substituting for Real Time and Common Knowledge in Asynchronous Distributed
                  Systems},
  booktitle    = {Proceedings of the Sixth Annual {ACM} Symposium on Principles of Distributed
                  Computing, Vancouver, British Columbia, Canada, August 10-12, 1987},
  pages        = {281--293},
  publisher    = {{ACM}},
  year         = {1987},
  url          = {https://doi.org/10.1145/41840.41864},
  doi          = {10.1145/41840.41864},
  timestamp    = {Tue, 06 Nov 2018 11:07:18 +0100},
  biburl       = {https://dblp.org/rec/conf/podc/NeigerT87.bib},
  bibsource    = {dblp computer science bibliography, https://dblp.org}
}

@inproceedings{DBLP:conf/wdag/NeigerT90,
  author       = {Gil Neiger and
                  Mark R. Tuttle},
  editor       = {Jan van Leeuwen and
                  Nicola Santoro},
  title        = {Common Knowledge and Consistent Simultaneous Coordination},
  booktitle    = {Distributed Algorithms, 4th International Workshop, {WDAG} '90, Bari,
                  Italy, September 24-26, 1990, Proceedings},
  series       = {Lecture Notes in Computer Science},
  volume       = {486},
  pages        = {334--352},
  publisher    = {Springer},
  year         = {1990},
  url          = {https://doi.org/10.1007/3-540-54099-7\_23},
  doi          = {10.1007/3-540-54099-7\_23},
  timestamp    = {Tue, 14 May 2019 10:00:54 +0200},
  biburl       = {https://dblp.org/rec/conf/wdag/NeigerT90.bib},
  bibsource    = {dblp computer science bibliography, https://dblp.org}
}

@inproceedings{DBLP:conf/podc/PanangadenT88,
  author       = {Prakash Panangaden and
                  Kim Taylor},
  editor       = {Danny Dolev},
  title        = {Concurrent Common Knowledge: {A} New Definition of Agreement for Asynchronous
                  Systems},
  booktitle    = {Proceedings of the Seventh Annual {ACM} Symposium on Principles of
                  Distributed Computing, Toronto, Ontario, Canada, August 15-17, 1988},
  pages        = {197--209},
  publisher    = {{ACM}},
  year         = {1988},
  url          = {https://doi.org/10.1145/62546.62579},
  doi          = {10.1145/62546.62579},
  timestamp    = {Tue, 06 Nov 2018 11:07:18 +0100},
  biburl       = {https://dblp.org/rec/conf/podc/PanangadenT88.bib},
  bibsource    = {dblp computer science bibliography, https://dblp.org}
}

@inproceedings{DBLP:conf/podc/HalpernT89,
  author       = {Joseph Y. Halpern and
                  Mark R. Tuttle},
  editor       = {Piotr Rudnicki},
  title        = {Knowledge, Probability, and Adversaries},
  booktitle    = {Proceedings of the Eighth Annual {ACM} Symposium on Principles of
                  Distributed Computing, Edmonton, Alberta, Canada, August 14-16, 1989},
  pages        = {103--118},
  publisher    = {{ACM}},
  year         = {1989},
  url          = {https://doi.org/10.1145/72981.72988},
  doi          = {10.1145/72981.72988},
  timestamp    = {Tue, 06 Nov 2018 11:07:18 +0100},
  biburl       = {https://dblp.org/rec/conf/podc/HalpernT89.bib},
  bibsource    = {dblp computer science bibliography, https://dblp.org}
}

@inproceedings{DBLP:conf/stoc/HalpernMT88,
  author       = {Joseph Y. Halpern and
                  Yoram Moses and
                  Mark R. Tuttle},
  editor       = {Janos Simon},
  title        = {A Knowledge-Based Analysis of Zero Knowledge (Preliminary Report)},
  booktitle    = {Proceedings of the 20th Annual {ACM} Symposium on Theory of Computing,
                  May 2-4, 1988, Chicago, Illinois, {USA}},
  pages        = {132--147},
  publisher    = {{ACM}},
  year         = {1988},
  url          = {https://doi.org/10.1145/62212.62224},
  doi          = {10.1145/62212.62224},
  timestamp    = {Tue, 06 Nov 2018 11:07:04 +0100},
  biburl       = {https://dblp.org/rec/conf/stoc/HalpernMT88.bib},
  bibsource    = {dblp computer science bibliography, https://dblp.org}
}

@book{DBLP:books/mit/FHMV1995,
  author       = {Ronald Fagin and
                  Joseph Y. Halpern and
                  Yoram Moses and
                  Moshe Y. Vardi},
  title        = {Reasoning About Knowledge},
  publisher    = {{MIT} Press},
  year         = {1995},
  url          = {https://doi.org/10.7551/mitpress/5803.001.0001},
  doi          = {10.7551/MITPRESS/5803.001.0001},
  isbn         = {9780262562003},
  timestamp    = {Tue, 18 Aug 2020 16:05:04 +0200},
  biburl       = {https://dblp.org/rec/books/mit/FHMV1995.bib},
  bibsource    = {dblp computer science bibliography, https://dblp.org}
}

@inproceedings{DBLP:conf/forte/ChadhaDK09,
  author       = {Rohit Chadha and
                  St{\'{e}}phanie Delaune and
                  Steve Kremer},
  editor       = {David Lee and
                  Ant{\'{o}}nia Lopes and
                  Arnd Poetzsch{-}Heffter},
  title        = {Epistemic Logic for the Applied Pi Calculus},
  booktitle    = {Formal Techniques for Distributed Systems, Joint 11th {IFIP} {WG}
                  6.1 International Conference {FMOODS} 2009 and 29th {IFIP} {WG} 6.1
                  International Conference {FORTE} 2009, Lisboa, Portugal, June 9-12,
                  2009. Proceedings},
  series       = {Lecture Notes in Computer Science},
  volume       = {5522},
  pages        = {182--197},
  publisher    = {Springer},
  year         = {2009},
  url          = {https://doi.org/10.1007/978-3-642-02138-1\_12},
  doi          = {10.1007/978-3-642-02138-1\_12},
  timestamp    = {Mon, 15 Jul 2019 16:26:46 +0200},
  biburl       = {https://dblp.org/rec/conf/forte/ChadhaDK09.bib},
  bibsource    = {dblp computer science bibliography, https://dblp.org}
}

@inproceedings{DBLP:conf/lpar/DechesneMO07,
  author       = {Francien Dechesne and
                  Mohammad Reza Mousavi and
                  Simona Orzan},
  editor       = {Nachum Dershowitz and
                  Andrei Voronkov},
  title        = {Operational and Epistemic Approaches to Protocol Analysis: Bridging
                  the Gap},
  booktitle    = {Logic for Programming, Artificial Intelligence, and Reasoning, 14th
                  International Conference, {LPAR} 2007, Yerevan, Armenia, October 15-19,
                  2007, Proceedings},
  series       = {Lecture Notes in Computer Science},
  volume       = {4790},
  pages        = {226--241},
  publisher    = {Springer},
  year         = {2007},
  url          = {https://doi.org/10.1007/978-3-540-75560-9\_18},
  doi          = {10.1007/978-3-540-75560-9\_18},
  timestamp    = {Sat, 05 Sep 2020 18:03:53 +0200},
  biburl       = {https://dblp.org/rec/conf/lpar/DechesneMO07.bib},
  bibsource    = {dblp computer science bibliography, https://dblp.org}
}

@inproceedings{DBLP:conf/rex/HoekHM92,
  author       = {Wiebe van der Hoek and
                  M. van Hulst and
                  John{-}Jules Ch. Meyer},
  editor       = {J. W. de Bakker and
                  Willem P. de Roever and
                  Grzegorz Rozenberg},
  title        = {Towards an Epistemic Approach to Reasoning about Concurrent Programs},
  booktitle    = {Sematics: Foundations and Applications, {REX} Workshop, Beekbergen,
                  The Netherlands, June 1-4, 1992, Proceedings},
  series       = {Lecture Notes in Computer Science},
  volume       = {666},
  pages        = {261--287},
  publisher    = {Springer},
  year         = {1992},
  url          = {https://doi.org/10.1007/3-540-56596-5\_37},
  doi          = {10.1007/3-540-56596-5\_37},
  timestamp    = {Tue, 14 May 2019 10:00:52 +0200},
  biburl       = {https://dblp.org/rec/conf/rex/HoekHM92.bib},
  bibsource    = {dblp computer science bibliography, https://dblp.org}
}

@phdthesis{DBLP:phd/hal/Knight13,
  author       = {Sophia Knight},
  title        = {The Epistemic View of Concurrency Theory.},
  school       = {{\'{E}}cole Polytechnique, Palaiseau, France},
  year         = {2013},
  url          = {https://tel.archives-ouvertes.fr/tel-00940413},
  timestamp    = {Tue, 21 Jul 2020 00:40:34 +0200},
  biburl       = {https://dblp.org/rec/phd/hal/Knight13.bib},
  bibsource    = {dblp computer science bibliography, https://dblp.org}
}

@article{hintikka1962knowledge,
  title={Knowledge and belief: An introduction to the logic of the two notions},
  author={Hintikka, Kaarlo Jaakko Juhani},
  year={1962}
}

@article{DBLP:journals/jacm/AlurHK02,
  author       = {Rajeev Alur and
                  Thomas A. Henzinger and
                  Orna Kupferman},
  title        = {Alternating-time temporal logic},
  journal      = {J. {ACM}},
  volume       = {49},
  number       = {5},
  pages        = {672--713},
  year         = {2002},
  url          = {https://doi.org/10.1145/585265.585270},
  doi          = {10.1145/585265.585270},
  timestamp    = {Sun, 02 Jun 2019 20:59:12 +0200},
  biburl       = {https://dblp.org/rec/journals/jacm/AlurHK02.bib},
  bibsource    = {dblp computer science bibliography, https://dblp.org}
}

@inproceedings{DBLP:conf/focs/Pnueli77,
  author       = {Amir Pnueli},
  title        = {The Temporal Logic of Programs},
  booktitle    = {18th Annual Symposium on Foundations of Computer Science, Providence,
                  Rhode Island, USA, 31 October - 1 November 1977},
  pages        = {46--57},
  publisher    = {{IEEE} Computer Society},
  year         = {1977},
  url          = {https://doi.org/10.1109/SFCS.1977.32},
  timestamp    = {Thu, 23 Mar 2023 23:57:54 +0100},
  biburl       = {https://dblp.org/rec/conf/focs/Pnueli77.bib},
  bibsource    = {dblp computer science bibliography, https://dblp.org}
}

@book{DBLP:books/daglib/0080029,
  author       = {Zohar Manna and
                  Amir Pnueli},
  title        = {Temporal verification of reactive systems - safety},
  publisher    = {Springer},
  year         = {1995},
  isbn         = {978-0-387-94459-3},
  timestamp    = {Wed, 27 Apr 2011 17:30:30 +0200},
  biburl       = {https://dblp.org/rec/books/daglib/0080029.bib},
  bibsource    = {dblp computer science bibliography, https://dblp.org}
}

@inproceedings{DBLP:conf/amast/Dingel98,
  author       = {J{\"{u}}rgen Dingel},
  editor       = {Armando Martin Haeberer},
  title        = {A Trace-Based Refinement Calculus for Shared-Variable Parallel Programs},
  booktitle    = {Algebraic Methodology and Software Technology, 7th International Conference,
                  {AMAST} '98, Amazonia, Brasil, January 4-8, 1999, Proceedings},
  series       = {Lecture Notes in Computer Science},
  volume       = {1548},
  pages        = {231--247},
  publisher    = {Springer},
  year         = {1998},
  url          = {https://doi.org/10.1007/3-540-49253-4\_18},
  doi          = {10.1007/3-540-49253-4\_18},
  timestamp    = {Tue, 14 May 2019 10:00:38 +0200},
  biburl       = {https://dblp.org/rec/conf/amast/Dingel98.bib},
  bibsource    = {dblp computer science bibliography, https://dblp.org}
}

@article{DBLP:journals/fac/Dingel02,
  author       = {J{\"{u}}rgen Dingel},
  title        = {A Refinement Calculus for Shared-Variable Parallel and Distributed
                  Programming},
  journal      = {Formal Aspects Comput.},
  volume       = {14},
  number       = {2},
  pages        = {123--197},
  year         = {2002},
  url          = {https://doi.org/10.1007/s001650200032},
  doi          = {10.1007/S001650200032},
  timestamp    = {Mon, 09 May 2022 16:20:12 +0200},
  biburl       = {https://dblp.org/rec/journals/fac/Dingel02.bib},
  bibsource    = {dblp computer science bibliography, https://dblp.org}
}

@article{DBLP:journals/iandc/Brookes96,
  author       = {Stephen D. Brookes},
  title        = {Full Abstraction for a Shared-Variable Parallel Language},
  journal      = {Inf. Comput.},
  volume       = {127},
  number       = {2},
  pages        = {145--163},
  year         = {1996},
  url          = {https://doi.org/10.1006/inco.1996.0056},
  doi          = {10.1006/INCO.1996.0056},
  timestamp    = {Fri, 12 Feb 2021 22:16:48 +0100},
  biburl       = {https://dblp.org/rec/journals/iandc/Brookes96.bib},
  bibsource    = {dblp computer science bibliography, https://dblp.org}
}

@inproceedings{DBLP:conf/ppdp/Benton0N16,
  author       = {Nick Benton and
                  Martin Hofmann and
                  Vivek Nigam},
  editor       = {James Cheney and
                  Germ{\'{a}}n Vidal},
  title        = {Effect-dependent transformations for concurrent programs},
  booktitle    = {Proceedings of the 18th International Symposium on Principles and
                  Practice of Declarative Programming, Edinburgh, United Kingdom, September
                  5-7, 2016},
  pages        = {188--201},
  publisher    = {{ACM}},
  year         = {2016},
  url          = {https://doi.org/10.1145/2967973.2968602},
  doi          = {10.1145/2967973.2968602},
  timestamp    = {Tue, 06 Nov 2018 16:57:25 +0100},
  biburl       = {https://dblp.org/rec/conf/ppdp/Benton0N16.bib},
  bibsource    = {dblp computer science bibliography, https://dblp.org}
}

@article{DBLP:journals/corr/abs-1009-2405,
  author       = {Mart{\'{\i}}n Abadi and
                  Gordon D. Plotkin},
  title        = {A Model of Cooperative Threads},
  journal      = {Log. Methods Comput. Sci.},
  volume       = {6},
  number       = {4},
  year         = {2010},
  url          = {https://doi.org/10.2168/LMCS-6(4:2)2010},
  doi          = {10.2168/LMCS-6(4:2)2010},
  timestamp    = {Thu, 25 Jun 2020 21:29:11 +0200},
  biburl       = {https://dblp.org/rec/journals/corr/abs-1009-2405.bib},
  bibsource    = {dblp computer science bibliography, https://dblp.org}
}

@inproceedings{DBLP:conf/aplas/DvirKL22,
  author       = {Yotam Dvir and
                  Ohad Kammar and
                  Ori Lahav},
  editor       = {Ilya Sergey},
  title        = {An Algebraic Theory for Shared-State Concurrency},
  booktitle    = {Programming Languages and Systems - 20th Asian Symposium, {APLAS}
                  2022, Auckland, New Zealand, December 5, 2022, Proceedings},
  series       = {Lecture Notes in Computer Science},
  volume       = {13658},
  pages        = {3--24},
  publisher    = {Springer},
  year         = {2022},
  url          = {https://doi.org/10.1007/978-3-031-21037-2\_1},
  doi          = {10.1007/978-3-031-21037-2\_1},
  timestamp    = {Fri, 22 Sep 2023 15:13:40 +0200},
  biburl       = {https://dblp.org/rec/conf/aplas/DvirKL22.bib},
  bibsource    = {dblp computer science bibliography, https://dblp.org}
}

@inproceedings{DBLP:conf/pldi/BalliuDG11,
  author       = {Musard Balliu and
                  Mads Dam and
                  Gurvan Le Guernic},
  editor       = {Aslan Askarov and
                  Joshua D. Guttman},
  title        = {Epistemic temporal logic for information flow security},
  booktitle    = {Proceedings of the 2011 Workshop on Programming Languages and Analysis
                  for Security, {PLAS} 2011, San Jose, CA, USA, 5 June, 2011},
  pages        = {6},
  publisher    = {{ACM}},
  year         = {2011},
  url          = {https://doi.org/10.1145/2166956.2166962},
  doi          = {10.1145/2166956.2166962},
  timestamp    = {Tue, 06 Nov 2018 16:59:30 +0100},
  biburl       = {https://dblp.org/rec/conf/pldi/BalliuDG11.bib},
  bibsource    = {dblp computer science bibliography, https://dblp.org}
}

@phdthesis{kragl2020verifying,
  title={Verifying concurrent programs: Refinement, synchronization, sequentialization},
  author={Kragl, Bernhard},
  year={2020}
}

@article{baumann2014ownership,
  title={Ownership-based order reduction and simulation in shared-memory concurrent computer systems},
  author={Baumann, Christoph},
  year={2014}
}

@article{DBLP:journals/cacm/Hoare78,
  author       = {C. A. R. Hoare},
  title        = {Communicating Sequential Processes},
  journal      = {Commun. {ACM}},
  volume       = {21},
  number       = {8},
  pages        = {666--677},
  year         = {1978},
  url          = {https://doi.org/10.1145/359576.359585},
  doi          = {10.1145/359576.359585},
  timestamp    = {Wed, 14 Nov 2018 10:22:33 +0100},
  biburl       = {https://dblp.org/rec/journals/cacm/Hoare78.bib},
  bibsource    = {dblp computer science bibliography, https://dblp.org}
}

@phdthesis{knight2013epistemic,
  title={The epistemic view of concurrency theory},
  author={Knight, Sophia},
  year={2013},
  school={Ecole Polytechnique X}
}

@inproceedings{DBLP:conf/concur/OHearn04,
  author       = {Peter W. O'Hearn},
  editor       = {Philippa Gardner and
                  Nobuko Yoshida},
  title        = {Resources, Concurrency and Local Reasoning},
  booktitle    = {{CONCUR} 2004 - Concurrency Theory, 15th International Conference,
                  London, UK, August 31 - September 3, 2004, Proceedings},
  series       = {Lecture Notes in Computer Science},
  volume       = {3170},
  pages        = {49--67},
  publisher    = {Springer},
  year         = {2004},
  url          = {https://doi.org/10.1007/978-3-540-28644-8\_4},
  doi          = {10.1007/978-3-540-28644-8\_4},
  timestamp    = {Fri, 27 Mar 2020 08:51:56 +0100},
  biburl       = {https://dblp.org/rec/conf/concur/OHearn04.bib},
  bibsource    = {dblp computer science bibliography, https://dblp.org}
}

@inproceedings{DBLP:conf/lop/ClarkeE81,
  author       = {Edmund M. Clarke and
                  E. Allen Emerson},
  editor       = {Dexter Kozen},
  title        = {Design and Synthesis of Synchronization Skeletons Using Branching-Time
                  Temporal Logic},
  booktitle    = {Logics of Programs, Workshop, Yorktown Heights, New York, USA, May
                  1981},
  series       = {Lecture Notes in Computer Science},
  volume       = {131},
  pages        = {52--71},
  publisher    = {Springer},
  year         = {1981},
  url          = {https://doi.org/10.1007/BFb0025774},
  doi          = {10.1007/BFB0025774},
  timestamp    = {Tue, 14 May 2019 10:00:52 +0200},
  biburl       = {https://dblp.org/rec/conf/lop/ClarkeE81.bib},
  bibsource    = {dblp computer science bibliography, https://dblp.org}
}