@article{balle2016end,
  title={End-to-end optimized image compression},
  author={Ball{\'e}, Johannes and Laparra, Valero and Simoncelli, Eero P},
  journal={arXiv preprint arXiv:1611.01704},
  year={2016}
}

@article{balle2018variational,
  title={Variational image compression with a scale hyperprior},
  author={Ball{\'e}, Johannes and Minnen, David and Singh, Saurabh and Hwang, Sung Jin and Johnston, Nick},
  journal={arXiv preprint arXiv:1802.01436},
  year={2018}
}

@article{begaint2020compressai,
  title={CompressAI: a PyTorch library and evaluation platform for end-to-end compression research},
  author={B{\'e}gaint, Jean and Racap{\'e}, Fabien and Feltman, Simon and Pushparaja, Akshay},
  journal={arXiv e-prints},
  pages={arXiv--2011},
  year={2020}
}

@inproceedings{chen2022simple,
  title={Simple baselines for image restoration},
  author={Chen, Liangyu and Chu, Xiaojie and Zhang, Xiangyu and Sun, Jian},
  booktitle={European conference on computer vision},
  pages={17--33},
  year={2022},
  organization={Springer}
}

@inproceedings{chen2022two,
  title={Two-stage octave residual network for end-to-end image compression},
  author={Chen, Fangdong and Xu, Yumeng and Wang, Li},
  booktitle={Proceedings of the AAAI Conference on Artificial Intelligence},
  volume={36},
  number={4},
  pages={3922--3929},
  year={2022}
}

@inproceedings{cheng2020learned,
  title={Learned image compression with discretized gaussian mixture likelihoods and attention modules},
  author={Cheng, Zhengxue and Sun, Heming and Takeuchi, Masaru and Katto, Jiro},
  booktitle={Proceedings of the IEEE/CVF conference on computer vision and pattern recognition},
  pages={7939--7948},
  year={2020}
}

@inproceedings{dong2022cswin,
  title={Cswin transformer: A general vision transformer backbone with cross-shaped windows},
  author={Dong, Xiaoyi and Bao, Jianmin and Chen, Dongdong and Zhang, Weiming and Yu, Nenghai and Yuan, Lu and Chen, Dong and Guo, Baining},
  booktitle={Proceedings of the IEEE/CVF conference on computer vision and pattern recognition},
  pages={12124--12134},
  year={2022}
}

@article{dosovitskiy2020image,
  title={An image is worth 16x16 words: Transformers for image recognition at scale},
  author={Dosovitskiy, Alexey},
  journal={arXiv preprint arXiv:2010.11929},
  year={2020}
}

@article{fu2023asymmetric,
  title={Asymmetric learned image compression with multi-scale residual block, importance scaling, and post-quantization filtering},
  author={Fu, Haisheng and Liang, Feng and Liang, Jie and Li, Binglin and Zhang, Guohe and Han, Jingning},
  journal={IEEE Transactions on Circuits and Systems for Video Technology},
  volume={33},
  number={8},
  pages={4309--4321},
  year={2023},
  publisher={IEEE}
}

@inproceedings{gao2021neural,
  title={Neural image compression via attentional multi-scale back projection and frequency decomposition},
  author={Gao, Ge and You, Pei and Pan, Rong and Han, Shunyuan and Zhang, Yuanyuan and Dai, Yuchao and Lee, Hojae},
  booktitle={Proceedings of the IEEE/CVF International Conference on Computer Vision},
  pages={14677--14686},
  year={2021}
}

@inproceedings{he2021checkerboard,
  title={Checkerboard context model for efficient learned image compression},
  author={He, Dailan and Zheng, Yaoyan and Sun, Baocheng and Wang, Yan and Qin, Hongwei},
  booktitle={Proceedings of the IEEE/CVF Conference on Computer Vision and Pattern Recognition},
  pages={14771--14780},
  year={2021}
}

@inproceedings{he2022elic,
  title={Elic: Efficient learned image compression with unevenly grouped space-channel contextual adaptive coding},
  author={He, Dailan and Yang, Ziming and Peng, Weikun and Ma, Rui and Qin, Hongwei and Wang, Yan},
  booktitle={Proceedings of the IEEE/CVF Conference on Computer Vision and Pattern Recognition},
  pages={5718--5727},
  year={2022}
}

@inproceedings{jiang2023mlic,
  title={Mlic: Multi-reference entropy model for learned image compression},
  author={Jiang, Wei and Yang, Jiayu and Zhai, Yongqi and Ning, Peirong and Gao, Feng and Wang, Ronggang},
  booktitle={Proceedings of the 31st ACM International Conference on Multimedia},
  pages={7618--7627},
  year={2023}
}

@article{lee2021fnet,
  title={Fnet: Mixing tokens with fourier transforms},
  author={Lee-Thorp, James and Ainslie, Joshua and Eckstein, Ilya and Ontanon, Santiago},
  journal={arXiv preprint arXiv:2105.03824},
  year={2021}
}

@inproceedings{li2022hybrid,
  title={Hybrid spatial-temporal entropy modelling for neural video compression},
  author={Li, Jiahao and Li, Bin and Lu, Yan},
  booktitle={Proceedings of the 30th ACM International Conference on Multimedia},
  pages={1503--1511},
  year={2022}
}

@article{li2023frequency,
  title={Frequency-Aware Transformer for Learned Image Compression},
  author={Li, Han and Li, Shaohui and Dai, Wenrui and Li, Chenglin and Zou, Junni and Xiong, Hongkai},
  journal={arXiv preprint arXiv:2310.16387},
  year={2023}
}

@inproceedings{li2023neural,
  title={Neural video compression with diverse contexts},
  author={Li, Jiahao and Li, Bin and Lu, Yan},
  booktitle={Proceedings of the IEEE/CVF Conference on Computer Vision and Pattern Recognition},
  pages={22616--22626},
  year={2023}
}

@inproceedings{liang2021swinir,
  title={Swinir: Image restoration using swin transformer},
  author={Liang, Jingyun and Cao, Jiezhang and Sun, Guolei and Zhang, Kai and Van Gool, Luc and Timofte, Radu},
  booktitle={Proceedings of the IEEE/CVF international conference on computer vision},
  pages={1833--1844},
  year={2021}
}

@article{liu2020unified,
  title={A unified end-to-end framework for efficient deep image compression},
  author={Liu, Jiaheng and Lu, Guo and Hu, Zhihao and Xu, Dong},
  journal={arXiv preprint arXiv:2002.03370},
  year={2020}
}

@inproceedings{liu2021swin,
  title={Swin transformer: Hierarchical vision transformer using shifted windows},
  author={Liu, Ze and Lin, Yutong and Cao, Yue and Hu, Han and Wei, Yixuan and Zhang, Zheng and Lin, Stephen and Guo, Baining},
  booktitle={Proceedings of the IEEE/CVF international conference on computer vision},
  pages={10012--10022},
  year={2021}
}

@inproceedings{liu2022swin,
  title={Swin transformer v2: Scaling up capacity and resolution},
  author={Liu, Ze and Hu, Han and Lin, Yutong and Yao, Zhuliang and Xie, Zhenda and Wei, Yixuan and Ning, Jia and Cao, Yue and Zhang, Zheng and Dong, Li and others},
  booktitle={Proceedings of the IEEE/CVF conference on computer vision and pattern recognition},
  pages={12009--12019},
  year={2022}
}

@inproceedings{liu2023learned,
  title={Learned image compression with mixed transformer-cnn architectures},
  author={Liu, Jinming and Sun, Heming and Katto, Jiro},
  booktitle={Proceedings of the IEEE/CVF conference on computer vision and pattern recognition},
  pages={14388--14397},
  year={2023}
}

@inproceedings{lu2022transformer,
  title={Transformer-based Image Compression},
  author={Lu, Ming and Guo, Peiyao and Shi, Huiqing and Cao, Chuntong and Ma, Zhan},
  booktitle={2022 Data Compression Conference (DCC)},
  pages={469--469},
  year={2022},
  organization={IEEE}
}

@article{ma2019iwave,
  title={iWave: CNN-based wavelet-like transform for image compression},
  author={Ma, Haichuan and Liu, Dong and Xiong, Ruiqin and Wu, Feng},
  journal={IEEE Transactions on Multimedia},
  volume={22},
  number={7},
  pages={1667--1679},
  year={2019},
  publisher={IEEE}
}

@article{mentzer2022vct,
  title={Vct: A video compression transformer},
  author={Mentzer, Fabian and Toderici, George and Minnen, David and Hwang, Sung-Jin and Caelles, Sergi and Lucic, Mario and Agustsson, Eirikur},
  journal={arXiv preprint arXiv:2206.07307},
  year={2022}
}

@article{minnen2018joint,
  title={Joint autoregressive and hierarchical priors for learned image compression},
  author={Minnen, David and Ball{\'e}, Johannes and Toderici, George D},
  journal={Advances in neural information processing systems},
  volume={31},
  year={2018}
}

@inproceedings{minnen2020channel,
  title={Channel-wise autoregressive entropy models for learned image compression},
  author={Minnen, David and Singh, Saurabh},
  booktitle={2020 IEEE International Conference on Image Processing (ICIP)},
  pages={3339--3343},
  year={2020},
  organization={IEEE}
}

@article{qian2022entroformer,
  title={Entroformer: A transformer-based entropy model for learned image compression},
  author={Qian, Yichen and Lin, Ming and Sun, Xiuyu and Tan, Zhiyu and Jin, Rong},
  journal={arXiv preprint arXiv:2202.05492},
  year={2022}
}

@inproceedings{touvron2021training,
  title={Training data-efficient image transformers \& distillation through attention},
  author={Touvron, Hugo and Cord, Matthieu and Douze, Matthijs and Massa, Francisco and Sablayrolles, Alexandre and J{\'e}gou, Herv{\'e}},
  booktitle={International conference on machine learning},
  pages={10347--10357},
  year={2021},
  organization={PMLR}
}

@article{vaswani2017attention,
  title={Attention is all you need},
  author={Vaswani, A},
  journal={Advances in Neural Information Processing Systems},
  year={2017}
}

@inproceedings{xia2022vision,
  title={Vision transformer with deformable attention},
  author={Xia, Zhuofan and Pan, Xuran and Song, Shiji and Li, Li Erran and Huang, Gao},
  booktitle={Proceedings of the IEEE/CVF conference on computer vision and pattern recognition},
  pages={4794--4803},
  year={2022}
}

@inproceedings{xie2021enhanced,
  title={Enhanced invertible encoding for learned image compression},
  author={Xie, Yueqi and Cheng, Ka Leong and Chen, Qifeng},
  booktitle={Proceedings of the 29th ACM international conference on multimedia},
  pages={162--170},
  year={2021}
}

@inproceedings{yu2022metaformer,
  title={Metaformer is actually what you need for vision},
  author={Yu, Weihao and Luo, Mi and Zhou, Pan and Si, Chenyang and Zhou, Yichen and Wang, Xinchao and Feng, Jiashi and Yan, Shuicheng},
  booktitle={Proceedings of the IEEE/CVF conference on computer vision and pattern recognition},
  pages={10819--10829},
  year={2022}
}

@article{yu2023metaformer,
  title={Metaformer baselines for vision},
  author={Yu, Weihao and Si, Chenyang and Zhou, Pan and Luo, Mi and Zhou, Yichen and Feng, Jiashi and Yan, Shuicheng and Wang, Xinchao},
  journal={IEEE Transactions on Pattern Analysis and Machine Intelligence},
  year={2023},
  publisher={IEEE}
}

@inproceedings{zafari2023frequency,
  title={Frequency disentangled features in neural image compression},
  author={Zafari, Ali and Khoshkhahtinat, Atefeh and Mehta, Piyush and Saadabadi, Mohammad Saeed Ebrahimi and Akyash, Mohammad and Nasrabadi, Nasser M},
  booktitle={2023 IEEE International Conference on Image Processing (ICIP)},
  pages={2815--2819},
  year={2023},
  organization={IEEE}
}

@inproceedings{zamir2022restormer,
  title={Restormer: Efficient transformer for high-resolution image restoration},
  author={Zamir, Syed Waqas and Arora, Aditya and Khan, Salman and Hayat, Munawar and Khan, Fahad Shahbaz and Yang, Ming-Hsuan},
  booktitle={Proceedings of the IEEE/CVF conference on computer vision and pattern recognition},
  pages={5728--5739},
  year={2022}
}

@article{zhang2022practical,
  title={Practical blind denoising via swin-conv-unet and data synthesis},
  author={Zhang, Kai and Li, Yawei and Liang, Jingyun and Cao, Jiezhang and Zhang, Yulun and Tang, Hao and Timofte, Radu and Van Gool, Luc},
  journal={arXiv e-prints},
  pages={arXiv--2203},
  year={2022}
}

@inproceedings{zhu2022transformer,
  title={Transformer-based transform coding},
  author={Zhu, Yinhao and Yang, Yang and Cohen, Taco},
  booktitle={International Conference on Learning Representations},
  year={2022}
}

@inproceedings{zou2022devil,
  title={The devil is in the details: Window-based attention for image compression},
  author={Zou, Renjie and Song, Chunfeng and Zhang, Zhaoxiang},
  booktitle={Proceedings of the IEEE/CVF conference on computer vision and pattern recognition},
  pages={17492--17501},
  year={2022}
}

