@String(PAMI = {IEEE Trans. Pattern Anal. Mach. Intell.})
@String(IJCV = {Int. J. Comput. Vis.})
@String(CVPR= {IEEE Conf. Comput. Vis. Pattern Recog.})
@String(ICCV= {Int. Conf. Comput. Vis.})
@String(ECCV= {Eur. Conf. Comput. Vis.})
@String(NIPS= {Adv. Neural Inform. Process. Syst.})
@String(ICPR = {Int. Conf. Pattern Recog.})
@String(BMVC= {Brit. Mach. Vis. Conf.})
@String(TOG= {ACM Trans. Graph.})
@String(TIP  = {IEEE Trans. Image Process.})
@String(TVCG  = {IEEE Trans. Vis. Comput. Graph.})
@String(TMM  = {IEEE Trans. Multimedia})
@String(ACMMM= {ACM Int. Conf. Multimedia})
@String(ICME = {Int. Conf. Multimedia and Expo})
@String(ICASSP=	{ICASSP})
@String(ICIP = {IEEE Int. Conf. Image Process.})
@String(ACCV  = {ACCV})
@String(ICLR = {Int. Conf. Learn. Represent.})
@String(IJCAI = {IJCAI})
@String(PR   = {Pattern Recognition})
@String(AAAI = {AAAI})
@String(CVPRW= {IEEE Conf. Comput. Vis. Pattern Recog. Worksh.})
@String(CSVT = {IEEE Trans. Circuit Syst. Video Technol.})

@String(SPL	= {IEEE Sign. Process. Letters})
@String(VR   = {Vis. Res.})
@String(JOV	 = {J. Vis.})
@String(TVC  = {The Vis. Comput.})
@String(JCST  = {J. Comput. Sci. Tech.})
@String(CGF  = {Comput. Graph. Forum})
@String(CVM = {Computational Visual Media})


@String(PAMI  = {IEEE TPAMI})
@String(IJCV  = {IJCV})
@String(CVPR  = {CVPR})
@String(ICCV  = {ICCV})
@String(ECCV  = {ECCV})
@String(NIPS  = {NeurIPS})
@String(ICPR  = {ICPR})
@String(BMVC  =	{BMVC})
@String(TOG   = {ACM TOG})
@String(TIP   = {IEEE TIP})
@String(TVCG  = {IEEE TVCG})
@String(TCSVT = {IEEE TCSVT})
@String(TMM   =	{IEEE TMM})
@String(ACMMM = {ACM MM})
@String(ICME  =	{ICME})
@String(ICASSP=	{ICASSP})
@String(ICIP  = {ICIP})
@String(ACCV  = {ACCV})
@String(ICLR  = {ICLR})
@String(IJCAI = {IJCAI})
@String(PR = {PR})
@String(AAAI = {AAAI})
@String(CVPRW= {CVPRW})
@String(CSVT = {IEEE TCSVT})



@misc{Authors14,
 author = {FirstName LastName},
 title = {The frobnicatable foo filter},
 note = {Face and Gesture submission ID 324. Supplied as supplemental material {\tt fg324.pdf}},
 year = 2014
}

@misc{Authors14b,
 author = {FirstName LastName},
 title = {Frobnication tutorial},
 note = {Supplied as supplemental material {\tt tr.pdf}},
 year = 2014
}

@article{Alpher02,
author = {FirstName Alpher},
title = {Frobnication},
journal = PAMI,
volume = 12,
number = 1,
pages = {234--778},
year = 2002
}

@article{Alpher03,
author = {FirstName Alpher and  FirstName Fotheringham-Smythe},
title = {Frobnication revisited},
journal = {Journal of Foo},
volume = 13,
number = 1,
pages = {234--778},
year = 2003
}

@article{Alpher04,
author = {FirstName Alpher and FirstName Fotheringham-Smythe and FirstName Gamow},
title = {Can a machine frobnicate?},
journal = {Journal of Foo},
volume = 14,
number = 1,
pages = {234--778},
year = 2004
}

@inproceedings{Alpher05,
author = {FirstName Alpher and FirstName Gamow},
title = {Can a computer frobnicate?},
booktitle = CVPR,
pages = {234--778},
year = 2005
}



















@article{li2023frequency,
  title={Frequency-Aware Transformer for Learned Image Compression},
  author={Li, Han and Li, Shaohui and Dai, Wenrui and Li, Chenglin and Zou, Junni and Xiong, Hongkai},
  journal={arXiv preprint arXiv:2310.16387},
  year={2023}
}












@article{vaswani2017attention,
  title={Attention is all you need},
  author={Vaswani, A},
  journal={Advances in Neural Information Processing Systems},
  year={2017}
}
@inproceedings{liu2023learned,
  title={Learned image compression with mixed transformer-cnn architectures},
  author={Liu, Jinming and Sun, Heming and Katto, Jiro},
  booktitle={Proceedings of the IEEE/CVF conference on computer vision and pattern recognition},
  pages={14388--14397},
  year={2023}
}
@inproceedings{jiang2023mlic,
  title={Mlic: Multi-reference entropy model for learned image compression},
  author={Jiang, Wei and Yang, Jiayu and Zhai, Yongqi and Ning, Peirong and Gao, Feng and Wang, Ronggang},
  booktitle={Proceedings of the 31st ACM International Conference on Multimedia},
  pages={7618--7627},
  year={2023}
}



@inproceedings{
jiang2023mlic++,
title={{MLIC}\${\textasciicircum}\{++\}\$: Linear Complexity Multi-Reference Entropy Modeling for Learned Image Compression},
author={Wei Jiang and Ronggang Wang},
booktitle={ICML 2023 Workshop Neural Compression: From Information Theory to Applications},
year={2023},
url={https://openreview.net/forum?id=hxIpcSoz2t}
}

@inproceedings{zou2022devil,
  title={The devil is in the details: Window-based attention for image compression},
  author={Zou, Renjie and Song, Chunfeng and Zhang, Zhaoxiang},
  booktitle={Proceedings of the IEEE/CVF conference on computer vision and pattern recognition},
  pages={17492--17501},
  year={2022}
}



@inproceedings{zhu2022transformer,
  title={Transformer-based transform coding},
  author={Zhu, Yinhao and Yang, Yang and Cohen, Taco},
  booktitle={International Conference on Learning Representations},
  year={2022}
}



@article{balle2018variational,
  title={Variational image compression with a scale hyperprior},
  author={Ball{\'e}, Johannes and Minnen, David and Singh, Saurabh and Hwang, Sung Jin and Johnston, Nick},
  journal={arXiv preprint arXiv:1802.01436},
  year={2018}
}
@article{minnen2018joint,
  title={Joint autoregressive and hierarchical priors for learned image compression},
  author={Minnen, David and Ball{\'e}, Johannes and Toderici, George D},
  journal={Advances in neural information processing systems},
  volume={31},
  year={2018}
}





@inproceedings{minnen2020channel,
  title={Channel-wise autoregressive entropy models for learned image compression},
  author={Minnen, David and Singh, Saurabh},
  booktitle={2020 IEEE International Conference on Image Processing (ICIP)},
  pages={3339--3343},
  year={2020},
  organization={IEEE}
}
@inproceedings{he2022elic,
  title={Elic: Efficient learned image compression with unevenly grouped space-channel contextual adaptive coding},
  author={He, Dailan and Yang, Ziming and Peng, Weikun and Ma, Rui and Qin, Hongwei and Wang, Yan},
  booktitle={Proceedings of the IEEE/CVF Conference on Computer Vision and Pattern Recognition},
  pages={5718--5727},
  year={2022}
}




@inproceedings{cheng2020learned,
  title={Learned image compression with discretized gaussian mixture likelihoods and attention modules},
  author={Cheng, Zhengxue and Sun, Heming and Takeuchi, Masaru and Katto, Jiro},
  booktitle={Proceedings of the IEEE/CVF conference on computer vision and pattern recognition},
  pages={7939--7948},
  year={2020}
}











@article{qian2022entroformer,
  title={Entroformer: A transformer-based entropy model for learned image compression},
  author={Qian, Yichen and Lin, Ming and Sun, Xiuyu and Tan, Zhiyu and Jin, Rong},
  journal={arXiv preprint arXiv:2202.05492},
  year={2022}
}

@inproceedings{xie2021enhanced,
  title={Enhanced invertible encoding for learned image compression},
  author={Xie, Yueqi and Cheng, Ka Leong and Chen, Qifeng},
  booktitle={Proceedings of the 29th ACM international conference on multimedia},
  pages={162--170},
  year={2021}
}



@inproceedings{chen2022two,
  title={Two-stage octave residual network for end-to-end image compression},
  author={Chen, Fangdong and Xu, Yumeng and Wang, Li},
  booktitle={Proceedings of the AAAI Conference on Artificial Intelligence},
  volume={36},
  number={4},
  pages={3922--3929},
  year={2022}
}

@article{balle2016end,
  title={End-to-end optimized image compression},
  author={Ball{\'e}, Johannes and Laparra, Valero and Simoncelli, Eero P},
  journal={arXiv preprint arXiv:1611.01704},
  year={2016}
}










@inproceedings{koyuncu2022contextformer,
  title={Contextformer: A transformer with spatio-channel attention for context modeling in learned image compression},
  author={Koyuncu, A Burakhan and Gao, Han and Boev, Atanas and Gaikov, Georgii and Alshina, Elena and Steinbach, Eckehard},
  booktitle={European Conference on Computer Vision},
  pages={447--463},
  year={2022},
  organization={Springer}
}




@inproceedings{liu2021swin,
  title={Swin transformer: Hierarchical vision transformer using shifted windows},
  author={Liu, Ze and Lin, Yutong and Cao, Yue and Hu, Han and Wei, Yixuan and Zhang, Zheng and Lin, Stephen and Guo, Baining},
  booktitle={Proceedings of the IEEE/CVF international conference on computer vision},
  pages={10012--10022},
  year={2021}
}






@inproceedings{yu2022metaformer,
  title={Metaformer is actually what you need for vision},
  author={Yu, Weihao and Luo, Mi and Zhou, Pan and Si, Chenyang and Zhou, Yichen and Wang, Xinchao and Feng, Jiashi and Yan, Shuicheng},
  booktitle={Proceedings of the IEEE/CVF conference on computer vision and pattern recognition},
  pages={10819--10829},
  year={2022}
}


@article{yu2023metaformer,
  title={Metaformer baselines for vision},
  author={Yu, Weihao and Si, Chenyang and Zhou, Pan and Luo, Mi and Zhou, Yichen and Feng, Jiashi and Yan, Shuicheng and Wang, Xinchao},
  journal={IEEE Transactions on Pattern Analysis and Machine Intelligence},
  year={2023},
  publisher={IEEE}
}











@inproceedings{he2021checkerboard,
  title={Checkerboard context model for efficient learned image compression},
  author={He, Dailan and Zheng, Yaoyan and Sun, Baocheng and Wang, Yan and Qin, Hongwei},
  booktitle={Proceedings of the IEEE/CVF Conference on Computer Vision and Pattern Recognition},
  pages={14771--14780},
  year={2021}
}



@inproceedings{li2022hybrid,
  title={Hybrid spatial-temporal entropy modelling for neural video compression},
  author={Li, Jiahao and Li, Bin and Lu, Yan},
  booktitle={Proceedings of the 30th ACM International Conference on Multimedia},
  pages={1503--1511},
  year={2022}
}
@inproceedings{li2023neural,
  title={Neural video compression with diverse contexts},
  author={Li, Jiahao and Li, Bin and Lu, Yan},
  booktitle={Proceedings of the IEEE/CVF Conference on Computer Vision and Pattern Recognition},
  pages={22616--22626},
  year={2023}
}



@article{luo2016understanding,
  title={Understanding the effective receptive field in deep convolutional neural networks},
  author={Luo, Wenjie and Li, Yujia and Urtasun, Raquel and Zemel, Richard},
  journal={Advances in neural information processing systems},
  volume={29},
  year={2016}
}



@inproceedings{gu2021interpreting,
  title={Interpreting super-resolution networks with local attribution maps},
  author={Gu, Jinjin and Dong, Chao},
  booktitle={Proceedings of the IEEE/CVF Conference on Computer Vision and Pattern Recognition},
  pages={9199--9208},
  year={2021}
}
@article{liu2020unified,
  title={A unified end-to-end framework for efficient deep image compression},
  author={Liu, Jiaheng and Lu, Guo and Hu, Zhihao and Xu, Dong},
  journal={arXiv preprint arXiv:2002.03370},
  year={2020}
}




































































































@inproceedings{bjontegaard2001,
  author    = {Gisle Bjontegaard},
  title     = {Calculation of average PSNR differences between RD-curves},
  booktitle = {VCEG-M33},
  year      = {2001}
}

@misc{kodak1993,
  author       = {Eastman Kodak},
  title        = {Kodak Lossless True Color Image Suite (PhotoCD PCD0992)},
  year         = {1993},
  note         = {Available from http://r0k.us/graphics/kodak/}
}


@inproceedings{asuni2014testimages,
  title={TESTIMAGES: a Large-scale Archive for Testing Visual Devices and Basic Image Processing Algorithms.},
  author={Asuni, Nicola and Giachetti, Andrea and others},
  booktitle={STAG},
  pages={63--70},
  year={2014}
}



@inproceedings{clic2021,
  author    = {CLIC},
  title     = {Workshop and Challenge on Learned Image Compression},
  booktitle = {Proceedings of the IEEE/CVF Conference on Computer Vision and Pattern Recognition},
  year      = {2021}
}



























@article{qin2024mambavc,
  title={MambaVC: Learned Visual Compression with Selective State Spaces},
  author={Qin, Shiyu and Wang, Jinpeng and Zhou, Yimin and Chen, Bin and Luo, Tianci and An, Baoyi and Dai, Tao and Xia, Shutao and Wang, Yaowei},
  journal={arXiv preprint arXiv:2405.15413},
  year={2024}
}




@inproceedings{chen2022simple,
  title={Simple baselines for image restoration},
  author={Chen, Liangyu and Chu, Xiaojie and Zhang, Xiangyu and Sun, Jian},
  booktitle={European conference on computer vision},
  pages={17--33},
  year={2022},
  organization={Springer}
}

@inproceedings{zamir2022restormer,
  title={Restormer: Efficient transformer for high-resolution image restoration},
  author={Zamir, Syed Waqas and Arora, Aditya and Khan, Salman and Hayat, Munawar and Khan, Fahad Shahbaz and Yang, Ming-Hsuan},
  booktitle={Proceedings of the IEEE/CVF conference on computer vision and pattern recognition},
  pages={5728--5739},
  year={2022}
}



@inproceedings{dauphin2017language,
  title={Language modeling with gated convolutional networks},
  author={Dauphin, Yann N and Fan, Angela and Auli, Michael and Grangier, David},
  booktitle={International conference on machine learning},
  pages={933--941},
  year={2017},
  organization={PMLR}
}


@inproceedings{touvron2021training,
  title={Training data-efficient image transformers \& distillation through attention},
  author={Touvron, Hugo and Cord, Matthieu and Douze, Matthijs and Massa, Francisco and Sablayrolles, Alexandre and J{\'e}gou, Herv{\'e}},
  booktitle={International conference on machine learning},
  pages={10347--10357},
  year={2021},
  organization={PMLR}
}


@article{dosovitskiy2020image,
  title={An image is worth 16x16 words: Transformers for image recognition at scale},
  author={Dosovitskiy, Alexey},
  journal={arXiv preprint arXiv:2010.11929},
  year={2020}
}




@article{kingma2014adam,
  title={Adam: A method for stochastic optimization},
  author={Kingma, Diederik P},
  journal={arXiv preprint arXiv:1412.6980},
  year={2014}
}
@inproceedings{xia2022vision,
  title={Vision transformer with deformable attention},
  author={Xia, Zhuofan and Pan, Xuran and Song, Shiji and Li, Li Erran and Huang, Gao},
  booktitle={Proceedings of the IEEE/CVF conference on computer vision and pattern recognition},
  pages={4794--4803},
  year={2022}
}


@inproceedings{liang2021swinir,
  title={Swinir: Image restoration using swin transformer},
  author={Liang, Jingyun and Cao, Jiezhang and Sun, Guolei and Zhang, Kai and Van Gool, Luc and Timofte, Radu},
  booktitle={Proceedings of the IEEE/CVF international conference on computer vision},
  pages={1833--1844},
  year={2021}
}








@inproceedings{dong2022cswin,
  title={Cswin transformer: A general vision transformer backbone with cross-shaped windows},
  author={Dong, Xiaoyi and Bao, Jianmin and Chen, Dongdong and Zhang, Weiming and Yu, Nenghai and Yuan, Lu and Chen, Dong and Guo, Baining},
  booktitle={Proceedings of the IEEE/CVF conference on computer vision and pattern recognition},
  pages={12124--12134},
  year={2022}
}




















@article{zhang2022practical,
  title={Practical blind denoising via swin-conv-unet and data synthesis},
  author={Zhang, Kai and Li, Yawei and Liang, Jingyun and Cao, Jiezhang and Zhang, Yulun and Tang, Hao and Timofte, Radu and Van Gool, Luc},
  journal={arXiv e-prints},
  pages={arXiv--2203},
  year={2022}
}
@inproceedings{liu2022swin,
  title={Swin transformer v2: Scaling up capacity and resolution},
  author={Liu, Ze and Hu, Han and Lin, Yutong and Yao, Zhuliang and Xie, Zhenda and Wei, Yixuan and Ning, Jia and Cao, Yue and Zhang, Zheng and Dong, Li and others},
  booktitle={Proceedings of the IEEE/CVF conference on computer vision and pattern recognition},
  pages={12009--12019},
  year={2022}
}
@article{lee2021fnet,
  title={Fnet: Mixing tokens with fourier transforms},
  author={Lee-Thorp, James and Ainslie, Joshua and Eckstein, Ilya and Ontanon, Santiago},
  journal={arXiv preprint arXiv:2105.03824},
  year={2021}
}



@inproceedings{chollet2017xception,
  title={Xception: Deep learning with depthwise separable convolutions},
  author={Chollet, Fran{\c{c}}ois},
  booktitle={Proceedings of the IEEE conference on computer vision and pattern recognition},
  pages={1251--1258},
  year={2017}
}

@inproceedings{mamalet2012simplifying,
  title={Simplifying convnets for fast learning},
  author={Mamalet, Franck and Garcia, Christophe},
  booktitle={International Conference on Artificial Neural Networks},
  pages={58--65},
  year={2012},
  organization={Springer}
}

@inproceedings{sandler2018mobilenetv2,
  title={Mobilenetv2: Inverted residuals and linear bottlenecks},
  author={Sandler, Mark and Howard, Andrew and Zhu, Menglong and Zhmoginov, Andrey and Chen, Liang-Chieh},
  booktitle={Proceedings of the IEEE conference on computer vision and pattern recognition},
  pages={4510--4520},
  year={2018}
}









@article{bross2021overview,
  title={Overview of the versatile video coding (VVC) standard and its applications},
  author={Bross, Benjamin and Wang, Ye-Kui and Ye, Yan and Liu, Shan and Chen, Jianle and Sullivan, Gary J and Ohm, Jens-Rainer},
  journal={IEEE Transactions on Circuits and Systems for Video Technology},
  volume={31},
  number={10},
  pages={3736--3764},
  year={2021},
  publisher={IEEE}
}
Quick actions for selected text. Click  to disable if not needed.
Got it








@inproceedings{JVET-AF2002, title = {Algorithm description for Versatile Video Coding and Test Model 21 (VTM 21), Document JVET-AF2002}, author = {A. Browne and Y. Ye and S. Kim}, booktitle = {Joint Video Experts Team (JVET) of ITU-T SG 16 WP 3 and ISO/IEC JTC 1/SC 29/WG 11, 32nd Meeting}, date = {2023-10-13}, address = {Hannover}, url = {https://jvet-experts.org/doc_end_user/current_document.php?id=13586}}
@inproceedings{ren2023bayesian,
  title={Bayesian neural networks avoid encoding complex and perturbation-sensitive concepts},
  author={Ren, Qihan and Deng, Huiqi and Chen, Yunuo and Lou, Siyu and Zhang, Quanshi},
  booktitle={International Conference on Machine Learning},
  pages={28889--28913},
  year={2023},
  organization={PMLR}
}


@article{he2024s4d,
  title={S4d: Streaming 4d real-world reconstruction with gaussians and 3d control points},
  author={He, Bing and Chen, Yunuo and Lu, Guo and Song, Li and Zhang, Wenjun},
  journal={arXiv preprint arXiv:2408.13036},
  year={2024}
}


@inproceedings{zhang2023neural,
  title={Neural Rate Control for Learned Video Compression},
  author={Zhang, Yiwei and Lu, Guo and Chen, Yunuo and Wang, Shen and Shi, Yibo and Wang, Jing and Song, Li},
  booktitle={The Twelfth International Conference on Learning Representations},
  year={2023}
}
@article{ma2020end,
  title={End-to-end optimized versatile image compression with wavelet-like transform},
  author={Ma, Haichuan and Liu, Dong and Yan, Ning and Li, Houqiang and Wu, Feng},
  journal={IEEE Transactions on Pattern Analysis and Machine Intelligence},
  volume={44},
  number={3},
  pages={1247--1263},
  year={2020},
  publisher={IEEE}
}





@inproceedings{zafari2023frequency,
  title={Frequency disentangled features in neural image compression},
  author={Zafari, Ali and Khoshkhahtinat, Atefeh and Mehta, Piyush and Saadabadi, Mohammad Saeed Ebrahimi and Akyash, Mohammad and Nasrabadi, Nasser M},
  booktitle={2023 IEEE International Conference on Image Processing (ICIP)},
  pages={2815--2819},
  year={2023},
  organization={IEEE}
}


@article{mentzer2022vct,
  title={Vct: A video compression transformer},
  author={Mentzer, Fabian and Toderici, George and Minnen, David and Hwang, Sung-Jin and Caelles, Sergi and Lucic, Mario and Agustsson, Eirikur},
  journal={arXiv preprint arXiv:2206.07307},
  year={2022}
}

@article{ma2019iwave,
  title={iWave: CNN-based wavelet-like transform for image compression},
  author={Ma, Haichuan and Liu, Dong and Xiong, Ruiqin and Wu, Feng},
  journal={IEEE Transactions on Multimedia},
  volume={22},
  number={7},
  pages={1667--1679},
  year={2019},
  publisher={IEEE}
}
@inproceedings{lu2022transformer,
  title={Transformer-based Image Compression},
  author={Lu, Ming and Guo, Peiyao and Shi, Huiqing and Cao, Chuntong and Ma, Zhan},
  booktitle={2022 Data Compression Conference (DCC)},
  pages={469--469},
  year={2022},
  organization={IEEE}
}













@inproceedings{gao2021neural,
  title={Neural image compression via attentional multi-scale back projection and frequency decomposition},
  author={Gao, Ge and You, Pei and Pan, Rong and Han, Shunyuan and Zhang, Yuanyuan and Dai, Yuchao and Lee, Hojae},
  booktitle={Proceedings of the IEEE/CVF International Conference on Computer Vision},
  pages={14677--14686},
  year={2021}
}



@article{fu2023asymmetric,
  title={Asymmetric learned image compression with multi-scale residual block, importance scaling, and post-quantization filtering},
  author={Fu, Haisheng and Liang, Feng and Liang, Jie and Li, Binglin and Zhang, Guohe and Han, Jingning},
  journal={IEEE Transactions on Circuits and Systems for Video Technology},
  volume={33},
  number={8},
  pages={4309--4321},
  year={2023},
  publisher={IEEE}
}
@article{begaint2020compressai,
  title={CompressAI: a PyTorch library and evaluation platform for end-to-end compression research},
  author={B{\'e}gaint, Jean and Racap{\'e}, Fabien and Feltman, Simon and Pushparaja, Akshay},
  journal={arXiv e-prints},
  pages={arXiv--2011},
  year={2020}
}


@inproceedings{
han2024causal,
title={Causal Context Adjustment Loss for Learned Image Compression},
author={Minghao Han and Shiyin Jiang and Shengxi Li and Xin Deng and Mai Xu and Ce Zhu and Shuhang Gu},
booktitle={The Thirty-eighth Annual Conference on Neural Information Processing Systems},
year={2024},
url={https://openreview.net/forum?id=AYntCZvoLI}
}