@article{3D-CNN1-anchor,
  title={Anchor Ball Regression Model for large-scale 3D skull landmark detection},
  author={He, Tao and Xu, Guikun and Cui, Li and Tang, Wei and Long, Jie and Guo, Jixiang},
  journal={Neurocomputing},
  volume={567},
  pages={127051},
  year={2024},
  publisher={Elsevier}
}

@article{3D-CNN2-sr,
  title={Super-resolution landmark detection networks for medical images},
  author={Zhang, Runshi and Mo, Hao and Hu, Weini and Jie, Bimeng and Xu, Lin and He, Yang and Ke, Jia and Wang, Junchen},
  journal={Computers in Biology and Medicine},
  volume={182},
  pages={109095},
  year={2024},
  publisher={Elsevier}
}

@article{AAM,
  title={Automatic cephalometric analysis using active appearance model and simulated annealing},
  author={Saad, AA and El-Bialy, A and Kandil, AH and Sayed, AA},
  journal={ICGST Int J on Graphics, Vision and Image Processing, Special Issue on Image Retrieval and Representation},
  volume={6},
  pages={51--67},
  year={2006},
  publisher={Citeseer}
}

@inproceedings{ASM,
  title={Automated cephalometric landmark identification using shape and local appearance models},
  author={Keustermans, Johannes and Mollemans, Wouter and Vandermeulen, Dirk and Suetens, Paul},
  booktitle={2010 20th International Conference on Pattern Recognition},
  pages={2464--2467},
  year={2010},
  organization={IEEE}
}

@article{DATR,
  title={Datr: Domain-adaptive transformer for multi-domain landmark detection},
  author={Zhu, Heqin and Yao, Qingsong and Zhou, S Kevin},
  journal={arXiv preprint arXiv:2203.06433},
  year={2022}
}

@article{MP-U-atten3,
  title={SwinUNeLCsT: Global--local spatial representation learning with hybrid CNN--transformer for efficient tuberculosis lung cavity weakly supervised semantic segmentation},
  author={Tan, Zhuoyi and Madzin, Hizmawati and Norafida, Bahari and Rahmat, Rahmita Wirza OK and Khalid, Fatimah and Sulaiman, Puteri Suhaiza},
  journal={Journal of King Saud University-Computer and Information Sciences},
  volume={36},
  number={4},
  pages={102012},
  year={2024},
  publisher={Elsevier}
}

@article{MP-U-trans1,
  title={High-throughput systolic array-based accelerator for hybrid transformer-CNN networks},
  author={Song, Qingzeng and Dai, Yao and Lu, Hao and Jin, Guanghao},
  journal={Journal of King Saud University-Computer and Information Sciences},
  volume={36},
  number={8},
  pages={102194},
  year={2024},
  publisher={Elsevier}
}

@article{MP-U-trans2,
  title={Swformer: a scale-wise hybrid cnn-transformer network for multi-classes weed segmentation},
  author={Jiang, Hongkui and Chen, Qiupu and Wang, Rujing and Du, Jianming and Chen, Tianjiao},
  journal={Journal of King Saud University-Computer and Information Sciences},
  volume={36},
  number={7},
  pages={102144},
  year={2024},
  publisher={Elsevier}
}

@article{MP-atten-hybrid2,
  title={High-throughput systolic array-based accelerator for hybrid transformer-CNN networks},
  author={Song, Qingzeng and Dai, Yao and Lu, Hao and Jin, Guanghao},
  journal={Journal of King Saud University-Computer and Information Sciences},
  volume={36},
  number={8},
  pages={102194},
  year={2024},
  publisher={Elsevier}
}

@article{MP-atten-seg1,
  title={ParaU-Net: An improved UNet parallel coding network for lung nodule segmentation},
  author={Lu, Yingqi and Fan, Xiangsuo and Wang, Jinfeng and Chen, Shaojun and Meng, Jie},
  journal={Journal of King Saud University-Computer and Information Sciences},
  volume={36},
  number={9},
  pages={102203},
  year={2024},
  publisher={Elsevier}
}

@article{MP-hybrid-2,
  title={A hybrid model of ghost-convolution enlightened transformer for effective diagnosis of grape leaf disease and pest},
  author={Lu, Xiangyu and Yang, Rui and Zhou, Jun and Jiao, Jie and Liu, Fei and Liu, Yufei and Su, Baofeng and Gu, Peiwen},
  journal={Journal of King Saud University-Computer and Information Sciences},
  volume={34},
  number={5},
  pages={1755--1767},
  year={2022},
  publisher={Elsevier}
}

@article{MP-hybrid4,
  title={GAIR-U-Net: 3D guided attention inception residual u-net for brain tumor segmentation using multimodal MRI images},
  author={Rutoh, Evans Kipkoech and Guang, Qin Zhi and Bahadar, Noor and Raza, Rehan and Hanif, Muhammad Shehzad},
  journal={Journal of King Saud University-Computer and Information Sciences},
  pages={102086},
  year={2024},
  publisher={Elsevier}
}

@article{MP-hybrid5,
  title={BiTNet: a lightweight object detection network for real-time classroom behavior recognition with transformer and bi-directional pyramid network},
  author={Zhao, Jinhua and Zhu, Hongye and Niu, Lei},
  journal={Journal of King Saud University-Computer and Information Sciences},
  volume={35},
  number={8},
  pages={101670},
  year={2023},
  publisher={Elsevier}
}

@article{MP-hybrid6,
  title={Advance brain tumor segmentation using feature fusion methods with deep U-Net model with CNN for MRI data},
  author={Nizamani, Abdul Haseeb and Chen, Zhigang and Nizamani, Ahsan Ahmed and Bhatti, Uzair Aslam},
  journal={Journal of King Saud University-Computer and Information Sciences},
  volume={35},
  number={9},
  pages={101793},
  year={2023},
  publisher={Elsevier}
}

@article{PELE,
  title={PELE scores: pelvic X-ray landmark detection with pelvis extraction and enhancement},
  author={Huang, Zhen and Li, Han and Shao, Shitong and Zhu, Heqin and Hu, Huijie and Cheng, Zhiwei and Wang, Jianji and Kevin Zhou, S},
  journal={International Journal of Computer Assisted Radiology and Surgery},
  volume={19},
  number={5},
  pages={939--950},
  year={2024},
  publisher={Springer}
}

@article{SCN,
  title={Integrating spatial configuration into heatmap regression based CNNs for landmark localization},
  author={Payer, Christian and {\v{S}}tern, Darko and Bischof, Horst and Urschler, Martin},
  journal={Medical image analysis},
  volume={54},
  pages={207--219},
  year={2019},
  publisher={Elsevier}
}

@inproceedings{SIFT,
  title={Object recognition from local scale-invariant features},
  author={Lowe, David G},
  booktitle={Proceedings of the seventh IEEE international conference on computer vision},
  volume={2},
  pages={1150--1157},
  year={1999},
  organization={Ieee}
}

@article{SpineHRformer,
  title={SpineHRformer: A Transformer-Based Deep Learning Model for Automatic Spine Deformity Assessment with Prospective Validation},
  author={Zhao, Moxin and Meng, Nan and Cheung, Jason Pui Yin and Yu, Chenxi and Lu, Pengyu and Zhang, Teng},
  journal={Bioengineering},
  volume={10},
  number={11},
  pages={1333},
  year={2023},
  publisher={MDPI}
}

@article{VIT,
  title={An image is worth 16x16 words: Transformers for image recognition at scale},
  author={Dosovitskiy, Alexey},
  journal={arXiv preprint arXiv:2010.11929},
  year={2020}
}

@inproceedings{handcrafted1,
  title={Object recognition from local scale-invariant features},
  author={Lowe, David G},
  booktitle={Proceedings of the seventh IEEE international conference on computer vision},
  volume={2},
  pages={1150--1157},
  year={1999},
  organization={Ieee}
}

@inproceedings{handcrafted2,
  title={Search strategies for multiple landmark detection by submodular maximization},
  author={Liu, David and Zhou, Kevin S and Bernhardt, Dominik and Comaniciu, Dorin},
  booktitle={2010 IEEE computer society conference on computer vision and pattern recognition},
  pages={2831--2838},
  year={2010},
  organization={IEEE}
}

@article{handcrafted3,
  title={Robust and accurate shape model matching using random forest regression-voting},
  author={Lindner, Claudia and Bromiley, Paul A and Ionita, Mircea C and Cootes, Tim F},
  journal={IEEE transactions on pattern analysis and machine intelligence},
  volume={37},
  number={9},
  pages={1862--1874},
  year={2014},
  publisher={IEEE}
}

@inproceedings{huang2024retigan,
  title={RetiGAN: A Hybrid Image Enhancement Method for Medical Images},
  author={Huang, Zhen and Wang, Shiyuan and Hu, Huijie and Xu, Yiyao},
  booktitle={2024 5th International Conference on Computer Vision, Image and Deep Learning (CVIDL)},
  pages={25--29},
  year={2024},
  organization={IEEE}
}

@article{king-Unet1,
  title={GAIR-U-Net: 3D guided attention inception residual u-net for brain tumor segmentation using multimodal MRI images},
  author={Rutoh, Evans Kipkoech and Guang, Qin Zhi and Bahadar, Noor and Raza, Rehan and Hanif, Muhammad Shehzad},
  journal={Journal of King Saud University-Computer and Information Sciences},
  pages={102086},
  year={2024},
  publisher={Elsevier}
}

@article{mp-CNN+ATTEn1,
  title={BiCHAT: BiLSTM with deep CNN and hierarchical attention for hate speech detection},
  author={Khan, Shakir and Fazil, Mohd and Sejwal, Vineet Kumar and Alshara, Mohammed Ali and Alotaibi, Reemiah Muneer and Kamal, Ashraf and Baig, Abdul Rauf},
  journal={Journal of King Saud University-Computer and Information Sciences},
  volume={34},
  number={7},
  pages={4335--4344},
  year={2022},
  publisher={Elsevier}
}

@article{nnformer,
  title={nnformer: Interleaved transformer for volumetric segmentation},
  author={Zhou, Hong-Yu and Guo, Jiansen and Zhang, Yinghao and Yu, Lequan and Wang, Liansheng and Yu, Yizhou},
  journal={arXiv preprint arXiv:2109.03201},
  year={2021}
}

@article{regression,
  title={A multi-stage ensemble network system to diagnose adolescent idiopathic scoliosis},
  author={Wu, Chao and Meng, Gedong and Lian, Jie and Xu, Jingxu and Gao, Mingjie and Huang, Chencui and Zhang, Shu and Zhang, Yunfeng and Yu, Yizhou and Wang, Haiyan and others},
  journal={European Radiology},
  volume={32},
  number={9},
  pages={5880--5889},
  year={2022},
  publisher={Springer}
}

@article{ruled1,
  title={Automatic computerized radiographic identification of cephalometric landmarks},
  author={Rudolph, DJ and Sinclair, PM and Coggins, JM},
  journal={American Journal of Orthodontics and Dentofacial Orthopedics},
  volume={113},
  number={2},
  pages={173--179},
  year={1998},
  publisher={Elsevier}
}

@article{ruled2,
  title={Automatic localization of cephalometric landmarks},
  author={Grau, Vicente and Alcaniz, M and Juan, MC and Monserrat, Carlos and Knoll, Christian},
  journal={Journal of Biomedical Informatics},
  volume={34},
  number={3},
  pages={146--156},
  year={2001},
  publisher={Elsevier}
}

@article{shao2023diffuseexpand,
  title={DiffuseExpand: Expanding dataset for 2D medical image segmentation using diffusion models},
  author={Shao, Shitong and Yuan, Xiaohan and Huang, Zhen and Qiu, Ziming and Wang, Shuai and Zhou, Kevin},
  journal={arXiv preprint arXiv:2304.13416},
  year={2023}
}

@article{transunet,
  title={Transunet: Transformers make strong encoders for medical image segmentation},
  author={Chen, Jieneng and Lu, Yongyi and Yu, Qihang and Luo, Xiangde and Adeli, Ehsan and Wang, Yan and Lu, Le and Yuille, Alan L and Zhou, Yuyin},
  journal={arXiv preprint arXiv:2102.04306},
  year={2021}
}

