@article{king1-naviga,
  title={The hybrid feature extraction method for classification of adolescence idiopathic scoliosis using Evolving Spiking Neural Network},
  author={Sabri, Nurbaity and Hamed, Haza Nuzly Abdull and Ibrahim, Zaidah and Ibrahim, Kamalnizat and Isa, Mohd Adham and Diah, Norizan Mat},
  journal={Journal of King Saud University-Computer and Information Sciences},
  volume={34},
  number={10},
  pages={8899--8908},
  year={2022},
  publisher={Elsevier}
}

@article{3dlandmark2,
  title={3D facial landmark detection under large yaw and expression variations},
  author={Perakis, Panagiotis and Passalis, Georgios and Theoharis, Theoharis and Kakadiaris, Ioannis A},
  journal={IEEE transactions on pattern analysis and machine intelligence},
  volume={35},
  number={7},
  pages={1552--1564},
  year={2012},
  publisher={IEEE}
}

@inproceedings{3dlandmark1,
  title={3D deep learning for efficient and robust landmark detection in volumetric data},
  author={Zheng, Yefeng and Liu, David and Georgescu, Bogdan and Nguyen, Hien and Comaniciu, Dorin},
  booktitle={Medical Image Computing and Computer-Assisted Intervention--MICCAI 2015: 18th International Conference, Munich, Germany, October 5-9, 2015, Proceedings, Part I 18},
  pages={565--572},
  year={2015},
  organization={Springer}
}

@article{3dlandmark3,
  title={A pseudo-3D coarse-to-fine architecture for 3D medical landmark detection},
  author={Cui, Li and Liu, Boyan and Xu, Guikun and Guo, Jixiang and Tang, Wei and He, Tao},
  journal={Neurocomputing},
  volume={614},
  pages={128782},
  year={2025},
  publisher={Elsevier}
}

@article{3D-CNN1-anchor,
  title={Anchor Ball Regression Model for large-scale 3D skull landmark detection},
  author={He, Tao and Xu, Guikun and Cui, Li and Tang, Wei and Long, Jie and Guo, Jixiang},
  journal={Neurocomputing},
  volume={567},
  pages={127051},
  year={2024},
  publisher={Elsevier}
}

@article{3D-CNN2-sr,
  title={Super-resolution landmark detection networks for medical images},
  author={Zhang, Runshi and Mo, Hao and Hu, Weini and Jie, Bimeng and Xu, Lin and He, Yang and Ke, Jia and Wang, Junchen},
  journal={Computers in Biology and Medicine},
  volume={182},
  pages={109095},
  year={2024},
  publisher={Elsevier}
}

@article{3D-CNN3,
  title={Fast landmark localization with 3D component reconstruction and CNN for cross-pose recognition},
  author={Hsu, Gee-Sern and Shie, Hung-Cheng and Hsieh, Cheng-Hua and Chan, Jui-Shan},
  journal={IEEE Transactions on Circuits and Systems for Video Technology},
  volume={28},
  number={11},
  pages={3194--3207},
  year={2017},
  publisher={IEEE}
}

@article{king-Unet1,
  title={GAIR-U-Net: 3D guided attention inception residual u-net for brain tumor segmentation using multimodal MRI images},
  author={Rutoh, Evans Kipkoech and Guang, Qin Zhi and Bahadar, Noor and Raza, Rehan and Hanif, Muhammad Shehzad},
  journal={Journal of King Saud University-Computer and Information Sciences},
  pages={102086},
  year={2024},
  publisher={Elsevier}
}

@article{king-landmark1,
  title={Autocorrection of lung boundary on 3D CT lung cancer images},
  author={Nurfauzi, Rizki and Nugroho, Hanung Adi and Ardiyanto, Igi and Frannita, Eka Legya},
  journal={Journal of King Saud University-Computer and Information Sciences},
  volume={33},
  number={5},
  pages={518--527},
  year={2021},
  publisher={Elsevier}
}

@article{king-landmark2,
  title={StackFBAs: Detection of fetal brain abnormalities using CNN with stacking strategy from MRI images},
  author={Chowdhury, Anjir Ahmed and Mahmud, SM Hasan and Hoque, Khadija Kubra Shahjalal and Ahmed, Kawsar and Bui, Francis M and Lio, Pietro and Moni, Mohammad Ali and Al-Zahrani, Fahad Ahmed},
  journal={Journal of King Saud University-Computer and Information Sciences},
  volume={35},
  number={8},
  pages={101647},
  year={2023},
  publisher={Elsevier}
}

@article{king-unet2,
  title={Coherent convolution neural network based retinal disease detection using optical coherence tomographic images},
  author={Upadhyay, Pawan Kumar and Rastogi, Somil and Kumar, K Vimal},
  journal={Journal of King Saud University-Computer and Information Sciences},
  volume={34},
  number={10},
  pages={9688--9695},
  year={2022},
  publisher={Elsevier}
}


@inproceedings{3dvnet,
  title={V-net: Fully convolutional neural networks for volumetric medical image segmentation},
  author={Milletari, Fausto and Navab, Nassir and Ahmadi, Seyed-Ahmad},
  booktitle={2016 fourth international conference on 3D vision (3DV)},
  pages={565--571},
  year={2016},
  organization={Ieee}
}


@inproceedings{3dunet,
  title={3D U-Net: learning dense volumetric segmentation from sparse annotation},
  author={{\c{C}}i{\c{c}}ek, {\"O}zg{\"u}n and Abdulkadir, Ahmed and Lienkamp, Soeren S and Brox, Thomas and Ronneberger, Olaf},
  booktitle={Medical Image Computing and Computer-Assisted Intervention--MICCAI 2016: 19th International Conference, Athens, Greece, October 17-21, 2016, Proceedings, Part II 19},
  pages={424--432},
  year={2016},
  organization={Springer}
}

@article{3dresunet,
  title={Superhuman accuracy on the SNEMI3D connectomics challenge},
  author={Lee, Kisuk and Zung, Jonathan and Li, Peter and Jain, Viren and Seung, H Sebastian},
  journal={arXiv preprint arXiv:1706.00120},
  year={2017}
}

@inproceedings{HRnet,
  title={Deep high-resolution representation learning for human pose estimation},
  author={Sun, Ke and Xiao, Bin and Liu, Dong and Wang, Jingdong},
  booktitle={Proceedings of the IEEE/CVF conference on computer vision and pattern recognition},
  pages={5693--5703},
  year={2019}
}

@article{vitpose,
  title={Vitpose: Simple vision transformer baselines for human pose estimation},
  author={Xu, Yufei and Zhang, Jing and Zhang, Qiming and Tao, Dacheng},
  journal={Advances in Neural Information Processing Systems},
  volume={35},
  pages={38571--38584},
  year={2022}
}

@inproceedings{SRpose,
  title={Lightweight Super-Resolution Head for Human Pose Estimation},
  author={Wang, Haonan and Liu, Jie and Tang, Jie and Wu, Gangshan},
  booktitle={Proceedings of the 31st ACM International Conference on Multimedia},
  pages={2353--2361},
  year={2023}
}

@book{landmarkdetection1,
  title={Handbook of medical image computing and computer assisted intervention},
  author={Zhou, S Kevin and Rueckert, Daniel and Fichtinger, Gabor},
  year={2019},
  publisher={Academic Press}
}

@article{king-medical1,
  title={Covid-19 detection in chest X-ray through random forest classifier using a hybridization of deep CNN and DWT optimized features},
  author={Mostafiz, Rafid and Uddin, Mohammad Shorif and Reza, Md Mahfuz and Rahman, Mohammad Motiur and others},
  journal={Journal of King Saud University-Computer and Information Sciences},
  volume={34},
  number={6},
  pages={3226--3235},
  year={2022},
  publisher={Elsevier}
}



@article{treatment,
  title={Evaluation and comparison of anatomical landmark detection methods for cephalometric x-ray images: a grand challenge},
  author={Wang, Ching-Wei and Huang, Cheng-Ta and Hsieh, Meng-Che and Li, Chung-Hsing and Chang, Sheng-Wei and Li, Wei-Cheng and Vandaele, R{\'e}my and Mar{\'e}e, Rapha{\"e}l and Jodogne, S{\'e}bastien and Geurts, Pierre and others},
  journal={IEEE transactions on medical imaging},
  volume={34},
  number={9},
  pages={1890--1900},
  year={2015},
  publisher={IEEE}
}

@inproceedings{registration,
  title={Robust anatomical landmark detection for MR brain image registration},
  author={Han, Dong and Gao, Yaozong and Wu, Guorong and Yap, Pew-Thian and Shen, Dinggang},
  booktitle={Medical Image Computing and Computer-Assisted Intervention--MICCAI 2014: 17th International Conference, Boston, MA, USA, September 14-18, 2014, Proceedings, Part I 17},
  pages={186--193},
  year={2014},
  organization={Springer}
}

@article{3Dreconstruction,
  title={Parametric modelling and segmentation of vertebral bodies in 3D CT and MR spine images},
  author={{\v{S}}tern, Darko and Likar, Bo{\v{s}}tjan and Pernu{\v{s}}, Franjo and Vrtovec, Toma{\v{z}}},
  journal={Physics in Medicine \& Biology},
  volume={56},
  number={23},
  pages={7505},
  year={2011},
  publisher={IOP Publishing}
}

@article{forests,
  title={Stratified decision forests for accurate anatomical landmark localization in cardiac images},
  author={Oktay, Ozan and Bai, Wenjia and Guerrero, Ricardo and Rajchl, Martin and De Marvao, Antonio and Oâ€™Regan, Declan P and Cook, Stuart A and Heinrich, Mattias P and Glocker, Ben and Rueckert, Daniel},
  journal={IEEE transactions on medical imaging},
  volume={36},
  number={1},
  pages={332--342},
  year={2016},
  publisher={IEEE}
}

@inproceedings{handcrafted1,
  title={Object recognition from local scale-invariant features},
  author={Lowe, David G},
  booktitle={Proceedings of the seventh IEEE international conference on computer vision},
  volume={2},
  pages={1150--1157},
  year={1999},
  organization={Ieee}
}
@inproceedings{handcrafted2,
  title={Search strategies for multiple landmark detection by submodular maximization},
  author={Liu, David and Zhou, Kevin S and Bernhardt, Dominik and Comaniciu, Dorin},
  booktitle={2010 IEEE computer society conference on computer vision and pattern recognition},
  pages={2831--2838},
  year={2010},
  organization={IEEE}
}

@article{handcrafted3,
  title={Robust and accurate shape model matching using random forest regression-voting},
  author={Lindner, Claudia and Bromiley, Paul A and Ionita, Mircea C and Cootes, Tim F},
  journal={IEEE transactions on pattern analysis and machine intelligence},
  volume={37},
  number={9},
  pages={1862--1874},
  year={2014},
  publisher={IEEE}
}

@inproceedings{unet,
  title={U-net: Convolutional networks for biomedical image segmentation},
  author={Ronneberger, Olaf and Fischer, Philipp and Brox, Thomas},
  booktitle={Medical image computing and computer-assisted intervention--MICCAI 2015: 18th international conference, Munich, Germany, October 5-9, 2015, proceedings, part III 18},
  pages={234--241},
  year={2015},
  organization={Springer}
}

@inproceedings{CNN1,
  title={Regressing heatmaps for multiple landmark localization using CNNs},
  author={Payer, Christian and {\v{S}}tern, Darko and Bischof, Horst and Urschler, Martin},
  booktitle={International conference on medical image computing and computer-assisted intervention},
  pages={230--238},
  year={2016},
  organization={Springer}
}

@inproceedings{CNN2,
  title={Cephalometric landmark detection in dental x-ray images using convolutional neural networks},
  author={Lee, Hansang and Park, Minseok and Kim, Junmo},
  booktitle={Medical imaging 2017: Computer-aided diagnosis},
  volume={10134},
  pages={494--499},
  year={2017},
  organization={SPIE}
}

@inproceedings{CNN3,
  title={Attaining human-level performance with atlas location autocontext for anatomical landmark detection in 3D CT data},
  author={O'Neil, Alison Q and Kascenas, Antanas and Henry, Joseph and Wyeth, Daniel and Shepherd, Matthew and Beveridge, Erin and Clunie, Lauren and Sansom, Carrie and Seduikyte Keith Muir, Evelina and Poole, Ian},
  booktitle={Proceedings of the European conference on computer vision (ECCV) Workshops},
  year={2018}
}

@article{SCN,
  title={Integrating spatial configuration into heatmap regression based CNNs for landmark localization},
  author={Payer, Christian and {\v{S}}tern, Darko and Bischof, Horst and Urschler, Martin},
  journal={Medical image analysis},
  volume={54},
  pages={207--219},
  year={2019},
  publisher={Elsevier}
}

@article{FARNet,
  title={Feature aggregation and refinement network for 2D anatomical landmark detection},
  author={Ao, Yueyuan and Wu, Hong},
  journal={Journal of Digital Imaging},
  volume={36},
  number={2},
  pages={547--561},
  year={2023},
  publisher={Springer}
}

@inproceedings{utnet,
  title={UTNet: a hybrid transformer architecture for medical image segmentation},
  author={Gao, Yunhe and Zhou, Mu and Metaxas, Dimitris N},
  booktitle={Medical Image Computing and Computer Assisted Intervention--MICCAI 2021: 24th International Conference, Strasbourg, France, September 27--October 1, 2021, Proceedings, Part III 24},
  pages={61--71},
  year={2021},
  organization={Springer}
}

@article{transunet,
  title={Transunet: Transformers make strong encoders for medical image segmentation},
  author={Chen, Jieneng and Lu, Yongyi and Yu, Qihang and Luo, Xiangde and Adeli, Ehsan and Wang, Yan and Lu, Le and Yuille, Alan L and Zhou, Yuyin},
  journal={arXiv preprint arXiv:2102.04306},
  year={2021}
}

@article{nnformer,
  title={nnformer: Interleaved transformer for volumetric segmentation},
  author={Zhou, Hong-Yu and Guo, Jiansen and Zhang, Yinghao and Yu, Lequan and Wang, Liansheng and Yu, Yizhou},
  journal={arXiv preprint arXiv:2109.03201},
  year={2021}
}

@article{SpineHRformer,
  title={SpineHRformer: A Transformer-Based Deep Learning Model for Automatic Spine Deformity Assessment with Prospective Validation},
  author={Zhao, Moxin and Meng, Nan and Cheung, Jason Pui Yin and Yu, Chenxi and Lu, Pengyu and Zhang, Teng},
  journal={Bioengineering},
  volume={10},
  number={11},
  pages={1333},
  year={2023},
  publisher={MDPI}
}

@article{DATR,
  title={Datr: Domain-adaptive transformer for multi-domain landmark detection},
  author={Zhu, Heqin and Yao, Qingsong and Zhou, S Kevin},
  journal={arXiv preprint arXiv:2203.06433},
  year={2022}
}


@inproceedings{HTC,
  title={Anatomical Landmark Detection Using a Multiresolution Learning Approach with a Hybrid Transformer-CNN Model},
  author={Viriyasaranon, Thanaporn and Ma, Serie and Choi, Jang-Hwan},
  booktitle={International Conference on Medical Image Computing and Computer-Assisted Intervention},
  pages={433--443},
  year={2023},
  organization={Springer}
}

@inproceedings{cephalformer,
  title={CephalFormer: incorporating global structure constraint into visual features for general cephalometric landmark detection},
  author={Jiang, Yankai and Li, Yiming and Wang, Xinyue and Tao, Yubo and Lin, Jun and Lin, Hai},
  booktitle={International Conference on Medical Image Computing and Computer-Assisted Intervention},
  pages={227--237},
  year={2022},
  organization={Springer}
}

@inproceedings{Gated,
  title={Medical transformer: Gated axial-attention for medical image segmentation},
  author={Valanarasu, Jeya Maria Jose and Oza, Poojan and Hacihaliloglu, Ilker and Patel, Vishal M},
  booktitle={Medical image computing and computer assisted intervention--MICCAI 2021: 24th international conference, Strasbourg, France, September 27--October 1, 2021, proceedings, part I 24},
  pages={36--46},
  year={2021},
  organization={Springer}
}

@article{regression,
  title={A multi-stage ensemble network system to diagnose adolescent idiopathic scoliosis},
  author={Wu, Chao and Meng, Gedong and Lian, Jie and Xu, Jingxu and Gao, Mingjie and Huang, Chencui and Zhang, Shu and Zhang, Yunfeng and Yu, Yizhou and Wang, Haiyan and others},
  journal={European Radiology},
  volume={32},
  number={9},
  pages={5880--5889},
  year={2022},
  publisher={Springer}
}

@inproceedings{SIFT,
  title={Object recognition from local scale-invariant features},
  author={Lowe, David G},
  booktitle={Proceedings of the seventh IEEE international conference on computer vision},
  volume={2},
  pages={1150--1157},
  year={1999},
  organization={Ieee}
}

@article{ruled1,
  title={Automatic computerized radiographic identification of cephalometric landmarks},
  author={Rudolph, DJ and Sinclair, PM and Coggins, JM},
  journal={American Journal of Orthodontics and Dentofacial Orthopedics},
  volume={113},
  number={2},
  pages={173--179},
  year={1998},
  publisher={Elsevier}
}

@article{ruled2,
  title={Automatic localization of cephalometric landmarks},
  author={Grau, Vicente and Alcaniz, M and Juan, MC and Monserrat, Carlos and Knoll, Christian},
  journal={Journal of Biomedical Informatics},
  volume={34},
  number={3},
  pages={146--156},
  year={2001},
  publisher={Elsevier}
}

@article{template1,
  title={An image processing system for locating craniofacial landmarks},
  author={Cardillo, John and Sid-Ahmed, Maher A},
  journal={IEEE transactions on medical imaging},
  volume={13},
  number={2},
  pages={275--289},
  year={1994},
  publisher={IEEE}
}

@article{template2,
  title={Automatic localization of craniofacial landmarks for assisted cephalometry},
  author={El-Feghi, Idris and Sid-Ahmed, Maher A and Ahmadi, Majid},
  journal={Pattern Recognition},
  volume={37},
  number={3},
  pages={609--621},
  year={2004},
  publisher={Elsevier}
}

@article{AAM,
  title={Automatic cephalometric analysis using active appearance model and simulated annealing},
  author={Saad, AA and El-Bialy, A and Kandil, AH and Sayed, AA},
  journal={ICGST Int J on Graphics, Vision and Image Processing, Special Issue on Image Retrieval and Representation},
  volume={6},
  pages={51--67},
  year={2006},
  publisher={Citeseer}
}

@inproceedings{ASM,
  title={Automated cephalometric landmark identification using shape and local appearance models},
  author={Keustermans, Johannes and Mollemans, Wouter and Vandermeulen, Dirk and Suetens, Paul},
  booktitle={2010 20th International Conference on Pattern Recognition},
  pages={2464--2467},
  year={2010},
  organization={IEEE}
}

@inproceedings{liu,
  title={Search strategies for multiple landmark detection by submodular maximization},
  author={Liu, David and Zhou, Kevin S and Bernhardt, Dominik and Comaniciu, Dorin},
  booktitle={2010 IEEE computer society conference on computer vision and pattern recognition},
  pages={2831--2838},
  year={2010},
  organization={IEEE}
}

@inproceedings{oNeil,
  title={Attaining human-level performance with atlas location autocontext for anatomical landmark detection in 3D CT data},
  author={O'Neil, Alison Q and Kascenas, Antanas and Henry, Joseph and Wyeth, Daniel and Shepherd, Matthew and Beveridge, Erin and Clunie, Lauren and Sansom, Carrie and Seduikyte Keith Muir, Evelina and Poole, Ian},
  booktitle={Proceedings of the European conference on computer vision (ECCV) Workshops},
  year={2018}
}

@inproceedings{chest,
  title={Anatomical landmark detection in chest x-ray images using transformer-based networks},
  author={Kasturi, Akhil and Vosoughi, Ali and Hadjiyski, Nathan and Stockmaster, Larry and Sehnert, William J and Wism{\"u}ller, Axel},
  booktitle={Medical Imaging 2024: Computer-Aided Diagnosis},
  volume={12927},
  pages={647--660},
  year={2024},
  organization={SPIE}
}

@inproceedings{SwinUnet,
  title={Swin-unet: Unet-like pure transformer for medical image segmentation},
  author={Cao, Hu and Wang, Yueyue and Chen, Joy and Jiang, Dongsheng and Zhang, Xiaopeng and Tian, Qi and Wang, Manning},
  booktitle={European conference on computer vision},
  pages={205--218},
  year={2022},
  organization={Springer}
}

@inproceedings{DAT,
  title={Vision transformer with deformable attention},
  author={Xia, Zhuofan and Pan, Xuran and Song, Shiji and Li, Li Erran and Huang, Gao},
  booktitle={Proceedings of the IEEE/CVF conference on computer vision and pattern recognition},
  pages={4794--4803},
  year={2022}
}

@inproceedings{SwinCE,
  title={Swin transformer combined with convolutional encoder for cephalometric landmarks detection},
  author={Yueyuan, Ao and Hong, Wu},
  booktitle={2021 18th International Computer Conference on Wavelet Active Media Technology and Information Processing (ICCWAMTIP)},
  pages={184--187},
  year={2021},
  organization={IEEE}
}

@inproceedings{biformer,
  title={Biformer: Vision transformer with bi-level routing attention},
  author={Zhu, Lei and Wang, Xinjiang and Ke, Zhanghan and Zhang, Wayne and Lau, Rynson WH},
  booktitle={Proceedings of the IEEE/CVF conference on computer vision and pattern recognition},
  pages={10323--10333},
  year={2023}
}

@inproceedings{GU2Net,
  title={You only learn once: Universal anatomical landmark detection},
  author={Zhu, Heqin and Yao, Qingsong and Xiao, Li and Zhou, S Kevin},
  booktitle={Medical Image Computing and Computer Assisted Intervention--MICCAI 2021: 24th International Conference, Strasbourg, France, September 27--October 1, 2021, Proceedings, Part V 24},
  pages={85--95},
  year={2021},
  organization={Springer}
}

@inproceedings{CELDA,
  title={Cephalometric Landmark Detection Across Ages with Prototypical Network},
  author={Wu, Han and Wang, Chong and Mei, Lanzhuju and Yang, Tong and Zhu, Min and Shen, Dinggang and Cui, Zhiming},
  booktitle={International Conference on Medical Image Computing and Computer-Assisted Intervention},
  pages={155--165},
  year={2024},
  organization={Springer}
}


@article{ISBI2015,
  title={A benchmark for comparison of dental radiography analysis algorithms},
  author={Wang, Ching-Wei and Huang, Cheng-Ta and Lee, Jia-Hong and Li, Chung-Hsing and Chang, Sheng-Wei and Siao, Ming-Jhih and Lai, Tat-Ming and Ibragimov, Bulat and Vrtovec, Toma{\v{z}} and Ronneberger, Olaf and others},
  journal={Medical image analysis},
  volume={31},
  pages={63--76},
  year={2016},
  publisher={Elsevier}
}

@article{ISBI2023,
  title={CEPHA29: Automatic Cephalometric Landmark Detection Challenge 2023},
  author={Khalid, Muhammad Anwaar and Zulfiqar, Kanwal and Bashir, Ulfat and Shaheen, Areeba and Iqbal, Rida and Rizwan, Zarnab and Rizwan, Ghina and Fraz, Muhammad Moazam},
  journal={arXiv preprint arXiv:2212.04808},
  year={2022}
}


@article{PELE,
  title={PELE scores: pelvic X-ray landmark detection with pelvis extraction and enhancement},
  author={Huang, Zhen and Li, Han and Shao, Shitong and Zhu, Heqin and Hu, Huijie and Cheng, Zhiwei and Wang, Jianji and Kevin Zhou, S},
  journal={International Journal of Computer Assisted Radiology and Surgery},
  volume={19},
  number={5},
  pages={939--950},
  year={2024},
  publisher={Springer}
}

@article{Pelvic,
  title={A scalable physician-level deep learning algorithm detects universal trauma on pelvic radiographs},
  author={Cheng, Chi-Tung and Wang, Yirui and Chen, Huan-Wu and Hsiao, Po-Meng and Yeh, Chun-Nan and Hsieh, Chi-Hsun and Miao, Shun and Xiao, Jing and Liao, Chien-Hung and Lu, Le},
  journal={Nature communications},
  volume={12},
  number={1},
  pages={1066},
  year={2021},
  publisher={Nature Publishing Group UK London}
}

@inproceedings{CascadeRCNN,
  title={Cascade r-cnn: Delving into high quality object detection},
  author={Cai, Zhaowei and Vasconcelos, Nuno},
  booktitle={Proceedings of the IEEE conference on computer vision and pattern recognition},
  pages={6154--6162},
  year={2018}
}

@article{SRLD-Net,
  title={Revisiting Cephalometric Landmark Detection from the view of Human Pose Estimation with Lightweight Super-Resolution Head},
  author={Wu, Qian and Yeo, Si Yong and Chen, Yufei and Liu, Jun},
  journal={arXiv preprint arXiv:2309.17143},
  year={2023}
}

@article{vaswani2017attention,
  title={Attention is all you need},
  author={Vaswani, A},
  journal={Advances in Neural Information Processing Systems},
  year={2017}
}


@inproceedings{liu2021swin,
  title={Swin transformer: Hierarchical vision transformer using shifted windows},
  author={Liu, Ze and Lin, Yutong and Cao, Yue and Hu, Han and Wei, Yixuan and Zhang, Zheng and Lin, Stephen and Guo, Baining},
  booktitle={Proceedings of the IEEE/CVF international conference on computer vision},
  pages={10012--10022},
  year={2021}
}

@article{VIT,
  title={An image is worth 16x16 words: Transformers for image recognition at scale},
  author={Dosovitskiy, Alexey},
  journal={arXiv preprint arXiv:2010.11929},
  year={2020}
}

@article{zhu2020detr,
  title={Deformable detr: Deformable transformers for end-to-end object detection},
  author={Zhu, Xizhou and Su, Weijie and Lu, Lewei and Li, Bin and Wang, Xiaogang and Dai, Jifeng},
  journal={arXiv preprint arXiv:2010.04159},
  year={2020}
}

@article{ViT-FRCNN,
  title={Toward transformer-based object detection},
  author={Beal, Josh and Kim, Eric and Tzeng, Eric and Park, Dong Huk and Zhai, Andrew and Kislyuk, Dmitry},
  journal={arXiv preprint arXiv:2012.09958},
  year={2020}
}

@article{fasterRCNN,
  title={Faster R-CNN: Towards real-time object detection with region proposal networks},
  author={Ren, Shaoqing and He, Kaiming and Girshick, Ross and Sun, Jian},
  journal={IEEE transactions on pattern analysis and machine intelligence},
  volume={39},
  number={6},
  pages={1137--1149},
  year={2016},
  publisher={IEEE}
}

@article{TAI-zhou-landmark,
  title={Hybrid Attention Network: An efficient approach for anatomy-free landmark detection},
  author={Zhou, Xiaoqian and Huang, Zhen and Zhu, Heqin and Yao, Qingsong and Zhou, S Kevin},
  journal={arXiv preprint arXiv:2412.06499},
  year={2024}
}


@article{vitpose,
  title={Vitpose: Simple vision transformer baselines for human pose estimation},
  author={Xu, Yufei and Zhang, Jing and Zhang, Qiming and Tao, Dacheng},
  journal={Advances in Neural Information Processing Systems},
  volume={35},
  pages={38571--38584},
  year={2022}
}

@inproceedings{yang2021transpose,
  title={Transpose: Keypoint localization via transformer},
  author={Yang, Sen and Quan, Zhibin and Nie, Mu and Yang, Wankou},
  booktitle={Proceedings of the IEEE/CVF international conference on computer vision},
  pages={11802--11812},
  year={2021}
}

@article{shao2023diffuseexpand,
  title={DiffuseExpand: Expanding dataset for 2D medical image segmentation using diffusion models},
  author={Shao, Shitong and Yuan, Xiaohan and Huang, Zhen and Qiu, Ziming and Wang, Shuai and Zhou, Kevin},
  journal={arXiv preprint arXiv:2304.13416},
  year={2023}
}

@inproceedings{huang2024retigan,
  title={RetiGAN: A Hybrid Image Enhancement Method for Medical Images},
  author={Huang, Zhen and Wang, Shiyuan and Hu, Huijie and Xu, Yiyao},
  booktitle={2024 5th International Conference on Computer Vision, Image and Deep Learning (CVIDL)},
  pages={25--29},
  year={2024},
  organization={IEEE}
}

@article{MP-landmark1,
  title={Multimodal medical image fusion towards future research: A review},
  author={Khan, Sajid Ullah and Khan, Mir Ahmad and Azhar, Muhammad and Khan, Faheem and Lee, Youngmoon and Javed, Muhammad},
  journal={Journal of King Saud University-Computer and Information Sciences},
  volume={35},
  number={8},
  pages={101733},
  year={2023},
  publisher={Elsevier}
}

@article{MP-landmark2,
  title={A vessel bifurcation liver CT landmark pair dataset for evaluating deformable image registration algorithms},
  author={Zhang, Zhendong and Criscuolo, Edward Robert and Hao, Yao and McKeown, Trevor and Yang, Deshan},
  journal={Medical Physics},
  publisher={Wiley Online Library}
}

@article{MP-landmark3,
  title={Automatic large quantity landmark pairs detection in 4DCT lung images},
  author={Fu, Yabo and Wu, Xue and Thomas, Allan M and Li, Harold H and Yang, Deshan},
  journal={Medical physics},
  volume={46},
  number={10},
  pages={4490--4501},
  year={2019},
  publisher={Wiley Online Library}
}


@article{MP-U-trans1,
  title={High-throughput systolic array-based accelerator for hybrid transformer-CNN networks},
  author={Song, Qingzeng and Dai, Yao and Lu, Hao and Jin, Guanghao},
  journal={Journal of King Saud University-Computer and Information Sciences},
  volume={36},
  number={8},
  pages={102194},
  year={2024},
  publisher={Elsevier}
}

@article{MP-trans1,
  title={DSGA-Net: Deeply separable gated transformer and attention strategy for medical image segmentation network},
  author={Sun, Junding and Zhao, Jiuqiang and Wu, Xiaosheng and Tang, Chaosheng and Wang, Shuihua and Zhang, Yudong},
  journal={Journal of King Saud University-Computer and Information Sciences},
  volume={35},
  number={5},
  pages={101553},
  year={2023},
  publisher={Elsevier}
}

@article{MP-U-atten3,
  title={SwinUNeLCsT: Global--local spatial representation learning with hybrid CNN--transformer for efficient tuberculosis lung cavity weakly supervised semantic segmentation},
  author={Tan, Zhuoyi and Madzin, Hizmawati and Norafida, Bahari and Rahmat, Rahmita Wirza OK and Khalid, Fatimah and Sulaiman, Puteri Suhaiza},
  journal={Journal of King Saud University-Computer and Information Sciences},
  volume={36},
  number={4},
  pages={102012},
  year={2024},
  publisher={Elsevier}
}

@article{MP-swin1,
  title={Picking point identification and localization method based on swin-transformer for high-quality tea},
  author={Pan, Zhiyao and Gu, Jinan and Wang, Wenbo and Fang, Xinling and Xia, Zilin and Wang, Qihang and Wang, Mengni},
  journal={Journal of King Saud University-Computer and Information Sciences},
  volume={36},
  number={10},
  pages={102262},
  year={2024},
  publisher={Elsevier}
}

@article{MP-trans2,
  title={SwinUNeLCsT: Global--local spatial representation learning with hybrid CNN--transformer for efficient tuberculosis lung cavity weakly supervised semantic segmentation},
  author={Tan, Zhuoyi and Madzin, Hizmawati and Norafida, Bahari and Rahmat, Rahmita Wirza OK and Khalid, Fatimah and Sulaiman, Puteri Suhaiza},
  journal={Journal of King Saud University-Computer and Information Sciences},
  volume={36},
  number={4},
  pages={102012},
  year={2024},
  publisher={Elsevier}
}


@article{MP-seg-trans1,
  title={CFNet: Cross-scale fusion network for medical image segmentation},
  author={Benabid, Amina and Yuan, Jing and Elhassan, Mohammed AM and Benabid, Douaa},
  journal={Journal of King Saud University-Computer and Information Sciences},
  volume={36},
  number={7},
  pages={102123},
  year={2024},
  publisher={Elsevier}
}

@article{MP-U-trans2,
  title={Swformer: a scale-wise hybrid cnn-transformer network for multi-classes weed segmentation},
  author={Jiang, Hongkui and Chen, Qiupu and Wang, Rujing and Du, Jianming and Chen, Tianjiao},
  journal={Journal of King Saud University-Computer and Information Sciences},
  volume={36},
  number={7},
  pages={102144},
  year={2024},
  publisher={Elsevier}
}


@article{MP-Swin-u1,
  title={Augmented Transformer network for MRI brain tumor segmentation},
  author={Zhang, Muqing and Liu, Dongwei and Sun, Qiule and Han, Yutong and Liu, Bin and Zhang, Jianxin and Zhang, Mingli},
  journal={Journal of King Saud University-Computer and Information Sciences},
  volume={36},
  number={1},
  pages={101917},
  year={2024},
  publisher={Elsevier}
}

@article{MP-atten-seg1,
  title={ParaU-Net: An improved UNet parallel coding network for lung nodule segmentation},
  author={Lu, Yingqi and Fan, Xiangsuo and Wang, Jinfeng and Chen, Shaojun and Meng, Jie},
  journal={Journal of King Saud University-Computer and Information Sciences},
  volume={36},
  number={9},
  pages={102203},
  year={2024},
  publisher={Elsevier}
}

@article{MP-atten-hybrid2,
  title={High-throughput systolic array-based accelerator for hybrid transformer-CNN networks},
  author={Song, Qingzeng and Dai, Yao and Lu, Hao and Jin, Guanghao},
  journal={Journal of King Saud University-Computer and Information Sciences},
  volume={36},
  number={8},
  pages={102194},
  year={2024},
  publisher={Elsevier}
}

@article{MP-regis-1-trans,
  title={Diffeomorphic transformer-based abdomen MRI-CT deformable image registration},
  author={Lei, Yang and Matkovic, Luke A and Roper, Justin and Wang, Tonghe and Zhou, Jun and Ghavidel, Beth and McDonald, Mark and Patel, Pretesh and Yang, Xiaofeng},
  journal={Medical Physics},
  year={2024},
  publisher={Wiley Online Library}
}


@article{MP-hybrid-2,
  title={A hybrid model of ghost-convolution enlightened transformer for effective diagnosis of grape leaf disease and pest},
  author={Lu, Xiangyu and Yang, Rui and Zhou, Jun and Jiao, Jie and Liu, Fei and Liu, Yufei and Su, Baofeng and Gu, Peiwen},
  journal={Journal of King Saud University-Computer and Information Sciences},
  volume={34},
  number={5},
  pages={1755--1767},
  year={2022},
  publisher={Elsevier}
}


@article{MP-seg-trans2,
  title={Leukocyte segmentation based on DenseREU-Net},
  author={Meng, Jie and Lu, Yingqi and He, Wangjiao and Fan, Xiangsuo and Zhou, Gechen and Wei, Hongjian},
  journal={Journal of King Saud University-Computer and Information Sciences},
  volume={36},
  number={10},
  pages={102236},
  year={2024},
  publisher={Elsevier}
}



@article{MP-hybrid4,
  title={GAIR-U-Net: 3D guided attention inception residual u-net for brain tumor segmentation using multimodal MRI images},
  author={Rutoh, Evans Kipkoech and Guang, Qin Zhi and Bahadar, Noor and Raza, Rehan and Hanif, Muhammad Shehzad},
  journal={Journal of King Saud University-Computer and Information Sciences},
  pages={102086},
  year={2024},
  publisher={Elsevier}
}

@article{MP-seg-trans3,
  title={RailSegVITNet: A lightweight VIT-based real-time track surface segmentation network for improving railroad safety},
  author={Chen, Zhichao and Yang, Jie and Zhou, Fazhu},
  journal={Journal of King Saud University-Computer and Information Sciences},
  volume={36},
  number={1},
  pages={101929},
  year={2024},
  publisher={Elsevier}
}

@article{MP-hybrid5,
  title={BiTNet: a lightweight object detection network for real-time classroom behavior recognition with transformer and bi-directional pyramid network},
  author={Zhao, Jinhua and Zhu, Hongye and Niu, Lei},
  journal={Journal of King Saud University-Computer and Information Sciences},
  volume={35},
  number={8},
  pages={101670},
  year={2023},
  publisher={Elsevier}
}

@article{MP-hybrid6,
  title={Advance brain tumor segmentation using feature fusion methods with deep U-Net model with CNN for MRI data},
  author={Nizamani, Abdul Haseeb and Chen, Zhigang and Nizamani, Ahsan Ahmed and Bhatti, Uzair Aslam},
  journal={Journal of King Saud University-Computer and Information Sciences},
  volume={35},
  number={9},
  pages={101793},
  year={2023},
  publisher={Elsevier}
}

@article{mp-CNN+ATTEn1,
  title={BiCHAT: BiLSTM with deep CNN and hierarchical attention for hate speech detection},
  author={Khan, Shakir and Fazil, Mohd and Sejwal, Vineet Kumar and Alshara, Mohammed Ali and Alotaibi, Reemiah Muneer and Kamal, Ashraf and Baig, Abdul Rauf},
  journal={Journal of King Saud University-Computer and Information Sciences},
  volume={34},
  number={7},
  pages={4335--4344},
  year={2022},
  publisher={Elsevier}
}


@article{MP-diag1,
  title={Efficient and privacy-preserving multi-party skyline queries in online medical primary diagnosis},
  author={Hao, Wanjun and Liu, Shuqin and Lv, Chunyang and Wang, Yunling and Wang, Jianfeng},
  journal={Journal of King Saud University-Computer and Information Sciences},
  volume={35},
  number={8},
  pages={101637},
  year={2023},
  publisher={Elsevier}
}

@article{MP-diag2,
  title={A novel evolutionary ensemble prediction model using harmony search and stacking for diabetes diagnosis},
  author={Zhang, Zaiheng and Lu, Yanjie and Ye, Mingtao and Huang, Wanyu and Jin, Lixu and Zhang, Guodao and Ge, Yisu and Baghban, Alireza and Zhang, Qiwen and Wang, Haiou and others},
  journal={Journal of King Saud University-Computer and Information Sciences},
  volume={36},
  number={1},
  pages={101873},
  year={2024},
  publisher={Elsevier}
}

@article{MP-diag3,
  title={CAS: Breast cancer diagnosis framework based on lesion region recognition in ultrasound images},
  author={Yi, Sanli and Chen, Ziyan and Yi, Lunzhao and She, Furong},
  journal={Journal of King Saud University-Computer and Information Sciences},
  volume={35},
  number={8},
  pages={101707},
  year={2023},
  publisher={Elsevier}
}

@article{MP-seg5,
  title={CRNet: Cascaded Refinement Network for polyp segmentation},
  author={Wen, Xiaolan and Zhang, Anwen and Lin, Chuan and Pang, Xintao},
  journal={Journal of King Saud University-Computer and Information Sciences},
  volume={36},
  number={10},
  pages={102250},
  year={2024},
  publisher={Elsevier}
}

@article{MP-seg6,
  title={MDFU-Net: multiscale dilated features up-sampling network for accurate segmentation of tumor from heterogeneous brain data},
  author={Sultan, Haseeb and Owais, Muhammad and Nam, Se Hyun and Haider, Adnan and Akram, Rehan and Usman, Muhammad and Park, Kang Ryoung},
  journal={Journal of King Saud University-Computer and Information Sciences},
  volume={35},
  number={5},
  pages={101560},
  year={2023},
  publisher={Elsevier}
}


@article{hz1-shao2023diffuseexpand,
  title={DiffuseExpand: Expanding dataset for 2D medical image segmentation using diffusion models},
  author={Shao, Shitong and Yuan, Xiaohan and Huang, Zhen and Qiu, Ziming and Wang, Shuai and Zhou, Kevin},
  journal={arXiv preprint arXiv:2304.13416},
  year={2023}
}


@inproceedings{hz2-huang2024retigan,
  title={RetiGAN: A Hybrid Image Enhancement Method for Medical Images},
  author={Huang, Zhen and Wang, Shiyuan and Hu, Huijie and Xu, Yiyao},
  booktitle={2024 5th International Conference on Computer Vision, Image and Deep Learning (CVIDL)},
  pages={25--29},
  year={2024},
  organization={IEEE}
}


@article{MP-plan1,
  title={Breast radiotherapy planning: A decision-making framework using deep learning},
  author={Gallego, Pedro and Ambroa, Eva and P{\'e}rezAlija, Jaime and Jornet, Nuria and Anson, Cristina and Tejedor, Natalia and Vivancos, Helena and Ruiz, Agust and Barcel{\'o}, Marta and Dominguez, Alejandro and others},
  journal={Medical Physics},
  year={2024},
  publisher={Wiley Online Library}
}

@article{MP-recons1,
  title={MMD-Net: Image domain multi-material decomposition network for dual-energy CT imaging},
  author={Zhu, Jiongtao and Zhang, Xin and Su, Ting and Cui, Han and Tan, Yuhang and Huang, Hao and Guo, Jinchuan and Zheng, Hairong and Liang, Dong and Wu, Guangyao and others},
  journal={Medical Physics},
  publisher={Wiley Online Library}
}
@article{HE202115,
title = {Cephalometric landmark detection by considering translational invariance in the two-stage framework},
journal = {Neurocomputing},
volume = {464},
pages = {15-26},
year = {2021},
issn = {0925-2312},
doi = {https://doi.org/10.1016/j.neucom.2021.08.042},
url = {https://www.sciencedirect.com/science/article/pii/S0925231221012261},
author = {Tao He and Jie Yao and Weidong Tian and Zhang Yi and Wei Tang and Jixiang Guo},
keywords = {Deep convolutional neural networks, Translational invariance, Cephalometric landmark detection},
abstract = {Recently, intelligent cephalometric landmark detection systems that employ deep convolutional neural networks (DCNNs) have been widely developed. In this paper, we concentrate on two challenging difficulties of DCNNs based cephalometric landmark detection. First, previous DCNN methods usually decreased the resolution of high-resolution cephalometric images. Hence, the trained DCNNs missed the detailed local features of original images. Moreover, the detected landmarksâ€™ locations were recovered using a fixed ratio, so location error was increased after recovery. Second, the performance of cephalometric landmark detection is dependent on DCNNsâ€™ translational invariance because the target landmarksâ€™ locations are influenced by any shift of the cephalometric images. However, modern DCNNs have limited translational invariance, and previous DCNN methods did not take translational invariance into consideration. In this paper, we developed the widely used two-stage framework to resolve the above two challenges. In the first stage, we train a global detection network, which receives the whole images as input, to generate candidate landmarks. In the second stage, we split the input image into patches and train a local refine network, which receives image patches as input, to refine the landmarksâ€™ locations. The proposed local refine network can produce accurate landmarksâ€™ locations because it entirely focuses on the detailed local features of high-resolution cephalometric images. The global detection network and local refine network are structured with translational invariance as their primary consideration. The proposed method achieved robust performance on a private dataset and the public Automatic Cephalometric X-ray Landmark Detection Challenge 2015 dataset.}
}

@article{Zhang2019ContextguidedFC,
  title={Context-guided fully convolutional networks for joint craniomaxillofacial bone segmentation and landmark digitization},
  author={Jun Zhang and Mingxia Liu and Li Wang and Si Chen and Peng Yuan and Jianfu Li and Steve Guo-Fang Shen and Zhen Tang and Ken Chung Chen and James J. Xia and Dinggang Shen},
  journal={Medical image analysis},
  year={2019},
  volume={60},
  pages={
          101621
        },
  url={https://api.semanticscholar.org/CorpusID:209166766}
}