@inproceedings{arnab2021vivit,
  title={Vivit: A video vision transformer},
  author={Arnab, Anurag and Dehghani, Mostafa and Heigold, Georg and Sun, Chen and Lu{\v{c}}i{\'c}, Mario and Schmid, Cordelia},
  booktitle={Proceedings of the IEEE/CVF International Conference on Computer Vision},
  pages={6836--6846},
  year={2021}
}

@article{baniya2023omnidirectional,
  title={Omnidirectional video super-resolution using deep learning},
  author={Baniya, Arbind Agrahari and Lee, Tsz-Kwan and Eklund, Peter W and Aryal, Sunil},
  journal={IEEE Transactions on Multimedia},
  volume={26},
  pages={540--554},
  year={2023},
  publisher={IEEE}
}

@inproceedings{chan2021basicvsr,
  title={Basicvsr: The search for essential components in video super-resolution and beyond},
  author={Chan, Kelvin CK and Wang, Xintao and Yu, Ke and Dong, Chao and Loy, Chen Change},
  booktitle={Proceedings of the IEEE/CVF Conference on Computer Vision and Pattern Recognition},
  pages={4947--4956},
  year={2021}
}

@inproceedings{chan2022basicvsr++,
  title={Basicvsr++: Improving video super-resolution with enhanced propagation and alignment},
  author={Chan, Kelvin CK and Zhou, Shangchen and Xu, Xiangyu and Loy, Chen Change},
  booktitle={Proceedings of the IEEE/CVF Conference on Computer Vision and Pattern Recognition},
  pages={5972--5981},
  year={2022}
}

@inproceedings{chen2020simple,
  title={A simple framework for contrastive learning of visual representations},
  author={Chen, Ting and Kornblith, Simon and Norouzi, Mohammad and Hinton, Geoffrey},
  booktitle={International Conference on Machine Learning},
  pages={1597--1607},
  year={2020},
  organization={PMLR}
}

@article{chen2021compressed,
  title={Compressed domain deep video super-resolution},
  author={Chen, Peilin and Yang, Wenhan and Wang, Meng and Sun, Long and Hu, Kangkang and Wang, Shiqi},
  journal={IEEE Transactions on Image Processing},
  volume={30},
  pages={7156--7169},
  year={2021},
  publisher={IEEE}
}

@inproceedings{chen2022unpaired,
  title={Unpaired deep image deraining using dual contrastive learning},
  author={Chen, Xiang and Pan, Jinshan and Jiang, Kui and Li, Yufeng and Huang, Yufeng and Kong, Caihua and Dai, Longgang and Fan, Zhentao},
  booktitle={Proceedings of the IEEE/CVF Conference on Computer Vision and Pattern Recognition},
  pages={2017--2026},
  year={2022}
}

@inproceedings{chen2023gaussian,
  title={Gaussian Mask Guided Attention for Compressed Video Super Resolution},
  author={Chen, Lu},
  booktitle={IEEE 2023 20th International Computer Conference on Wavelet Active Media Technology and Information Processing},
  pages={1--6},
  year={2023}
}

@inproceedings{chen2024learning,
  title={Learning Spatial Adaptation and Temporal Coherence in Diffusion Models for Video Super-Resolution},
  author={Chen, Zhikai and Long, Fuchen and Qiu, Zhaofan and Yao, Ting and Zhou, Wengang and Luo, Jiebo and Mei, Tao},
  booktitle={Proceedings of the IEEE/CVF Conference on Computer Vision and Pattern Recognition},
  pages={9232--9241},
  year={2024}
}

@article{conde2024aim,
  title={AIM 2024 challenge on efficient video super-resolution for av1 compressed content},
  author={Conde, Marcos V and Lei, Zhijun and Li, Wen and Bampis, Christos and Katsavounidis, Ioannis and Timofte, Radu},
  journal={arXiv preprint arXiv:2409.17256},
  year={2024}
}

@inproceedings{dai2017deformable,
  title={Deformable convolutional networks},
  author={Dai, Jifeng and Qi, Haozhi and Xiong, Yuwen and Li, Yi and Zhang, Guodong and Hu, Han and Wei, Yichen},
  booktitle={Proceedings of the IEEE International Conference on Computer Vision},
  pages={764--773},
  year={2017}
}

@inproceedings{dong2023dfvsr,
  title={DFVSR: Directional Frequency Video Super-Resolution via Asymmetric and Enhancement Alignment Network.},
  author={Dong, Shuting and Lu, Feng and Wu, Zhe and Yuan, Chun},
  booktitle={Proceedings of the International Joint Conferences on Artificial Intelligence},
  pages={681--689},
  year={2023}
}

@inproceedings{fuoli2021fourier,
  title={Fourier space losses for efficient perceptual image super-resolution},
  author={Fuoli, Dario and Van Gool, Luc and Timofte, Radu},
  booktitle={Proceedings of the IEEE/CVF International Conference on Computer Vision},
  pages={2360--2369},
  year={2021}
}

@article{han2020self,
  title={Self-supervised co-training for video representation learning},
  author={Han, Tengda and Xie, Weidi and Zisserman, Andrew},
  journal={Advances in Neural Information Processing systems},
  volume={33},
  pages={5679--5690},
  year={2020}
}

@inproceedings{he2020momentum,
  title={Momentum contrast for unsupervised visual representation learning},
  author={He, Kaiming and Fan, Haoqi and Wu, Yuxin and Xie, Saining and Girshick, Ross},
  booktitle={Proceedings of the IEEE/CVF Conference on Computer Vision and Pattern Recognition},
  pages={9729--9738},
  year={2020}
}

@article{he2021fm,
  title={FM-VSR: Feature Multiplexing Video Super-Resolution for Compressed Video},
  author={He, Gang and Wu, Shan and Pei, Simin and Xu, Li and Wu, Chang and Xu, Kepeng and Li, Yunsong},
  journal={IEEE Access},
  volume={9},
  pages={88060--88068},
  year={2021},
  publisher={IEEE}
}

@article{ho2022video,
  title={Video diffusion models},
  author={Ho, Jonathan and Salimans, Tim and Gritsenko, Alexey and Chan, William and Norouzi, Mohammad and Fleet, David J},
  journal={Advances in Neural Information Processing Systems},
  volume={35},
  pages={8633--8646},
  year={2022}
}

@article{hu2023lamd,
  title={Lamd: Latent motion diffusion for video generation},
  author={Hu, Yaosi and Chen, Zhenzhong and Luo, Chong},
  journal={arXiv preprint arXiv:2304.11603},
  year={2023}
}

@inproceedings{jiang2021focal,
  title={Focal frequency loss for image reconstruction and synthesis},
  author={Jiang, Liming and Dai, Bo and Wu, Wayne and Loy, Chen Change},
  booktitle={Proceedings of the IEEE/CVF International Conference on Computer Vision},
  pages={13919--13929},
  year={2021}
}

@article{lai2018fast,
  title={Fast and accurate image super-resolution with deep laplacian pyramid networks},
  author={Lai, Wei-Sheng and Huang, Jia-Bin and Ahuja, Narendra and Yang, Ming-Hsuan},
  journal={IEEE Transactions on Pattern Analysis and Machine Intelligence},
  volume={41},
  number={11},
  pages={2599--2613},
  year={2018},
  publisher={IEEE}
}

@inproceedings{lee2021iterative,
  title={Iterative filter adaptive network for single image defocus deblurring},
  author={Lee, Junyong and Son, Hyeongseok and Rim, Jaesung and Cho, Sunghyun and Lee, Seungyong},
  booktitle={Proceedings of the IEEE/CVF Conference on Computer Vision and Pattern Recognition},
  pages={2034--2042},
  year={2021}
}

@inproceedings{li2021comisr,
  title={Comisr: Compression-informed video super-resolution},
  author={Li, Yinxiao and Jin, Pengchong and Yang, Feng and Liu, Ce and Yang, Ming-Hsuan and Milanfar, Peyman},
  booktitle={Proceedings of the IEEE/CVF International Conference on Computer Vision},
  pages={2543--2552},
  year={2021}
}

@inproceedings{li2023multi,
  title={Multi-frequency representation enhancement with privilege information for video super-resolution},
  author={Li, Fei and Zhang, Linfeng and Liu, Zikun and Lei, Juan and Li, Zhenbo},
  booktitle={Proceedings of the IEEE/CVF International Conference on Computer Vision},
  pages={12814--12825},
  year={2023}
}

@inproceedings{liang2022semantically,
  title={Semantically contrastive learning for low-light image enhancement},
  author={Liang, Dong and Li, Ling and Wei, Mingqiang and Yang, Shuo and Zhang, Liyan and Yang, Wenhan and Du, Yun and Zhou, Huiyu},
  booktitle={Proceedings of the AAAI Conference on Artificial Intelligence},
  volume={36},
  number={2},
  pages={1555--1563},
  year={2022}
}

@article{liang2024vrt,
  title={Vrt: A video restoration transformer},
  author={Liang, Jingyun and Cao, Jiezhang and Fan, Yuchen and Zhang, Kai and Ranjan, Rakesh and Li, Yawei and Timofte, Radu and Van Gool, Luc},
  journal={IEEE Transactions on Image Processing},
  year={2024},
  publisher={IEEE}
}

@article{liu2013bayesian,
  title={On Bayesian adaptive video super resolution},
  author={Liu, Ce and Sun, Deqing},
  journal={IEEE Transactions on Pattern Analysis and Machine Intelligence},
  volume={36},
  number={2},
  pages={346--360},
  year={2013},
  publisher={IEEE}
}

@inproceedings{liu2021divco,
  title={Divco: Diverse conditional image synthesis via contrastive generative adversarial network},
  author={Liu, Rui and Ge, Yixiao and Choi, Ching Lam and Wang, Xiaogang and Li, Hongsheng},
  booktitle={Proceedings of the IEEE/CVF Conference on Computer Vision and Pattern Recognition},
  pages={16377--16386},
  year={2021}
}

@inproceedings{liu2022learning,
  title={Learning trajectory-aware transformer for video super-resolution},
  author={Liu, Chengxu and Yang, Huan and Fu, Jianlong and Qian, Xueming},
  booktitle={Proceedings of the IEEE/CVF Conference on Computer Vision and Pattern Recognition},
  pages={5687--5696},
  year={2022}
}

@article{liu2022temporal,
  title={Temporal consistency learning of inter-frames for video super-resolution},
  author={Liu, Meiqin and Jin, Shuo and Yao, Chao and Lin, Chunyu and Zhao, Yao},
  journal={IEEE Transactions on Circuits and Systems for Video Technology},
  volume={33},
  number={4},
  pages={1507--1520},
  year={2022},
  publisher={IEEE}
}

@inproceedings{qing2023video,
  title={Video Super-Resolution with Pyramid Flow-Guided Deformable Alignment Network},
  author={Qing, Tao and Ying, Xinyi and Sha, Zhichao and Wu, Jing},
  booktitle={IEEE 2023 3rd International Conference on Electrical Engineering and Mechatronics Technology},
  pages={758--764},
  year={2023},
}

@inproceedings{qiu2022learning,
  title={Learning spatiotemporal frequency-transformer for compressed video super-resolution},
  author={Qiu, Zhongwei and Yang, Huan and Fu, Jianlong and Fu, Dongmei},
  booktitle={European Conference on Computer Vision},
  pages={257--273},
  year={2022},
  organization={Springer}
}

@article{qiu2023learning,
  title={Learning Degradation-Robust Spatiotemporal Frequency-Transformer for Video Super-Resolution},
  author={Qiu, Zhongwei and Yang, Huan and Fu, Jianlong and Liu, Daochang and Xu, Chang and Fu, Dongmei},
  journal={IEEE Transactions on Pattern Analysis and Machine Intelligence},
  pages={14888-14904},
  year={2023},
  publisher={IEEE}
}

@inproceedings{ranjan2017optical,
  title={Optical flow estimation using a spatial pyramid network},
  author={Ranjan, Anurag and Black, Michael J},
  booktitle={Proceedings of the IEEE Conference on Computer Vision and Pattern Recognition},
  pages={4161--4170},
  year={2017}
}

@article{tang2023ctvsr,
  title={CTVSR: Collaborative Spatial-Temporal Transformer for Video Super-Resolution},
  author={Tang, Jun and Lu, Chenyan and Liu, Zhengxue and Li, Jiale and Dai, Hang and Ding, Yong},
  journal={IEEE Transactions on Circuits and Systems for Video Technology},
  year={2023},
  publisher={IEEE}
}

@inproceedings{teed2020raft,
  title={Raft: Recurrent all-pairs field transforms for optical flow},
  author={Teed, Zachary and Deng, Jia},
  booktitle={Proceedings of the European Conference on Computer Vision},
  pages={402--419},
  year={2020},
}

@article{tian2020makes,
  title={What makes for good views for contrastive learning?},
  author={Tian, Yonglong and Sun, Chen and Poole, Ben and Krishnan, Dilip and Schmid, Cordelia and Isola, Phillip},
  journal={Advances in Neural Information Processing systems},
  volume={33},
  pages={6827--6839},
  year={2020}
}

@inproceedings{tian2020tdan,
  title={Tdan: Temporally-deformable alignment network for video super-resolution},
  author={Tian, Yapeng and Zhang, Yulun and Fu, Yun and Xu, Chenliang},
  booktitle={Proceedings of the IEEE/CVF Conference on Computer Vision and Pattern Recognition},
  pages={3360--3369},
  year={2020}
}

@inproceedings{wang2019edvr,
  title={Edvr: Video restoration with enhanced deformable convolutional networks},
  author={Wang, Xintao and Chan, Kelvin CK and Yu, Ke and Dong, Chao and Change Loy, Chen},
  booktitle={Proceedings of the IEEE/CVF Conference on Computer Vision and Pattern Recognition Workshops},
  pages={1954-1963},
  year={2019}
}

@article{wang2020deep,
  title={Deep high-resolution representation learning for visual recognition},
  author={Wang, Jingdong and Sun, Ke and Cheng, Tianheng and Jiang, Borui and Deng, Chaorui and Zhao, Yang and Liu, Dong and Mu, Yadong and Tan, Mingkui and Wang, Xinggang and others},
  journal={IEEE Transactions on Pattern Analysis and Machine Intelligence},
  volume={43},
  number={10},
  pages={3349--3364},
  year={2020},
  publisher={IEEE}
}

@inproceedings{wang2023compression,
  title={Compression-aware video super-resolution},
  author={Wang, Yingwei and Isobe, Takashi and Jia, Xu and Tao, Xin and Lu, Huchuan and Tai, Yu-Wing},
  booktitle={Proceedings of the IEEE/CVF Conference on Computer Vision and Pattern Recognition},
  pages={2012--2021},
  year={2023}
}

@inproceedings{wu2021contrastive,
  title={Contrastive learning for compact single image dehazing},
  author={Wu, Haiyan and Qu, Yanyun and Lin, Shaohui and Zhou, Jian and Qiao, Ruizhi and Zhang, Zhizhong and Xie, Yuan and Ma, Lizhuang},
  booktitle={Proceedings of the IEEE/CVF Conference on Computer Vision and Pattern Recognition},
  pages={10551--10560},
  year={2021}
}

@inproceedings{xia2022efficient,
  title={Efficient non-local contrastive attention for image super-resolution},
  author={Xia, Bin and Hang, Yucheng and Tian, Yapeng and Yang, Wenming and Liao, Qingmin and Zhou, Jie},
  booktitle={Proceedings of the AAAI Conference on Artificial Intelligence},
  volume={36},
  number={3},
  pages={2759--2767},
  year={2022}
}

@article{xiao2023online,
  title={Online video super-resolution with convolutional kernel bypass grafts},
  author={Xiao, Jun and Jiang, Xinyang and Zheng, Ningxin and Yang, Huan and Yang, Yifan and Yang, Yuqing and Li, Dongsheng and Lam, Kin-Man},
  journal={IEEE Transactions on Multimedia},
  volume={25},
  pages={8972--8987},
  year={2023},
  publisher={IEEE}
}

@article{xiong2010robust,
  title={Robust web image/video super-resolution},
  author={Xiong, Zhiwei and Sun, Xiaoyan and Wu, Feng},
  journal={IEEE Transactions on Image Processing},
  volume={19},
  number={8},
  pages={2017--2028},
  year={2010},
  publisher={IEEE}
}

@article{xu2014deep,
  title={Deep convolutional neural network for image deconvolution},
  author={Xu, Li and Ren, Jimmy S and Liu, Ce and Jia, Jiaya},
  journal={Advances in Neural Information Processing Systems},
  volume={27},
  year={2014}
}

@article{xue2019video,
  title={Video enhancement with task-oriented flow},
  author={Xue, Tianfan and Chen, Baian and Wu, Jiajun and Wei, Donglai and Freeman, William T},
  journal={International Journal of Computer Vision},
  volume={127},
  pages={1106--1125},
  year={2019},
  publisher={Springer}
}

@inproceedings{yang2025motion,
  title={Motion-guided latent diffusion for temporally consistent real-world video super-resolution},
  author={Yang, Xi and He, Chenhang and Ma, Jianqi and Zhang, Lei},
  booktitle={European Conference on Computer Vision},
  pages={224--242},
  year={2025},
  organization={Springer}
}

@article{yi2019multi,
  title={Multi-temporal ultra dense memory network for video super-resolution},
  author={Yi, Peng and Wang, Zhongyuan and Jiang, Kui and Shao, Zhenfeng and Ma, Jiayi},
  journal={IEEE Transactions on Circuits and Systems for Video Technology},
  volume={30},
  number={8},
  pages={2503--2516},
  year={2019},
  publisher={IEEE}
}

@inproceedings{zhang2022codec,
  title={A codec information assisted framework for efficient compressed video super-resolution},
  author={Zhang, Hengsheng and Zou, Xueyi and Guo, Jiaming and Yan, Youliang and Xie, Rong and Song, Li},
  booktitle={European Conference on Computer Vision},
  pages={220--235},
  year={2022},
}

@article{zhang2023multi,
  title={Multi-scale video super-resolution transformer with polynomial approximation},
  author={Zhang, Fan and Chen, Gongguan and Wang, Hua and Li, Jinjiang and Zhang, Caiming},
  journal={IEEE Transactions on Circuits and Systems for Video Technology},
  volume={33},
  number={9},
  pages={4496--4506},
  year={2023},
  publisher={IEEE}
}

@inproceedings{zhou2024upscale,
  title={Upscale-A-Video: Temporal-Consistent Diffusion Model for Real-World Video Super-Resolution},
  author={Zhou, Shangchen and Yang, Peiqing and Wang, Jianyi and Luo, Yihang and Loy, Chen Change},
  booktitle={Proceedings of the IEEE/CVF Conference on Computer Vision and Pattern Recognition},
  pages={2535--2545},
  year={2024}
}

@inproceedings{zhou2024video,
  title={Video Super-Resolution Transformer with Masked Inter\&Intra-Frame Attention},
  author={Zhou, Xingyu and Zhang, Leheng and Zhao, Xiaorui and Wang, Keze and Li, Leida and Gu, Shuhang},
  booktitle={Proceedings of the IEEE/CVF Conference on Computer Vision and Pattern Recognition},
  pages={25399--25408},
  year={2024}
}

@inproceedings{zhu2019deformable,
  title={Deformable convnets v2: More deformable, better results},
  author={Zhu, Xizhou and Hu, Han and Lin, Stephen and Dai, Jifeng},
  booktitle={Proceedings of the IEEE/CVF Conference on Computer Vision and Pattern Recognition},
  pages={9308--9316},
  year={2019}
}

@article{zhu2022fffn,
  title={FFFN: Frame-by-frame feedback fusion network for video super-resolution},
  author={Zhu, Jian and Zhang, Qingwu and Fei, Lunke and Cai, Ruichu and Xie, Yuan and Sheng, Bin and Yang, Xiaokang},
  journal={IEEE Transactions on Multimedia},
  volume={25},
  pages={6821--6835},
  year={2022},
  publisher={IEEE}
}

@article{zhu2024deep,
  title={Deep Compressed Video Super-Resolution With Guidance of Coding Priors},
  author={Zhu, Qiang and Chen, Feiyu and Liu, Yu and Zhu, Shuyuan and Zeng, Bing},
  journal={IEEE Transactions on Broadcasting},
  year={2024},
  publisher={IEEE}
}

@article{zhu2024dvsrnet,
  title={DVSRNet: Deep Video Super-Resolution Based on Progressive Deformable Alignment and Temporal-Sparse Enhancement},
  author={Zhu, Qiang and Chen, Feiyu and Zhu, Shuyuan and Liu, Yu and Zhou, Xue and Xiong, Ruiqin and Zeng, Bing},
  journal={IEEE Transactions on Neural Networks and Learning Systems},
  year={2024},
  publisher={IEEE}
}

