@article{cheng2020dual,
  title={A dual camera system for high spatiotemporal resolution video acquisition},
  author={Cheng, Ming and Ma, Zhan and Asif, M Salman and Xu, Yiling and Liu, Haojie and Bao, Wenbo and Sun, Jun},
  journal={IEEE Transactions on Pattern Analysis and Machine Intelligence},
  volume={43},
  number={10},
  pages={3275--3291},
  year={2020},
  publisher={IEEE}
}

@article{wang2020deep,
  title={Deep high-resolution representation learning for visual recognition},
  author={Wang, Jingdong and Sun, Ke and Cheng, Tianheng and Jiang, Borui and Deng, Chaorui and Zhao, Yang and Liu, Dong and Mu, Yadong and Tan, Mingkui and Wang, Xinggang and others},
  journal={IEEE Transactions on Pattern Analysis and Machine Intelligence},
  volume={43},
  number={10},
  pages={3349--3364},
  year={2020},
  publisher={IEEE}
}

@article{rebecq2019high,
  title={High speed and high dynamic range video with an event camera},
  author={Rebecq, Henri and Ranftl, Ren{\'e} and Koltun, Vladlen and Scaramuzza, Davide},
  journal={IEEE Transactions on Pattern Analysis and Machine Intelligence},
  volume={43},
  number={6},
  pages={1964--1980},
  year={2019},
  publisher={IEEE}
}


@article{tang2019object,
  title={Object detection in videos by high quality object linking},
  author={Tang, Peng and Wang, Chunyu and Wang, Xinggang and Liu, Wenyu and Zeng, Wenjun and Wang, Jingdong},
  journal={IEEE Transactions on Pattern Analysis and Machine Intelligence},
  volume={42},
  number={5},
  pages={1272--1278},
  year={2019},
  publisher={IEEE}
}

@article{zhou2022transvod,
  title={TransVOD: end-to-end video object detection with spatial-temporal transformers},
  author={Zhou, Qianyu and Li, Xiangtai and He, Lu and Yang, Yibo and Cheng, Guangliang and Tong, Yunhai and Ma, Lizhuang and Tao, Dacheng},
  journal={IEEE Transactions on Pattern Analysis and Machine Intelligence},
  volume={45},
  number={6},
  pages={7853--7869},
  year={2022},
  publisher={IEEE}
}

@article{yin2021graph,
  title={Graph neural network and spatiotemporal transformer attention for 3D video object detection from point clouds},
  author={Yin, Junbo and Shen, Jianbing and Gao, Xin and Crandall, David J and Yang, Ruigang},
  journal={IEEE Transactions on Pattern Analysis and Machine Intelligence},
  volume={45},
  number={8},
  pages={9822--9835},
  year={2021},
  publisher={IEEE}
}

@article{wang2018temporal,
  title={Temporal segment networks for action recognition in videos},
  author={Wang, Limin and Xiong, Yuanjun and Wang, Zhe and Qiao, Yu and Lin, Dahua and Tang, Xiaoou and Van Gool, Luc},
  journal={IEEE Transactions on Pattern Analysis and Machine Intelligence},
  volume={41},
  number={11},
  pages={2740--2755},
  year={2018},
  publisher={IEEE}
}


@article{bruce2022mmnet,
  title={Mmnet: A model-based multimodal network for human action recognition in rgb-d videos},
  author={Bruce, XB and Liu, Yan and Zhang, Xiang and Zhong, Sheng-hua and Chan, Keith CC},
  journal={IEEE Transactions on Pattern Analysis and Machine Intelligence},
  volume={45},
  number={3},
  pages={3522--3538},
  year={2022},
  publisher={IEEE}
}

@article{li2021eye,
  title={In the eye of the beholder: Gaze and actions in first person video},
  author={Li, Yin and Liu, Miao and Rehg, James M},
  journal={IEEE Transactions on Pattern Analysis and Machine Intelligence},
  volume={45},
  number={6},
  pages={6731--6747},
  year={2021},
  publisher={IEEE}
}

@article{yi2020progressive,
  title={A progressive fusion generative adversarial network for realistic and consistent video super-resolution},
  author={Yi, Peng and Wang, Zhongyuan and Jiang, Kui and Jiang, Junjun and Lu, Tao and Ma, Jiayi},
  journal={IEEE Transactions on Pattern Analysis and Machine Intelligence},
  volume={44},
  number={5},
  pages={2264--2280},
  year={2020},
  publisher={IEEE}
}

@article{huang2017video,
  title={Video super-resolution via bidirectional recurrent convolutional networks},
  author={Huang, Yan and Wang, Wei and Wang, Liang},
  journal={IEEE Transactions on Pattern Analysis and Machine Intelligence},
  volume={40},
  number={4},
  pages={1015--1028},
  year={2017},
  publisher={IEEE}
}

@article{yi2019multi,
  title={Multi-temporal ultra dense memory network for video super-resolution},
  author={Yi, Peng and Wang, Zhongyuan and Jiang, Kui and Shao, Zhenfeng and Ma, Jiayi},
  journal={IEEE Transactions on Circuits and Systems for Video Technology},
  volume={30},
  number={8},
  pages={2503--2516},
  year={2019},
  publisher={IEEE}
}


@article{liu2022temporal,
  title={Temporal consistency learning of inter-frames for video super-resolution},
  author={Liu, Meiqin and Jin, Shuo and Yao, Chao and Lin, Chunyu and Zhao, Yao},
  journal={IEEE Transactions on Circuits and Systems for Video Technology},
  volume={33},
  number={4},
  pages={1507--1520},
  year={2022},
  publisher={IEEE}
}

@article{xue2019video,
  title={Video enhancement with task-oriented flow},
  author={Xue, Tianfan and Chen, Baian and Wu, Jiajun and Wei, Donglai and Freeman, William T},
  journal={International Journal of Computer Vision},
  volume={127},
  pages={1106--1125},
  year={2019},
  publisher={Springer}
}

@inproceedings{chan2021basicvsr,
  title={Basicvsr: The search for essential components in video super-resolution and beyond},
  author={Chan, Kelvin CK and Wang, Xintao and Yu, Ke and Dong, Chao and Loy, Chen Change},
  booktitle={Proceedings of the IEEE/CVF Conference on Computer Vision and Pattern Recognition},
  pages={4947--4956},
  year={2021}
}


@inproceedings{tian2020tdan,
  title={Tdan: Temporally-deformable alignment network for video super-resolution},
  author={Tian, Yapeng and Zhang, Yulun and Fu, Yun and Xu, Chenliang},
  booktitle={Proceedings of the IEEE/CVF Conference on Computer Vision and Pattern Recognition},
  pages={3360--3369},
  year={2020}
}


@inproceedings{wang2019edvr,
  title={Edvr: Video restoration with enhanced deformable convolutional networks},
  author={Wang, Xintao and Chan, Kelvin CK and Yu, Ke and Dong, Chao and Change Loy, Chen},
  booktitle={Proceedings of the IEEE/CVF Conference on Computer Vision and Pattern Recognition Workshops},
  pages={1954-1963},
  year={2019}
}


@inproceedings{dai2017deformable,
  title={Deformable convolutional networks},
  author={Dai, Jifeng and Qi, Haozhi and Xiong, Yuwen and Li, Yi and Zhang, Guodong and Hu, Han and Wei, Yichen},
  booktitle={Proceedings of the IEEE International Conference on Computer Vision},
  pages={764--773},
  year={2017}
}


@inproceedings{zhu2019deformable,
  title={Deformable convnets v2: More deformable, better results},
  author={Zhu, Xizhou and Hu, Han and Lin, Stephen and Dai, Jifeng},
  booktitle={Proceedings of the IEEE/CVF Conference on Computer Vision and Pattern Recognition},
  pages={9308--9316},
  year={2019}
}

@inproceedings{chan2022basicvsr++,
  title={Basicvsr++: Improving video super-resolution with enhanced propagation and alignment},
  author={Chan, Kelvin CK and Zhou, Shangchen and Xu, Xiangyu and Loy, Chen Change},
  booktitle={Proceedings of the IEEE/CVF Conference on Computer Vision and Pattern Recognition},
  pages={5972--5981},
  year={2022}
}

@article{ohm2012comparison,
  title={Comparison of the coding efficiency of video coding standardsâ€”including high efficiency video coding (HEVC)},
  author={Ohm, Jens-Rainer and Sullivan, Gary J and Schwarz, Heiko and Tan, Thiow Keng and Wiegand, Thomas},
  journal={IEEE Transactions on Circuits and Systems for Video Technology},
  volume={22},
  number={12},
  pages={1669--1684},
  year={2012},
  publisher={IEEE}
}

@inproceedings{li2021comisr,
  title={Comisr: Compression-informed video super-resolution},
  author={Li, Yinxiao and Jin, Pengchong and Yang, Feng and Liu, Ce and Yang, Ming-Hsuan and Milanfar, Peyman},
  booktitle={Proceedings of the IEEE/CVF International Conference on Computer Vision},
  pages={2543--2552},
  year={2021}
}

@article{chen2021compressed,
  title={Compressed domain deep video super-resolution},
  author={Chen, Peilin and Yang, Wenhan and Wang, Meng and Sun, Long and Hu, Kangkang and Wang, Shiqi},
  journal={IEEE Transactions on Image Processing},
  volume={30},
  pages={7156--7169},
  year={2021},
  publisher={IEEE}
}

@inproceedings{zhang2022codec,
  title={A codec information assisted framework for efficient compressed video super-resolution},
  author={Zhang, Hengsheng and Zou, Xueyi and Guo, Jiaming and Yan, Youliang and Xie, Rong and Song, Li},
  booktitle={European Conference on Computer Vision},
  pages={220--235},
  year={2022},
}


@inproceedings{wang2023compression,
  title={Compression-aware video super-resolution},
  author={Wang, Yingwei and Isobe, Takashi and Jia, Xu and Tao, Xin and Lu, Huchuan and Tai, Yu-Wing},
  booktitle={Proceedings of the IEEE/CVF Conference on Computer Vision and Pattern Recognition},
  pages={2012--2021},
  year={2023}
}

@inproceedings{qiu2022learning,
  title={Learning spatiotemporal frequency-transformer for compressed video super-resolution},
  author={Qiu, Zhongwei and Yang, Huan and Fu, Jianlong and Fu, Dongmei},
  booktitle={European Conference on Computer Vision},
  pages={257--273},
  year={2022},
  organization={Springer}
}

@article{qiu2023learning,
  title={Learning Degradation-Robust Spatiotemporal Frequency-Transformer for Video Super-Resolution},
  author={Qiu, Zhongwei and Yang, Huan and Fu, Jianlong and Liu, Daochang and Xu, Chang and Fu, Dongmei},
  journal={IEEE Transactions on Pattern Analysis and Machine Intelligence},
  pages={14888-14904},
  year={2023},
  publisher={IEEE}
}

@inproceedings{li2023multi,
  title={Multi-frequency representation enhancement with privilege information for video super-resolution},
  author={Li, Fei and Zhang, Linfeng and Liu, Zikun and Lei, Juan and Li, Zhenbo},
  booktitle={Proceedings of the IEEE/CVF International Conference on Computer Vision},
  pages={12814--12825},
  year={2023}
}

@inproceedings{dong2023dfvsr,
  title={DFVSR: Directional Frequency Video Super-Resolution via Asymmetric and Enhancement Alignment Network.},
  author={Dong, Shuting and Lu, Feng and Wu, Zhe and Yuan, Chun},
  booktitle={Proceedings of the International Joint Conferences on Artificial Intelligence},
  pages={681--689},
  year={2023}
}


@inproceedings{lee2021iterative,
  title={Iterative filter adaptive network for single image defocus deblurring},
  author={Lee, Junyong and Son, Hyeongseok and Rim, Jaesung and Cho, Sunghyun and Lee, Seungyong},
  booktitle={Proceedings of the IEEE/CVF Conference on Computer Vision and Pattern Recognition},
  pages={2034--2042},
  year={2021}
}

@article{xu2014deep,
  title={Deep convolutional neural network for image deconvolution},
  author={Xu, Li and Ren, Jimmy S and Liu, Ce and Jia, Jiaya},
  journal={Advances in Neural Information Processing Systems},
  volume={27},
  year={2014}
}

@inproceedings{chen2022unpaired,
  title={Unpaired deep image deraining using dual contrastive learning},
  author={Chen, Xiang and Pan, Jinshan and Jiang, Kui and Li, Yufeng and Huang, Yufeng and Kong, Caihua and Dai, Longgang and Fan, Zhentao},
  booktitle={Proceedings of the IEEE/CVF Conference on Computer Vision and Pattern Recognition},
  pages={2017--2026},
  year={2022}
}

@inproceedings{liang2022semantically,
  title={Semantically contrastive learning for low-light image enhancement},
  author={Liang, Dong and Li, Ling and Wei, Mingqiang and Yang, Shuo and Zhang, Liyan and Yang, Wenhan and Du, Yun and Zhou, Huiyu},
  booktitle={Proceedings of the AAAI Conference on Artificial Intelligence},
  volume={36},
  number={2},
  pages={1555--1563},
  year={2022}
}


@inproceedings{liu2021divco,
  title={Divco: Diverse conditional image synthesis via contrastive generative adversarial network},
  author={Liu, Rui and Ge, Yixiao and Choi, Ching Lam and Wang, Xiaogang and Li, Hongsheng},
  booktitle={Proceedings of the IEEE/CVF Conference on Computer Vision and Pattern Recognition},
  pages={16377--16386},
  year={2021}
}

@inproceedings{wu2021contrastive,
  title={Contrastive learning for compact single image dehazing},
  author={Wu, Haiyan and Qu, Yanyun and Lin, Shaohui and Zhou, Jian and Qiao, Ruizhi and Zhang, Zhizhong and Xie, Yuan and Ma, Lizhuang},
  booktitle={Proceedings of the IEEE/CVF Conference on Computer Vision and Pattern Recognition},
  pages={10551--10560},
  year={2021}
}

@inproceedings{xia2022efficient,
  title={Efficient non-local contrastive attention for image super-resolution},
  author={Xia, Bin and Hang, Yucheng and Tian, Yapeng and Yang, Wenming and Liao, Qingmin and Zhou, Jie},
  booktitle={Proceedings of the AAAI Conference on Artificial Intelligence},
  volume={36},
  number={3},
  pages={2759--2767},
  year={2022}
}


@article{tian2020makes,
  title={What makes for good views for contrastive learning?},
  author={Tian, Yonglong and Sun, Chen and Poole, Ben and Krishnan, Dilip and Schmid, Cordelia and Isola, Phillip},
  journal={Advances in Neural Information Processing systems},
  volume={33},
  pages={6827--6839},
  year={2020}
}


@article{han2020self,
  title={Self-supervised co-training for video representation learning},
  author={Han, Tengda and Xie, Weidi and Zisserman, Andrew},
  journal={Advances in Neural Information Processing systems},
  volume={33},
  pages={5679--5690},
  year={2020}
}

@article{bossen2013common,
  title={Common test conditions and software reference configurations},
  author={Bossen, Frank and others},
  journal={JCTVC-L1100},
  volume={12},
  number={7},
  pages={1},
  year={2013}
}

@article{wang2004image,
  title={Image quality assessment: from error visibility to structural similarity},
  author={Wang, Zhou and Bovik, Alan C and Sheikh, Hamid R and Simoncelli, Eero P},
  journal={IEEE Transactions on Image Processing},
  volume={13},
  number={4},
  pages={600--612},
  year={2004},
  publisher={IEEE}
}

@article{kingma2014adam,
  title={Adam: A method for stochastic optimization},
  author={Kingma, Diederik P},
  journal={arXiv preprint arXiv:1412.6980},
  year={2014}
}

@inproceedings{fan2020scale,
  title={Scale-wise convolution for image restoration},
  author={Fan, Yuchen and Yu, Jiahui and Liu, Ding and Huang, Thomas S},
  booktitle={Proceedings of the AAAI Conference on Artificial Intelligence},
  volume={34},
  number={07},
  pages={10770--10777},
  year={2020}
}

@article{lai2018fast,
  title={Fast and accurate image super-resolution with deep laplacian pyramid networks},
  author={Lai, Wei-Sheng and Huang, Jia-Bin and Ahuja, Narendra and Yang, Ming-Hsuan},
  journal={IEEE Transactions on Pattern Analysis and Machine Intelligence},
  volume={41},
  number={11},
  pages={2599--2613},
  year={2018},
  publisher={IEEE}
}


@article{peixoto2013h,
  title={H. 264/AVC to HEVC video transcoder based on dynamic thresholding and content modeling},
  author={Peixoto, Eduardo and Shanableh, Tamer and Izquierdo, Ebroul},
  journal={IEEE Transactions on Circuits and Systems for Video Technology},
  volume={24},
  number={1},
  pages={99--112},
  year={2013},
  publisher={IEEE}
}


@inproceedings{nah2019ntire,
  title={Ntire 2019 challenge on video deblurring and super-resolution: Dataset and study},
  author={Nah, Seungjun and Baik, Sungyong and Hong, Seokil and Moon, Gyeongsik and Son, Sanghyun and Timofte, Radu and Mu Lee, Kyoung},
  booktitle={Proceedings of the IEEE/CVF Conference on Computer Vision and Pattern Recognition workshops},
  pages={0--0},
  year={2019}
}



@inproceedings{zhang2018image,
  title={Image super-resolution using very deep residual channel attention networks},
  author={Zhang, Yulun and Li, Kunpeng and Li, Kai and Wang, Lichen and Zhong, Bineng and Fu, Yun},
  booktitle={Proceedings of the European Conference on Computer Vision},
  pages={286--301},
  year={2018}
}

@inproceedings{ranjan2017optical,
  title={Optical flow estimation using a spatial pyramid network},
  author={Ranjan, Anurag and Black, Michael J},
  booktitle={Proceedings of the IEEE Conference on Computer Vision and Pattern Recognition},
  pages={4161--4170},
  year={2017}
}

@inproceedings{teed2020raft,
  title={Raft: Recurrent all-pairs field transforms for optical flow},
  author={Teed, Zachary and Deng, Jia},
  booktitle={Proceedings of the European Conference on Computer Vision},
  pages={402--419},
  year={2020},
}

@article{li2018vmaf,
  title={VMAF: The journey continues},
  author={Li, Zhi and Bampis, Christos and Novak, Julie and Aaron, Anne and Swanson, Kyle and Moorthy, Anush and Cock, JD},
  journal={Netflix Technology Blog},
  volume={25},
  number={1},
  year={2018}
}


@article{zamir2022learning,
  title={Learning enriched features for fast image restoration and enhancement},
  author={Zamir, Syed Waqas and Arora, Aditya and Khan, Salman and Hayat, Munawar and Khan, Fahad Shahbaz and Yang, Ming-Hsuan and Shao, Ling},
  journal={IEEE Transactions on Pattern Analysis and Machine Intelligence},
  volume={45},
  number={2},
  pages={1934--1948},
  year={2022},
  publisher={IEEE}
}

@article{afonso2018video,
  title={Video compression based on spatio-temporal resolution adaptation},
  author={Afonso, Mariana and Zhang, Fan and Bull, David R},
  journal={IEEE Transactions on Circuits and Systems for Video Technology},
  volume={29},
  number={1},
  pages={275--280},
  year={2018},
  publisher={IEEE}
}

@inproceedings{chen2020simple,
  title={A simple framework for contrastive learning of visual representations},
  author={Chen, Ting and Kornblith, Simon and Norouzi, Mohammad and Hinton, Geoffrey},
  booktitle={International Conference on Machine Learning},
  pages={1597--1607},
  year={2020},
  organization={PMLR}
}

@inproceedings{he2020momentum,
  title={Momentum contrast for unsupervised visual representation learning},
  author={He, Kaiming and Fan, Haoqi and Wu, Yuxin and Xie, Saining and Girshick, Ross},
  booktitle={Proceedings of the IEEE/CVF Conference on Computer Vision and Pattern Recognition},
  pages={9729--9738},
  year={2020}
}

@article{zheng2024sac,
  title={SAC-RSM: A High-Performance UAV-Side Road Surveillance Model Based on Super-Resolution Assisted Learning},
  author={Zheng, Wenlong and Xu, He and Li, Peng and Wang, Ruchuan and Shao, Xing},
  journal={IEEE Internet of Things Journal},
  year={2024},
  publisher={IEEE}
}

@article{farooq2021human,
  title={Human face super-resolution on poor quality surveillance video footage},
  author={Farooq, Muhammad and Dailey, Matthew N and Mahmood, Arif and Moonrinta, Jednipat and Ekpanyapong, Mongkol},
  journal={Neural Computing and Applications},
  volume={33},
  pages={13505--13523},
  year={2021},
  publisher={Springer}
}

@inproceedings{chen2023cunerf,
  title={CuNeRF: Cube-based neural radiance field for zero-shot medical image arbitrary-scale super resolution},
  author={Chen, Zixuan and Yang, Lingxiao and Lai, Jian-Huang and Xie, Xiaohua},
  booktitle={Proceedings of the IEEE/CVF International Conference on Computer Vision},
  pages={21185--21195},
  year={2023}
}

@article{qiu2023rethinking,
  title={Rethinking Dual-Stream Super-Resolution Semantic Learning in Medical Image Segmentation},
  author={Qiu, Zhongxi and Hu, Yan and Chen, Xiaoshan and Zeng, Dan and Hu, Qingyong and Liu, Jiang},
  journal={IEEE Transactions on Pattern Analysis and Machine Intelligence},
  year={2023},
  publisher={IEEE}
}

@article{kang2023super,
  title={A super-resolution-based feature map compression for machine-oriented video coding},
  author={Kang, Jung-Heum and Ali, Muhammad Salman and Jeong, Hye-Won and Choi, Chang-Kyun and Kim, Younhee and Jeong, Se Yoon and Bae, Sung-Ho and Kim, Hui Yong},
  journal={IEEE Access},
  volume={11},
  pages={34198--34209},
  year={2023},
  publisher={IEEE}
}

@inproceedings{lin2023luma,
  title={Luma-only Resampling-based Video Coding with CNN-Based Super Resolution},
  author={Lin, Chaoyi and Li, Yue and Li, Junru and Zhang, Kai and Zhang, Li},
  booktitle={2023 IEEE International Conference on Visual Communications and Image Processing},
  pages={1--5},
  year={2023},
}


@inproceedings{arnab2021vivit,
  title={Vivit: A video vision transformer},
  author={Arnab, Anurag and Dehghani, Mostafa and Heigold, Georg and Sun, Chen and Lu{\v{c}}i{\'c}, Mario and Schmid, Cordelia},
  booktitle={Proceedings of the IEEE/CVF International Conference on Computer Vision},
  pages={6836--6846},
  year={2021}
}

@inproceedings{wang2018non,
  title={Non-local neural networks},
  author={Wang, Xiaolong and Girshick, Ross and Gupta, Abhinav and He, Kaiming},
  booktitle={Proceedings of the IEEE Conference on Computer Vision and Pattern Recognition},
  pages={7794--7803},
  year={2018}
}


@inproceedings{hu2018squeeze,
  title={Squeeze-and-excitation networks},
  author={Hu, Jie and Shen, Li and Sun, Gang},
  booktitle={Proceedings of the IEEE Conference on Computer Vision and Pattern Recognition},
  pages={7132--7141},
  year={2018}
}

@article{ho2022video,
  title={Video diffusion models},
  author={Ho, Jonathan and Salimans, Tim and Gritsenko, Alexey and Chan, William and Norouzi, Mohammad and Fleet, David J},
  journal={Advances in Neural Information Processing Systems},
  volume={35},
  pages={8633--8646},
  year={2022}
}

@inproceedings{zhou2024upscale,
  title={Upscale-A-Video: Temporal-Consistent Diffusion Model for Real-World Video Super-Resolution},
  author={Zhou, Shangchen and Yang, Peiqing and Wang, Jianyi and Luo, Yihang and Loy, Chen Change},
  booktitle={Proceedings of the IEEE/CVF Conference on Computer Vision and Pattern Recognition},
  pages={2535--2545},
  year={2024}
}

@inproceedings{khani2021efficient,
  title={Efficient video compression via content-adaptive super-resolution},
  author={Khani, Mehrdad and Sivaraman, Vibhaalakshmi and Alizadeh, Mohammad},
  booktitle={Proceedings of the IEEE/CVF International Conference on Computer Vision},
  pages={4521--4530},
  year={2021}
}

@inproceedings{yang2022learned,
  title={Learned low bitrate video compression with space-time super-resolution},
  author={Yang, Jiayu and Yang, Chunhui and Xiong, Fei and Wang, Feng and Wang, Ronggang},
  booktitle={Proceedings of the IEEE/CVF Conference on Computer Vision and Pattern Recognition},
  pages={1786--1790},
  year={2022}
}


@inproceedings{yang2025motion,
  title={Motion-guided latent diffusion for temporally consistent real-world video super-resolution},
  author={Yang, Xi and He, Chenhang and Ma, Jianqi and Zhang, Lei},
  booktitle={European Conference on Computer Vision},
  pages={224--242},
  year={2025},
  organization={Springer}
}


@inproceedings{liu2022learning,
  title={Learning trajectory-aware transformer for video super-resolution},
  author={Liu, Chengxu and Yang, Huan and Fu, Jianlong and Qian, Xueming},
  booktitle={Proceedings of the IEEE/CVF Conference on Computer Vision and Pattern Recognition},
  pages={5687--5696},
  year={2022}
}


@article{tang2023ctvsr,
  title={CTVSR: Collaborative Spatial-Temporal Transformer for Video Super-Resolution},
  author={Tang, Jun and Lu, Chenyan and Liu, Zhengxue and Li, Jiale and Dai, Hang and Ding, Yong},
  journal={IEEE Transactions on Circuits and Systems for Video Technology},
  year={2023},
  publisher={IEEE}
}

@article{ho2022imagen,
  title={Imagen video: High definition video generation with diffusion models},
  author={Ho, Jonathan and Chan, William and Saharia, Chitwan and Whang, Jay and Gao, Ruiqi and Gritsenko, Alexey and Kingma, Diederik P and Poole, Ben and Norouzi, Mohammad and Fleet, David J and others},
  journal={arXiv preprint arXiv:2210.02303},
  year={2022}
}

@article{hu2023lamd,
  title={Lamd: Latent motion diffusion for video generation},
  author={Hu, Yaosi and Chen, Zhenzhong and Luo, Chong},
  journal={arXiv preprint arXiv:2304.11603},
  year={2023}
}


@article{wang2022artifact,
  title={From artifact removal to super-resolution},
  author={Wang, Jiaming and Shao, Zhenfeng and Huang, Xiao and Lu, Tao and Zhang, Ruiqian and Li, Yong},
  journal={IEEE Transactions on Geoscience and Remote Sensing},
  volume={60},
  pages={1--15},
  year={2022},
  publisher={IEEE}
}


@inproceedings{fuoli2021fourier,
  title={Fourier space losses for efficient perceptual image super-resolution},
  author={Fuoli, Dario and Van Gool, Luc and Timofte, Radu},
  booktitle={Proceedings of the IEEE/CVF International Conference on Computer Vision},
  pages={2360--2369},
  year={2021}
}



@article{zhu2024dvsrnet,
  title={DVSRNet: Deep Video Super-Resolution Based on Progressive Deformable Alignment and Temporal-Sparse Enhancement},
  author={Zhu, Qiang and Chen, Feiyu and Zhu, Shuyuan and Liu, Yu and Zhou, Xue and Xiong, Ruiqin and Zeng, Bing},
  journal={IEEE Transactions on Neural Networks and Learning Systems},
  year={2024},
  publisher={IEEE}
}

@inproceedings{qing2023video,
  title={Video Super-Resolution with Pyramid Flow-Guided Deformable Alignment Network},
  author={Qing, Tao and Ying, Xinyi and Sha, Zhichao and Wu, Jing},
  booktitle={IEEE 2023 3rd International Conference on Electrical Engineering and Mechatronics Technology},
  pages={758--764},
  year={2023},
}

@article{zhang2023multi,
  title={Multi-scale video super-resolution transformer with polynomial approximation},
  author={Zhang, Fan and Chen, Gongguan and Wang, Hua and Li, Jinjiang and Zhang, Caiming},
  journal={IEEE Transactions on Circuits and Systems for Video Technology},
  volume={33},
  number={9},
  pages={4496--4506},
  year={2023},
  publisher={IEEE}
}

@inproceedings{zhou2024video,
  title={Video Super-Resolution Transformer with Masked Inter\&Intra-Frame Attention},
  author={Zhou, Xingyu and Zhang, Leheng and Zhao, Xiaorui and Wang, Keze and Li, Leida and Gu, Shuhang},
  booktitle={Proceedings of the IEEE/CVF Conference on Computer Vision and Pattern Recognition},
  pages={25399--25408},
  year={2024}
}

@article{liang2024vrt,
  title={Vrt: A video restoration transformer},
  author={Liang, Jingyun and Cao, Jiezhang and Fan, Yuchen and Zhang, Kai and Ranjan, Rakesh and Li, Yawei and Timofte, Radu and Van Gool, Luc},
  journal={IEEE Transactions on Image Processing},
  year={2024},
  publisher={IEEE}
}

@inproceedings{chen2024learning,
  title={Learning Spatial Adaptation and Temporal Coherence in Diffusion Models for Video Super-Resolution},
  author={Chen, Zhikai and Long, Fuchen and Qiu, Zhaofan and Yao, Ting and Zhou, Wengang and Luo, Jiebo and Mei, Tao},
  booktitle={Proceedings of the IEEE/CVF Conference on Computer Vision and Pattern Recognition},
  pages={9232--9241},
  year={2024}
}

@article{wei2024multi,
  title={Multi-Level Alignments for Compressed Video Super-Resolution},
  author={Wei, Liu and Ye, Mao and Ji, Luping and Gan, Yan and Li, Shuai and Li, Xue},
  journal={IEEE Transactions on Consumer Electronics},
  year={2024},
  publisher={IEEE}
}

@article{zhu2024deep,
  title={Deep Compressed Video Super-Resolution With Guidance of Coding Priors},
  author={Zhu, Qiang and Chen, Feiyu and Liu, Yu and Zhu, Shuyuan and Zeng, Bing},
  journal={IEEE Transactions on Broadcasting},
  year={2024},
  publisher={IEEE}
}

@article{rota2023enhancing,
  title={Enhancing Perceptual Quality in Video Super-Resolution through Temporally-Consistent Detail Synthesis using Diffusion Models},
  author={Rota, Claudio and Buzzelli, Marco and van de Weijer, Joost},
  journal={arXiv preprint arXiv:2311.15908},
  year={2023}
}

@inproceedings{jiang2021focal,
  title={Focal frequency loss for image reconstruction and synthesis},
  author={Jiang, Liming and Dai, Bo and Wu, Wayne and Loy, Chen Change},
  booktitle={Proceedings of the IEEE/CVF International Conference on Computer Vision},
  pages={13919--13929},
  year={2021}
}

@article{conde2024aim,
  title={AIM 2024 challenge on efficient video super-resolution for av1 compressed content},
  author={Conde, Marcos V and Lei, Zhijun and Li, Wen and Bampis, Christos and Katsavounidis, Ioannis and Timofte, Radu},
  journal={arXiv preprint arXiv:2409.17256},
  year={2024}
}

@article{he2021fm,
  title={FM-VSR: Feature Multiplexing Video Super-Resolution for Compressed Video},
  author={He, Gang and Wu, Shan and Pei, Simin and Xu, Li and Wu, Chang and Xu, Kepeng and Li, Yunsong},
  journal={IEEE Access},
  volume={9},
  pages={88060--88068},
  year={2021},
  publisher={IEEE}
}

@inproceedings{chen2023gaussian,
  title={Gaussian Mask Guided Attention for Compressed Video Super Resolution},
  author={Chen, Lu},
  booktitle={IEEE 2023 20th International Computer Conference on Wavelet Active Media Technology and Information Processing},
  pages={1--6},
  year={2023}
}


@article{shen2011down,
  title={Down-sampling based video coding using super-resolution technique},
  author={Shen, Minmin and Xue, Ping and Wang, Ci},
  journal={IEEE Transactions on Circuits and Systems for Video Technology},
  volume={21},
  number={6},
  pages={755--765},
  year={2011},
  publisher={IEEE}
}

@inproceedings{xiao2024towards,
  title={Towards Progressive Multi-Frequency Representation for Image Warping},
  author={Xiao, Jun and Lyu, Zihang and Zhang, Cong and Ju, Yakun and Shui, Changjian and Lam, Kin-Man},
  booktitle={Proceedings of the IEEE/CVF Conference on Computer Vision and Pattern Recognition},
  pages={2995--3004},
  year={2024}
}


@article{ben2005video,
  title={Video super-resolution using controlled subpixel detector shifts},
  author={Ben-Ezra, Moshe and Zomet, Assaf and Nayar, Shree K},
  journal={IEEE Transactions on Pattern Analysis and Machine Intelligence},
  volume={27},
  number={6},
  pages={977--987},
  year={2005},
  publisher={IEEE}
}

@article{liu2013bayesian,
  title={On Bayesian adaptive video super resolution},
  author={Liu, Ce and Sun, Deqing},
  journal={IEEE Transactions on Pattern Analysis and Machine Intelligence},
  volume={36},
  number={2},
  pages={346--360},
  year={2013},
  publisher={IEEE}
}


@article{xiong2010robust,
  title={Robust web image/video super-resolution},
  author={Xiong, Zhiwei and Sun, Xiaoyan and Wu, Feng},
  journal={IEEE Transactions on Image Processing},
  volume={19},
  number={8},
  pages={2017--2028},
  year={2010},
  publisher={IEEE}
}


@inproceedings{dosovitskiy2015flownet,
  title={Flownet: Learning optical flow with convolutional networks},
  author={Dosovitskiy, Alexey and Fischer, Philipp and Ilg, Eddy and Hausser, Philip and Hazirbas, Caner and Golkov, Vladimir and Van Der Smagt, Patrick and Cremers, Daniel and Brox, Thomas},
  booktitle={Proceedings of the IEEE International Conference on Computer Vision},
  pages={2758--2766},
  year={2015}
}

@inproceedings{ilg2017flownet,
  title={Flownet 2.0: Evolution of optical flow estimation with deep networks},
  author={Ilg, Eddy and Mayer, Nikolaus and Saikia, Tonmoy and Keuper, Margret and Dosovitskiy, Alexey and Brox, Thomas},
  booktitle={Proceedings of the IEEE Conference on Computer Vision and Pattern Recognition},
  pages={2462--2470},
  year={2017}
}


@article{ma2021bvi,
  title={BVI-DVC: A training database for deep video compression},
  author={Ma, Di and Zhang, Fan and Bull, David R},
  journal={IEEE Transactions on Multimedia},
  volume={24},
  pages={3847--3858},
  year={2021},
  publisher={IEEE}
}

@article{nawala2024bvi,
  title={BVI-AOM: A New Training Dataset for Deep Video Compression Optimization},
  author={Nawa{\l}a, Jakub and Jiang, Yuxuan and Zhang, Fan and Zhu, Xiaoqing and Sole, Joel and Bull, David},
  journal={arXiv preprint arXiv:2408.03265},
  year={2024}
}

@inproceedings{zhang2022perception,
  title={Perception-distortion balanced ADMM optimization for single-image super-resolution},
  author={Zhang, Yuehan and Ji, Bo and Hao, Jia and Yao, Angela},
  booktitle={European Conference on Computer Vision},
  pages={108--125},
  year={2022},
  organization={Springer}
}

@book{bull2021intelligent,
  title={Intelligent image and video compression: communicating pictures},
  author={Bull, David and Zhang, Fan},
  year={2021},
  publisher={Academic Press}
}


@article{xiao2023online,
  title={Online video super-resolution with convolutional kernel bypass grafts},
  author={Xiao, Jun and Jiang, Xinyang and Zheng, Ningxin and Yang, Huan and Yang, Yifan and Yang, Yuqing and Li, Dongsheng and Lam, Kin-Man},
  journal={IEEE Transactions on Multimedia},
  volume={25},
  pages={8972--8987},
  year={2023},
  publisher={IEEE}
}

@article{zhu2022fffn,
  title={FFFN: Frame-by-frame feedback fusion network for video super-resolution},
  author={Zhu, Jian and Zhang, Qingwu and Fei, Lunke and Cai, Ruichu and Xie, Yuan and Sheng, Bin and Yang, Xiaokang},
  journal={IEEE Transactions on Multimedia},
  volume={25},
  pages={6821--6835},
  year={2022},
  publisher={IEEE}
}

@article{baniya2023omnidirectional,
  title={Omnidirectional video super-resolution using deep learning},
  author={Baniya, Arbind Agrahari and Lee, Tsz-Kwan and Eklund, Peter W and Aryal, Sunil},
  journal={IEEE Transactions on Multimedia},
  volume={26},
  pages={540--554},
  year={2023},
  publisher={IEEE}
}

@article{ding2023blind,
  title={Blind Quality Enhancement for Compressed Video},
  author={Ding, Qing and Shen, Liquan and Yu, Liangwei and Yang, Hao and Xu, Mai},
  journal={IEEE Transactions on Multimedia},
  pages={5782--5794},
  year={2023},
  publisher={IEEE}
}

@article{jiang2023video,
  title={Video compression artifacts removal with spatial-temporal attention-guided enhancement},
  author={Jiang, Nanfeng and Chen, Weiling and Lin, Jielian and Zhao, Tiesong and Lin, Chia-Wen},
  journal={IEEE Transactions on Multimedia},
  pages={5657--5669},
  year={2023},
  publisher={IEEE}
}

@article{luo2022spatio,
  title={Spatio-temporal detail information retrieval for compressed video quality enhancement},
  author={Luo, Dengyan and Ye, Mao and Li, Shuai and Zhu, Ce and Li, Xue},
  journal={IEEE Transactions on Multimedia},
  volume={25},
  pages={6808--6820},
  year={2022},
  publisher={IEEE}
}