@article{nishi2015inequality,
  title={Inequality and visibility of wealth in experimental social networks},
  author={Nishi, Akihiro and Shirado, Hirokazu and Rand, David G and Christakis, Nicholas A},
  journal={Nature},
  year={2015},
}

@article{cui2023kinetic,
  title={Kinetic modeling of wealth distribution with saving propensity, earnings growth and Matthew effect},
  author={Cui, Lijie and Lin, Chuandong and Huang, Xinfei},
  journal={Europhysics Letters},
  year={2023},
}

@inproceedings{khare2022untangling,
  title={The Web We Weave: Untangling the Social Graph of the IETF},
  author={Khare, Prashant and Karan, Mladen and McQuistin, Stephen and Perkins, Colin and Tyson, Gareth and Purver, Matthew and Healey, Patrick and Castro, Ignacio},
  booktitle={Proceedings of the 16th AAAI Conference on Web and Social Media},
  year={2022},
}
@article{perc2014matthew,
  title={The Matthew effect in empirical data},
  author={Perc, Matja{\v{z}}},
  journal={Royal Society Interface},
  volume={11},
  number={98},
  year={2014},
  publisher={The Royal Society},
  doi={10.1098/rsif.2014.0378}
}

@article{steer2020raphtory,
  title={Raphtory: Streaming analysis of distributed temporal graphs},
  author={Steer, Benjamin and Cuadrado, Felix and Clegg, Richard},
  journal={Future Generation Computer Systems},
  volume={102},
  pages={453--464},
  year={2020},
  publisher={Elsevier},
  doi={10.1016/j.future.2019.08.022}
}

@article{pedreschi2022temporal,
  title={The temporal rich club phenomenon},
  author={Pedreschi, Nicola and Battaglia, Demian and Barrat, Alain},
  journal={Nature Physics},
  volume={18},
  number={8},
  pages={931--938},
  year={2022},
  publisher={Nature Publishing Group UK London},
  doi={10.1038/s41567-022-01634-8}
}

@book{masuda2016guide,
  title={A guide to temporal networks},
  author={Masuda, Naoki and Lambiotte, Renaud},
  year={2016},
  doi={10.1142/9781786349163_0001}
}

@inproceedings{Clegg2009,
    author = {Clegg, Richard G. and others},
    title = {Measuring the Likelihood of Models for Network Evolution},
    booktitle = {Proc. INFOCOM},
    year = {2009},
    pages = {272--277},
    doi={10.1109/INFCOMW.2009.5072162}
}
@article{Redner2005CitationReview,
    archivePrefix = {arXiv},
    arxivId = {physics/0506056},
    author = {Redner, Sidney},
    doi = {10.1063/1.1996475},
    eprint = {0506056},
    issn = {00319228},
    journal = {Physics Today},
    number = {6},
    pages = {49--54},
    primaryClass = {physics},
    title = {Citation statistics from 110 years of Physical Review},
    volume = {58},
    year = {2005}
}

@article{Gethin2021Brahmin19482020,
    title = {Brahmin Left Versus Merchant Right},
    year = {2021},
    journal = {The Quarterly Journal of Economics},
    author = {Gethin, Amory and et al.},
    number = {1},
    pages = {1--48},
    volume = {137},
    doi = {10.1093/qje/qjab036},
    issn = {0033-5533}
}

@article{Holanda2019CharacterClassification,
    title = {Character networks and book genre classification},
    year = {2019},
    journal = {IJMPC},
    author = {Holanda, Adriano J. and et al},
    number = {8},
    volume = {30},
    doi = {10.1142/S012918311950058X},
    issn = {01291831},
    arxivId = {1704.08197},
    keywords = {Hirsch index, Lobby index, Social networks, character networks}
}

@article{Kumar2018CommunityWeb,
    title = {Community Interaction and Conflict on the Web},
    year = {2018},
    journal = {WWW},
    author = {Kumar, Srijan and et al},
    pages = {933--943},
    isbn = {9781450356398},
    doi = {10.1145/3178876.3186141},
    arxivId = {1803.03697},
    keywords = {Antisocial behavior, Community, Conflict, Interaction, Intercommunity, Society, Web}
}

@article{Wachs2021CorruptionPerspective,
    title = {Corruption risk in contracting markets},
    year = {2021},
    journal = {IJDSA},
    author = {Wachs, Johannes and et al},
    number = {1},
    pages = {45--60},
    volume = {12},
    doi = {10.1007/s41060-019-00204-1},
    issn = {23644168},
    arxivId = {1909.08664},
    keywords = {Big data, Corruption risk, Networks}
}

@article{Genois2015DataLinkers,
    title = {Data on face-to-face contacts in an office building suggest a low-cost vaccination strategy based on community linkers},
    year = {2015},
    journal = {Network Science},
    author = {G\'{e}nois, Mathieu and et al},
    number = {3},
    pages = {326--347},
    volume = {3},
    doi = {10.1017/nws.2015.10},
    issn = {20501250},
    arxivId = {1409.7017},
    keywords = {complex networks, epidemiology, sociophysics, temporal networks}
}

@inproceedings{Lim2010DetectingBehaviors,
  title={Detecting product review spammers using rating behaviors},
  author={Lim, Ee-Peng and others},
  booktitle={Proc. CIKM},
  pages={939--948},
  year={2010},
  doi={10.1145/1871437.1871557}
}

@article{Taylor2017Eigenvector-basedNetworks,
    title = {Eigenvector-based centrality measures for temporal networks},
    year = {2017},
    journal = {MMS},
    author = {Taylor, Dane and et al},
    number = {1},
    pages = {537--574},
    volume = {15},
    doi = {10.1137/16M1066142},
    issn = {15403467},
    arxivId = {1507.01266},
    keywords = {Eigenvector centrality, Hubs and authorities, Multilayer networks, Ranking systems, Singular perturbation, Temporal networks}
}

@article{Barabasi1999EmergenceNetworks,
    title = {Emergence of scaling in random networks},
    year = {1999},
    journal = {Science},
    author = {Barab\'{a}si, Albert László and Albert, Réka},
    number = {5439},
    month = {10},
    pages = {509--512},
    volume = {286},
    doi = {10.1126/science.286.5439.509},
    issn = {00368075},
    pmid = {10521342},
    arxivId = {cond-mat/9910332}
}

@article{Mayer2005HasChanged,
    title = {{Has the intergenerational transmission of economic status changed?}},
    year = {2005},
    journal = {JHR},
    author = {Mayer, Susan E. and Lopoo, Leonard M.},
    number = {1},
    pages = {169--185},
    volume = {40},
    doi = {10.3368/jhr.xl.1.169},
}

@article{Stehle2011High-resolutionSchool,
    title = {High-resolution measurements of face-to-face contact patterns in a primary school},
    year = {2011},
    journal = {PLoS One},
    author = {Stehl\'{e}, Juliette and et al},
    number = {8},
    volume = {6},
    doi = {10.1371/journal.pone.0023176},
    issn = {19326203},
    pmid = {21858018}
}

@inproceedings{Nsour2020Hot-Get-RicherModel,
    title={Hot-get-richer network growth model},
    author={Nsour, Faisal and Sayama, Hiroki},
    booktitle={Proc. CNA},
    pages={532--543},
    year={2020},
    doi={10.1007/978-3-030-65351-4_43}
}

@article{Solon2001IntergenerationalMobility,
  title={Intergenerational income mobility in the United States},
  author={Solon, Gary},
  journal={The American Economic Review},
  pages={393--408},
  year={1992},
  publisher={JSTOR}
}

@article{Lorenz1905MethodsWealth,
    title={Methods of measuring the concentration of wealth},
    author={Lorenz, Max O},
    journal={Publications of the American statistical association},
    volume={9},
    number={70},
    pages={209--219},
    year={1905},
    publisher={Taylor \& Francis}
}

@article{Paranjape2017MotifsNetworks,
    title = {Motifs in temporal networks},
    year = {2017},
    journal = {WSDM, Proc.},
    author = {Paranjape, Ashwin and et al},
    pages = {601--610},
    isbn = {9781450346757},
    doi = {10.1145/3018661.3018731},
    arxivId = {1612.09259}
}

@article{Fowler2007NetworkCourt,
    title = {Network analysis and the law},
    year = {2007},
    journal = {Political Analysis},
    author = {Fowler, James H. and et al},
    number = {3},
    pages = {324--346},
    volume = {15},
    doi = {10.1093/pan/mpm011},
    issn = {10471987}
}

@article{Dimaggio2012NetworkInequality,
    title = {Network effects and social inequality},
    year = {2012},
    journal = {Annual Review of Sociology},
    author = {Dimaggio, Paul and Garip, Filiz},
    pages = {93--118},
    volume = {38},
    doi = {10.1146/annurev.soc.012809.102545},
    issn = {03600572},
    keywords = {Cumulative advantage, Diffusion, Externalities, Homophily, Spillovers, Threshold models}
}

@article{Park2020NoveltyNetworks,
    title = {Novelty and influence of creative works, and quantifying patterns of advances based on probabilistic references networks},
    year = {2020},
    journal = {EPJ Data Science},
    author = {Park, Doheum and et al},
    number = {1},
    volume = {9},
    publisher = {The Author(s)},
    doi = {10.1140/epjds/s13688-019-0214-8},
    issn = {21931127},
    keywords = {Classical music, Computational creativity, Influence, Network, Novelty, Paradigm shift, Probabilistic reference}
}

@inproceedings{Viswanath2009OnFacebook,
  title={On the evolution of user interaction in facebook},
  author={Viswanath, Bimal and others},
  booktitle={Proceedings of the 2nd ACM workshop on Online social networks},
  pages={37--42},
  year={2009}
}

@article{Panzarasa2009PatternsCommunity,
    title={Patterns and dynamics of users' behavior and interaction: Network analysis of an online community},
    author={Panzarasa, Pietro and others},
    journal={Journal of the American Society for Information Science and Technology},
    volume={60},
    number={5},
    pages={911--932},
    year={2009},
    publisher={Wiley Online Library}
}

@article{Valverde2015PunctuatedLanguages,
    title = {Punctuated equilibrium in the large-scale evolution of programming languages},
    year = {2015},
    journal = {JRSI},
    author = {Valverde, Sergi and Sole, Ricard V.},
    number = {107},
    volume = {12},
    doi = {10.1098/rsif.2015.0249},
    issn = {17425662},
    pmid = {25994298},
    keywords = {Cultural evolution, Networks, Programming languages, Punctuated equilibrium, Software, Technology}
}

@article{Fortunato2006Scale-freeRanking,
    title = {Scale-free network growth by ranking},
    year = {2006},
    journal = {Physical Review Letters},
    author = {Fortunato, Santo and et al},
    number = {21},
    pages = {1--4},
    volume = {96},
    doi = {10.1103/PhysRevLett.96.218701},
    issn = {00319007},
}

@book{Breen2004SocialEurope,
  title={Social mobility in Europe},
  author={Breen, Richard},
  year={2004},
  isbn={0199258457}
}

@article{Corman2006StudyingSystems,
    title = {Studying Complex Discursive Systems},
    Journal = {Human Communication Research},
    year = {2002},
    author = {Corman, Steven R and Kuhn, Timothy and Mcphee, Robert D},
    doi = {10.1111/j.1468-2958.2002.tb00802.x}
}

@book{Erikson1992TheFlux,
    title={The constant flux: A study of class mobility in industrial societies},
    author={Erikson, Robert and Goldthorpe, John H},
    year={1992},
}

@article{Szreter1984TheOccupations,
    title = {The Genesis of the Registrar-General's Social Classification of Occupations},
    year = {1984},
    journal = {The British Journal of Sociology},
    author = {Szreter, Simon R S},
    number = {4},
    pages = {522--546},
    volume = {35},
    doi={10.2307/590433}
}

@article{Hall2001TheTools,
    title = {The {NBER} patent citation data file: Lessons, insights and methodological tools},
    year = {2001},
    journal = {NBER},
    author = {Hall, Bronwyn H. and et al},
    doi = {10.3386/w8498},
    issn = {17762588},
    pmid = {26603960}
}

@article{Bardoscia2021TheNetworks,
    title = {The Physics of Financial Networks},
    year = {2021},
    author = {Bardoscia, Marco and Barucca, Paolo and Battiston, Stefano and Caccioli, Fabio and Cimini, Giulio and Garlaschelli, Diego and Saracco, Fabio and Squartini, Tiziano and Caldarelli, Guido},
    pages = {1--25},
    url = {http://arxiv.org/abs/2103.05623},
    doi = {10.1038/s42254-021-00322-5},
    issn = {25225820},
    arxivId = {2103.05623}
}

@article{Fire2020TheTime,
    title = {The rise and fall of network stars},
    year = {2020},
    journal = {IPM},
    author = {Fire, Michael and Guestrin, Carlos},
    number = {2},
    volume = {57},
    doi = {10.1016/j.ipm.2019.05.002},
    issn = {03064573},
    arxivId = {1706.06690},
    keywords = {Big data, Data science, Network datasets, Network dynamics, Network science}
}

@article{Granovetter1973TheTies,
  title={The strength of weak ties},
  author={Granovetter, Mark S},
  journal={American journal of sociology},
  volume={78},
  number={6},
  pages={1360--1380},
  year={1973},
  publisher={University of Chicago Press}
}

@article{iniguez2022dynamics,
  title={Dynamics of ranking},
  author={I{\~n}iguez, Gerardo and Pineda, Carlos and Gershenson, Carlos and Barab{\'a}si, Albert-L{\'a}szl{\'o}},
  journal={Nature Comm.},
  volume={13},
  number={1},
  pages={1646},
  year={2022},
  publisher={Nature Publishing Group UK London},
  doi={10.1038/s41467-022-29256-x}
}

@article{Zhou2020UniversalNetworks,
    title = {Universal evolution patterns of degree assortativity in social networks},
    year = {2020},
    journal = {Social Networks},
    author = {Zhou, Bin and Lu, Xin and Holme, Petter},
    pages = {47--55},
    volume = {63},
    publisher = {Elsevier},
    doi = {10.1016/j.socnet.2020.04.004},
    issn = {03788733},
    keywords = {Bidirectional preferential attachment, Degree assortativity, Evolution pattern, Pareto wealth distribution, Social networks}
}

@article{Gini1912VariabilitaMutabilita,
    title = {Variabilit\`{a} e mutabilit\`{a}},
    year = {1912},
    journal = {Memorie di metodologica statistica},
    author = {Gini, C}
}

@article{Isella2011WhatsNetworks,
    title = {What's in a crowd? Analysis of face-to-face behavioral networks},
    year = {2011},
    journal = {JTB},
    author = {Isella, Lorenzo and et al},
    number = {1},
    pages = {166--180},
    volume = {271},
    doi = {10.1016/j.jtbi.2010.11.033},
    issn = {00225193},
    pmid = {21130777},
    arxivId = {1006.1260},
    keywords = {Behavioral social networks, Complex networks, Dynamic networks, Face-to-face proximity, Information spreading}
}

@article{Vanhems2013EstimatingSensors.,
    title = {Estimating potential infection transmission routes in hospital wards using wearable proximity sensors.},
    year = {2013},
    journal = {PloS One},
    author = {Vanhems, Philippe and et al},
    number = {9},
    volume = {8},
    doi = {10.1371/journal.pone.0073970},
    issn = {19326203},
    pmid = {24040129}
}

@article{holme2012temporal,
  title={Temporal networks},
  author={Holme, Petter and Saram{\"a}ki, Jari},
  journal={Physics reports},
  volume={519},
  number={3},
  pages={97--125},
  year={2012},
  publisher={Elsevier},
  doi={10.1016/j.physrep.2012.03.001}
}