@article{Barabasi1999EmergenceNetworks,
    title = {Emergence of scaling in random networks},
    year = {1999},
    journal = {Science},
    author = {Barab\'{a}si, Albert László and Albert, Réka},
    number = {5439},
    month = {10},
    pages = {509--512},
    volume = {286},
    doi = {10.1126/science.286.5439.509},
    issn = {00368075},
    pmid = {10521342},
    arxivId = {cond-mat/9910332}
}

@book{Breen2004SocialEurope,
  title={Social mobility in Europe},
  author={Breen, Richard},
  year={2004},
  isbn={0199258457}
}

@book{Erikson1992TheFlux,
    title={The constant flux: A study of class mobility in industrial societies},
    author={Erikson, Robert and Goldthorpe, John H},
    year={1992},
}

@article{Fire2020TheTime,
    title = {The rise and fall of network stars},
    year = {2020},
    journal = {IPM},
    author = {Fire, Michael and Guestrin, Carlos},
    number = {2},
    volume = {57},
    doi = {10.1016/j.ipm.2019.05.002},
    issn = {03064573},
    arxivId = {1706.06690},
    keywords = {Big data, Data science, Network datasets, Network dynamics, Network science}
}

@article{Fortunato2006Scale-freeRanking,
    title = {Scale-free network growth by ranking},
    year = {2006},
    journal = {Physical Review Letters},
    author = {Fortunato, Santo and et al},
    number = {21},
    pages = {1--4},
    volume = {96},
    doi = {10.1103/PhysRevLett.96.218701},
    issn = {00319007},
}

@article{Mayer2005HasChanged,
    title = {{Has the intergenerational transmission of economic status changed?}},
    year = {2005},
    journal = {JHR},
    author = {Mayer, Susan E. and Lopoo, Leonard M.},
    number = {1},
    pages = {169--185},
    volume = {40},
    doi = {10.3368/jhr.xl.1.169},
}

@inproceedings{Nsour2020Hot-Get-RicherModel,
    title={Hot-get-richer network growth model},
    author={Nsour, Faisal and Sayama, Hiroki},
    booktitle={Proc. CNA},
    pages={532--543},
    year={2020},
    doi={10.1007/978-3-030-65351-4_43}
}

@article{Solon2001IntergenerationalMobility,
  title={Intergenerational income mobility in the United States},
  author={Solon, Gary},
  journal={The American Economic Review},
  pages={393--408},
  year={1992},
  publisher={JSTOR}
}

@article{Szreter1984TheOccupations,
    title = {The Genesis of the Registrar-General's Social Classification of Occupations},
    year = {1984},
    journal = {The British Journal of Sociology},
    author = {Szreter, Simon R S},
    number = {4},
    pages = {522--546},
    volume = {35},
    doi={10.2307/590433}
}

@article{Zhou2020UniversalNetworks,
    title = {Universal evolution patterns of degree assortativity in social networks},
    year = {2020},
    journal = {Social Networks},
    author = {Zhou, Bin and Lu, Xin and Holme, Petter},
    pages = {47--55},
    volume = {63},
    publisher = {Elsevier},
    doi = {10.1016/j.socnet.2020.04.004},
    issn = {03788733},
    keywords = {Bidirectional preferential attachment, Degree assortativity, Evolution pattern, Pareto wealth distribution, Social networks}
}

@article{cui2023kinetic,
  title={Kinetic modeling of wealth distribution with saving propensity, earnings growth and Matthew effect},
  author={Cui, Lijie and Lin, Chuandong and Huang, Xinfei},
  journal={Europhysics Letters},
  year={2023},
}

@article{iniguez2022dynamics,
  title={Dynamics of ranking},
  author={I{\~n}iguez, Gerardo and Pineda, Carlos and Gershenson, Carlos and Barab{\'a}si, Albert-L{\'a}szl{\'o}},
  journal={Nature Comm.},
  volume={13},
  number={1},
  pages={1646},
  year={2022},
  publisher={Nature Publishing Group UK London},
  doi={10.1038/s41467-022-29256-x}
}

@book{masuda2016guide,
  title={A guide to temporal networks},
  author={Masuda, Naoki and Lambiotte, Renaud},
  year={2016},
  doi={10.1142/9781786349163_0001}
}

@article{nishi2015inequality,
  title={Inequality and visibility of wealth in experimental social networks},
  author={Nishi, Akihiro and Shirado, Hirokazu and Rand, David G and Christakis, Nicholas A},
  journal={Nature},
  year={2015},
}

@article{pedreschi2022temporal,
  title={The temporal rich club phenomenon},
  author={Pedreschi, Nicola and Battaglia, Demian and Barrat, Alain},
  journal={Nature Physics},
  volume={18},
  number={8},
  pages={931--938},
  year={2022},
  publisher={Nature Publishing Group UK London},
  doi={10.1038/s41567-022-01634-8}
}

