@article{agarwalOpenXAITransparentEvaluation,
  title = {{{OpenXAI}}: {{Towards}} a {{Transparent Evaluation}} of {{Post}} Hoc {{Model Explanations}}},
  author = {Agarwal, Chirag and Krishna, Satyapriya and Saxena, Eshika and Pawelczyk, Martin and Johnson, Nari and Zitnik, Marinka and Lakkaraju, Himabindu},
  pages = {16},
  langid = {english}
}

@misc{attanasioFerretFrameworkBenchmarking2022,
  title = {Ferret: A {{Framework}} for {{Benchmarking Explainers}} on {{Transformers}}},
  author = {Attanasio, Giuseppe and Pastor, Eliana and Di Bonaventura, Chiara and Nozza, Debora},
  year = {2022},
  month = aug,
  number = {arXiv:2208.01575},
  eprint = {2208.01575},
  eprinttype = {arxiv},
  primaryclass = {cs},
  publisher = {{arXiv}},
  archiveprefix = {arXiv},
  keywords = {Computer Science - Computation and Language}
}

@misc{bodriaBenchmarkingSurveyExplanation2021,
  title = {Benchmarking and {{Survey}} of {{Explanation Methods}} for {{Black Box Models}}},
  author = {Bodria, Francesco and Giannotti, Fosca and Guidotti, Riccardo and Naretto, Francesca and Pedreschi, Dino and Rinzivillo, Salvatore},
  year = {2021},
  month = feb,
  number = {arXiv:2102.13076},
  eprint = {2102.13076},
  eprinttype = {arxiv},
  primaryclass = {cs},
  publisher = {{arXiv}},
  archiveprefix = {arXiv},
  keywords = {Computer Science - Artificial Intelligence,Computer Science - Computers and Society,Computer Science - Machine Learning}
}

@article{bodriaBenchmarkingSurveyExplanation2023a,
  title = {Benchmarking and Survey of Explanation Methods for Black Box Models},
  author = {Bodria, Francesco and Giannotti, Fosca and Guidotti, Riccardo and Naretto, Francesca and Pedreschi, Dino and Rinzivillo, Salvatore},
  date = {2023-09-01},
  journaltitle = {Data Mining and Knowledge Discovery},
  volume = {37},
  number = {5},
  pages = {1719--1778},
  issn = {1573-756X}
}

@misc{camburuCanTrustExplainer2019,
  title = {Can {{I Trust}} the {{Explainer}}? {{Verifying Post-hoc Explanatory Methods}}},
  author = {Camburu, Oana-Maria and Giunchiglia, Eleonora and Foerster, Jakob and Lukasiewicz, Thomas and Blunsom, Phil},
  year = {2019},
  month = dec,
  number = {arXiv:1910.02065},
  eprint = {1910.02065},
  eprinttype = {arxiv},
  primaryclass = {cs},
  publisher = {{arXiv}},
  archiveprefix = {arXiv},
  keywords = {Computer Science - Computation and Language,Computer Science - Machine Learning}
}

@article{guidotti2021evaluating,
  title={Evaluating local explanation methods on ground truth},
  author={Guidotti, Riccardo},
  journal={Artificial Intelligence},
  volume={291},
  pages={103428},
  year={2021},
  publisher={Elsevier}
}

@article{han2022explanation,
  title={Which explanation should i choose? a function approximation perspective to characterizing post hoc explanations},
  author={Han, Tessa and Srinivas, Suraj and Lakkaraju, Himabindu},
  journal={Advances in Neural Information Processing Systems},
  volume={35},
  pages={5256--5268},
  year={2022}
}

@misc{hanWhichExplanationShould2022,
  title = {Which {{Explanation Should I Choose}}? {{A Function Approximation Perspective}} to {{Characterizing Post}} Hoc {{Explanations}}},
  author = {Han, Tessa and Srinivas, Suraj and Lakkaraju, Himabindu},
  year = {2022},
  month = jun,
  number = {arXiv:2206.01254},
  eprint = {2206.01254},
  eprinttype = {arxiv},
  primaryclass = {cs},
  publisher = {{arXiv}},
  archiveprefix = {arXiv},
  keywords = {Computer Science - Artificial Intelligence,Computer Science - Machine Learning}
}

@misc{hedstromQuantusExplainableAI2022,
  title = {Quantus: {{An Explainable AI Toolkit}} for {{Responsible Evaluation}} of {{Neural Network Explanations}}},
  author = {Hedstr{\"o}m, Anna and Weber, Leander and Bareeva, Dilyara and Motzkus, Franz and Samek, Wojciech and Lapuschkin, Sebastian and H{\"o}hne, Marina M.-C.},
  year = {2022},
  month = feb,
  number = {arXiv:2202.06861},
  eprint = {2202.06861},
  eprinttype = {arxiv},
  primaryclass = {cs},
  publisher = {{arXiv}},
  archiveprefix = {arXiv},
  keywords = {Computer Science - Machine Learning}
}

@inproceedings{ismailBenchmarkingDeepLearning2020,
  title = {Benchmarking {{Deep Learning Interpretability}} in {{Time Series Predictions}}},
  booktitle = {Advances in {{Neural Information Processing Systems}}},
  author = {Ismail, Aya Abdelsalam and Gunady, Mohamed and Corrada Bravo, Hector and Feizi, Soheil},
  date = {2020},
  volume = {33},
  pages = {6441--6452},
  publisher = {{Curran Associates, Inc.}}
}

@misc{kokhlikyanCaptumUnifiedGeneric2020,
  title = {Captum: {{A}} Unified and Generic Model Interpretability Library for {{PyTorch}}},
  author = {Kokhlikyan, Narine and Miglani, Vivek and Martin, Miguel and Wang, Edward and Alsallakh, Bilal and Reynolds, Jonathan and Melnikov, Alexander and Kliushkina, Natalia and Araya, Carlos and Yan, Siqi and {Reblitz-Richardson}, Orion},
  year = {2020},
  month = sep,
  number = {arXiv:2009.07896},
  eprint = {2009.07896},
  eprinttype = {arxiv},
  primaryclass = {cs, stat},
  publisher = {{arXiv}},
  archiveprefix = {arXiv},
  keywords = {Computer Science - Artificial Intelligence,Computer Science - Machine Learning,Statistics - Machine Learning}
}

@misc{krishnaDisagreementProblemExplainable2022,
  title = {The {{Disagreement Problem}} in {{Explainable Machine Learning}}: {{A Practitioner}}'s {{Perspective}}},
  author = {Krishna, Satyapriya and Han, Tessa and Gu, Alex and Pombra, Javin and Jabbari, Shahin and Wu, Steven and Lakkaraju, Himabindu},
  year = {2022},
  month = feb,
  number = {arXiv:2202.01602},
  eprint = {2202.01602},
  eprinttype = {arxiv},
  primaryclass = {cs},
  publisher = {{arXiv}},
  archiveprefix = {arXiv},
  keywords = {Computer Science - Artificial Intelligence,Computer Science - Machine Learning}
}

@inproceedings{le2023benchmarking,
  title={Benchmarking eXplainable AI-A Survey on Available Toolkits and Open Challenges},
  author={Le, Phuong Quynh and Nauta, Meike and Van Bach Nguyen, Shreyasi Pathak and Schl{\"o}tterer, J{\"o}rg and Seifert, Christin},
  booktitle={International Joint Conference on Artificial Intelligence},
  year={2023}
}

@article{liu2021synthetic,
  title={Synthetic benchmarks for scientific research in explainable machine learning},
  author={Liu, Yang and Khandagale, Sujay and White, Colin and Neiswanger, Willie},
  journal={arXiv preprint arXiv:2106.12543},
  year={2021}
}

@misc{liuSyntheticBenchmarksScientific2021,
  title = {Synthetic {{Benchmarks}} for {{Scientific Research}} in {{Explainable Machine Learning}}},
  author = {Liu, Yang and Khandagale, Sujay and White, Colin and Neiswanger, Willie},
  year = {2021},
  month = nov,
  number = {arXiv:2106.12543},
  eprint = {2106.12543},
  eprinttype = {arxiv},
  primaryclass = {cs, stat},
  publisher = {{arXiv}},
  archiveprefix = {arXiv},
  keywords = {Computer Science - Artificial Intelligence,Computer Science - Machine Learning,Statistics - Machine Learning}
}

@article{moreira2022benchmarking,
  title={Benchmarking Counterfactual Algorithms for XAI: From White Box to Black Box},
  author={Moreira, Catarina and Chou, Yu-Liang and Hsieh, Chihcheng and Ouyang, Chun and Jorge, Joaquim and Pereira, Jo{\~a}o Madeiras},
  journal={arXiv preprint arXiv:2203.02399},
  year={2022}
}

@misc{neelyOrderCourtExplainable2021,
  title = {Order in the {{Court}}: {{Explainable AI Methods Prone}} to {{Disagreement}}},
  author = {Neely, Michael and Schouten, Stefan F. and Bleeker, Maurits J. R. and Lucic, Ana},
  year = {2021},
  month = jul,
  number = {arXiv:2105.03287},
  eprint = {2105.03287},
  eprinttype = {arxiv},
  primaryclass = {cs},
  publisher = {{arXiv}},
  archiveprefix = {arXiv},
  keywords = {Computer Science - Computation and Language,Computer Science - Machine Learning}
}

@article{turbe2023evaluation,
  title={Evaluation of post-hoc interpretability methods in time-series classification},
  author={Turb{\'e}, Hugues and Bjelogrlic, Mina and Lovis, Christian and Mengaldo, Gianmarco},
  journal={Nature Machine Intelligence},
  volume={5},
  number={3},
  pages={250--260},
  year={2023},
  publisher={Nature Publishing Group UK London}
}

@article{turbeEvaluationPosthocInterpretability2023,
  title = {Evaluation of Post-Hoc Interpretability Methods in Time-Series Classification},
  author = {Turb√©, Hugues and Bjelogrlic, Mina and Lovis, Christian and Mengaldo, Gianmarco},
  date = {2023-03},
  journaltitle = {Nature Machine Intelligence},
  volume = {5},
  number = {3},
  pages = {250--260},
  publisher = {{Nature Publishing Group}},
  issn = {2522-5839},
  issue = {3},
  langid = {english},
  keywords = {Computational science,Computer science,Information technology}
}

@article{yang2019benchmarking,
  title={Benchmarking attribution methods with relative feature importance},
  author={Yang, Mengjiao and Kim, Been},
  journal={arXiv preprint arXiv:1907.09701},
  year={2019}
}

@article{zhong2023clock,
  title={The clock and the pizza: Two stories in mechanistic explanation of neural networks},
  author={Zhong, Ziqian and Liu, Ziming and Tegmark, Max and Andreas, Jacob},
  journal={arXiv preprint arXiv:2306.17844},
  year={2023}
}

