@article{lundbergLocalExplanationsGlobal2020,
  title = {From Local Explanations to Global Understanding with Explainable {{AI}} for Trees},
  author = {Lundberg, Scott M. and Erion, Gabriel and Chen, Hugh and DeGrave, Alex and Prutkin, Jordan M. and Nair, Bala and Katz, Ronit and Himmelfarb, Jonathan and Bansal, Nisha and Lee, Su-In},
  date = {2020-01},
  journaltitle = {Nature Machine Intelligence},
  volume = {2},
  number = {1},
  pages = {56--67},
  publisher = {{Nature Publishing Group}},
  issn = {2522-5839},
  issue = {1},
  langid = {english},
  keywords = {Computer science,Medical research,Software}
}

@incollection{mylonasLocalMultiLabelExplanations2023,
  title = {Local {{Multi-Label Explanations}} for {{Random Forest}}},
  author = {Mylonas, Nikolaos and Mollas, Ioannis and Bassiliades, Nick and Tsoumakas, Grigorios},
  date = {2023},
  volume = {1752},
  eprint = {2207.01994},
  eprinttype = {arxiv},
  eprintclass = {cs},
  pages = {369--384},
  keywords = {Computer Science - Artificial Intelligence,Computer Science - Machine Learning,I.2.0,I.2.6}
}

@article{turbeEvaluationPosthocInterpretability2023,
  title = {Evaluation of Post-Hoc Interpretability Methods in Time-Series Classification},
  author = {Turb√©, Hugues and Bjelogrlic, Mina and Lovis, Christian and Mengaldo, Gianmarco},
  date = {2023-03},
  journaltitle = {Nature Machine Intelligence},
  volume = {5},
  number = {3},
  pages = {250--260},
  publisher = {{Nature Publishing Group}},
  issn = {2522-5839},
  issue = {3},
  langid = {english},
  keywords = {Computational science,Computer science,Information technology}
}

@article{guidotti2021evaluating,
  title={Evaluating local explanation methods on ground truth},
  author={Guidotti, Riccardo},
  journal={Artificial Intelligence},
  volume={291},
  pages={103428},
  year={2021},
  publisher={Elsevier}
}

@article{zhong2023clock,
  title={The clock and the pizza: Two stories in mechanistic explanation of neural networks},
  author={Zhong, Ziqian and Liu, Ziming and Tegmark, Max and Andreas, Jacob},
  journal={arXiv preprint arXiv:2306.17844},
  year={2023}
}

@article{bodriaBenchmarkingSurveyExplanation2023a,
  title = {Benchmarking and Survey of Explanation Methods for Black Box Models},
  author = {Bodria, Francesco and Giannotti, Fosca and Guidotti, Riccardo and Naretto, Francesca and Pedreschi, Dino and Rinzivillo, Salvatore},
  date = {2023-09-01},
  journaltitle = {Data Mining and Knowledge Discovery},
  volume = {37},
  number = {5},
  pages = {1719--1778},
  issn = {1573-756X}
}

@article{moreira2022benchmarking,
  title={Benchmarking Counterfactual Algorithms for XAI: From White Box to Black Box},
  author={Moreira, Catarina and Chou, Yu-Liang and Hsieh, Chihcheng and Ouyang, Chun and Jorge, Joaquim and Pereira, Jo{\~a}o Madeiras},
  journal={arXiv preprint arXiv:2203.02399},
  year={2022}
}

@article{liu2021synthetic,
  title={Synthetic benchmarks for scientific research in explainable machine learning},
  author={Liu, Yang and Khandagale, Sujay and White, Colin and Neiswanger, Willie},
  journal={arXiv preprint arXiv:2106.12543},
  year={2021}
}

@article{agarwalOpenXAITransparentEvaluation,
  title = {{{OpenXAI}}: {{Towards}} a {{Transparent Evaluation}} of {{Post}} Hoc {{Model Explanations}}},
  author = {Agarwal, Chirag and Krishna, Satyapriya and Saxena, Eshika and Pawelczyk, Martin and Johnson, Nari and Zitnik, Marinka and Lakkaraju, Himabindu},
  pages = {16},
  langid = {english}
}

@inproceedings{le2023benchmarking,
  title={Benchmarking eXplainable AI-A Survey on Available Toolkits and Open Challenges},
  author={Le, Phuong Quynh and Nauta, Meike and Van Bach Nguyen, Shreyasi Pathak and Schl{\"o}tterer, J{\"o}rg and Seifert, Christin},
  booktitle={International Joint Conference on Artificial Intelligence},
  year={2023}
}

@misc{apleyVisualizingEffectsPredictor2019a,
  title = {Visualizing the {{Effects}} of {{Predictor Variables}} in {{Black Box Supervised Learning Models}}},
  author = {Apley, Daniel W. and Zhu, Jingyu},
  year = {2019},
  month = aug,
  number = {arXiv:1612.08468},
  eprint = {1612.08468},
  eprinttype = {arxiv},
  primaryclass = {stat},
  publisher = {{arXiv}},
  archiveprefix = {arXiv},
  keywords = {Statistics - Methodology}
}
@misc{BewareDefaultRandom,
  title = {Beware {{Default Random Forest Importances}}},
  author = {Terence, Parr and Prince, Grover},
  howpublished = {http://explained.ai/decision-tree-viz/index.html}
}


@book{LimitationsInterpretableMachine,
  title = {Limitations of {{Interpretable Machine Learning Methods}}},
  author={Molnar, Christoph and Gruber, S and Kopper, P},
  year={2020}
}
@misc{attanasioFerretFrameworkBenchmarking2022,
  title = {Ferret: A {{Framework}} for {{Benchmarking Explainers}} on {{Transformers}}},
  author = {Attanasio, Giuseppe and Pastor, Eliana and Di Bonaventura, Chiara and Nozza, Debora},
  year = {2022},
  month = aug,
  number = {arXiv:2208.01575},
  eprint = {2208.01575},
  eprinttype = {arxiv},
  primaryclass = {cs},
  publisher = {{arXiv}},
  archiveprefix = {arXiv},
  keywords = {Computer Science - Computation and Language}
}

@misc{bodriaBenchmarkingSurveyExplanation2021,
  title = {Benchmarking and {{Survey}} of {{Explanation Methods}} for {{Black Box Models}}},
  author = {Bodria, Francesco and Giannotti, Fosca and Guidotti, Riccardo and Naretto, Francesca and Pedreschi, Dino and Rinzivillo, Salvatore},
  year = {2021},
  month = feb,
  number = {arXiv:2102.13076},
  eprint = {2102.13076},
  eprinttype = {arxiv},
  primaryclass = {cs},
  publisher = {{arXiv}},
  archiveprefix = {arXiv},
  keywords = {Computer Science - Artificial Intelligence,Computer Science - Computers and Society,Computer Science - Machine Learning}
}

@article{breimanRandomForests2001a,
  title = {Random {{Forests}}},
  author = {Breiman, Leo},
  year = {2001},
  month = oct,
  journal = {Machine Learning},
  volume = {45},
  number = {1},
  pages = {5--32},
  issn = {1573-0565}
}

@misc{camburuCanTrustExplainer2019,
  title = {Can {{I Trust}} the {{Explainer}}? {{Verifying Post-hoc Explanatory Methods}}},
  author = {Camburu, Oana-Maria and Giunchiglia, Eleonora and Foerster, Jakob and Lukasiewicz, Thomas and Blunsom, Phil},
  year = {2019},
  month = dec,
  number = {arXiv:1910.02065},
  eprint = {1910.02065},
  eprinttype = {arxiv},
  primaryclass = {cs},
  publisher = {{arXiv}},
  archiveprefix = {arXiv},
  keywords = {Computer Science - Computation and Language,Computer Science - Machine Learning}
}

@misc{chenDoesExplanationSatisfy2022,
  title = {Does the Explanation Satisfy Your Needs?: {{A}} Unified View of Properties of Explanations},
  author = {Chen, Zixi and Subhash, Varshini and Havasi, Marton and Pan, Weiwei and {Doshi-Velez}, Finale},
  year = {2022},
  month = nov,
  number = {arXiv:2211.05667},
  eprint = {2211.05667},
  eprinttype = {arxiv},
  primaryclass = {cs},
  publisher = {{arXiv}},
  archiveprefix = {arXiv},
  keywords = {Computer Science - Machine Learning}
}

@article{friedmanGreedyFunctionApproximation2001a,
  title = {Greedy Function Approximation: {{A}} Gradient Boosting Machine.},
  author = {Friedman, Jerome H.},
  year = {2001},
  month = oct,
  journal = {The Annals of Statistics},
  volume = {29},
  number = {5},
  pages = {1189--1232},
  publisher = {{Institute of Mathematical Statistics}},
  issn = {0090-5364, 2168-8966},
  keywords = {62-02,62-07,62-08,62G08,62H30,68T10,boosting,decision trees,Function estimation,robust nonparametric regression}
}

@misc{goldsteinPeekingBlackBox2014a,
  title = {Peeking {{Inside}} the {{Black Box}}: {{Visualizing Statistical Learning}} with {{Plots}} of {{Individual Conditional Expectation}}},
  author = {Goldstein, Alex and Kapelner, Adam and Bleich, Justin and Pitkin, Emil},
  year = {2014},
  month = mar,
  number = {arXiv:1309.6392},
  eprint = {1309.6392},
  eprinttype = {arxiv},
  primaryclass = {stat},
  publisher = {{arXiv}},
  archiveprefix = {arXiv},
  keywords = {Statistics - Applications}
}

@misc{greenwellSimpleEffectiveModelBased2018,
  title = {A {{Simple}} and {{Effective Model-Based Variable Importance Measure}}},
  author = {Greenwell, Brandon M. and Boehmke, Bradley C. and McCarthy, Andrew J.},
  year = {2018},
  month = may,
  number = {arXiv:1805.04755},
  eprint = {1805.04755},
  eprinttype = {arxiv},
  primaryclass = {cs, stat},
  publisher = {{arXiv}},
  archiveprefix = {arXiv},
  keywords = {Computer Science - Machine Learning,Statistics - Machine Learning}
}

@misc{hanWhichExplanationShould2022,
  title = {Which {{Explanation Should I Choose}}? {{A Function Approximation Perspective}} to {{Characterizing Post}} Hoc {{Explanations}}},
  author = {Han, Tessa and Srinivas, Suraj and Lakkaraju, Himabindu},
  year = {2022},
  month = jun,
  number = {arXiv:2206.01254},
  eprint = {2206.01254},
  eprinttype = {arxiv},
  primaryclass = {cs},
  publisher = {{arXiv}},
  archiveprefix = {arXiv},
  keywords = {Computer Science - Artificial Intelligence,Computer Science - Machine Learning}
}

@misc{hedstromQuantusExplainableAI2022,
  title = {Quantus: {{An Explainable AI Toolkit}} for {{Responsible Evaluation}} of {{Neural Network Explanations}}},
  author = {Hedstr{\"o}m, Anna and Weber, Leander and Bareeva, Dilyara and Motzkus, Franz and Samek, Wojciech and Lapuschkin, Sebastian and H{\"o}hne, Marina M.-C.},
  year = {2022},
  month = feb,
  number = {arXiv:2202.06861},
  eprint = {2202.06861},
  eprinttype = {arxiv},
  primaryclass = {cs},
  publisher = {{arXiv}},
  archiveprefix = {arXiv},
  keywords = {Computer Science - Machine Learning}
}

@misc{hookerBenchmarkInterpretabilityMethods2018,
  title = {A {{Benchmark}} for {{Interpretability Methods}} in {{Deep Neural Networks}}},
  author = {Hooker, Sara and Erhan, Dumitru and Kindermans, Pieter-Jan and Kim, Been},
  year = {2018},
  month = jun,
  number = {arXiv:1806.10758},
  eprint = {1806.10758},
  eprinttype = {arxiv},
  primaryclass = {cs, stat},
  publisher = {{arXiv}},
  archiveprefix = {arXiv},
  keywords = {Computer Science - Artificial Intelligence,Computer Science - Machine Learning,Statistics - Machine Learning}
}

@misc{kokhlikyanCaptumUnifiedGeneric2020,
  title = {Captum: {{A}} Unified and Generic Model Interpretability Library for {{PyTorch}}},
  author = {Kokhlikyan, Narine and Miglani, Vivek and Martin, Miguel and Wang, Edward and Alsallakh, Bilal and Reynolds, Jonathan and Melnikov, Alexander and Kliushkina, Natalia and Araya, Carlos and Yan, Siqi and {Reblitz-Richardson}, Orion},
  year = {2020},
  month = sep,
  number = {arXiv:2009.07896},
  eprint = {2009.07896},
  eprinttype = {arxiv},
  primaryclass = {cs, stat},
  publisher = {{arXiv}},
  archiveprefix = {arXiv},
  keywords = {Computer Science - Artificial Intelligence,Computer Science - Machine Learning,Statistics - Machine Learning}
}


@article{MultiTree,
  author    = {Liisa Kulmala and Jesse Read and Pekka N√∂jd and Cyrille B.K. Rathgeber and Henri E. Cuny and Jaakko Hollm√©n and Harri M√§kinen},
  title     = {Identifying the main drivers for the production and maturation of Scots pine tracheids along a temperature gradient},
  journal   = {Agricultural and Forest Meteorology},
  year      = {2017},
  volume    = {232},
  number    = {January},
  pages     = {210--224},
  url		= "http://www.sciencedirect.com/science/article/pii/S0168192316303677",
}

@article{han2022explanation,
  title={Which explanation should i choose? a function approximation perspective to characterizing post hoc explanations},
  author={Han, Tessa and Srinivas, Suraj and Lakkaraju, Himabindu},
  journal={Advances in Neural Information Processing Systems},
  volume={35},
  pages={5256--5268},
  year={2022}
}

@article{turbe2023evaluation,
  title={Evaluation of post-hoc interpretability methods in time-series classification},
  author={Turb{\'e}, Hugues and Bjelogrlic, Mina and Lovis, Christian and Mengaldo, Gianmarco},
  journal={Nature Machine Intelligence},
  volume={5},
  number={3},
  pages={250--260},
  year={2023},
  publisher={Nature Publishing Group UK London}
}

@misc{krishnaDisagreementProblemExplainable2022,
  title = {The {{Disagreement Problem}} in {{Explainable Machine Learning}}: {{A Practitioner}}'s {{Perspective}}},
  author = {Krishna, Satyapriya and Han, Tessa and Gu, Alex and Pombra, Javin and Jabbari, Shahin and Wu, Steven and Lakkaraju, Himabindu},
  year = {2022},
  month = feb,
  number = {arXiv:2202.01602},
  eprint = {2202.01602},
  eprinttype = {arxiv},
  primaryclass = {cs},
  publisher = {{arXiv}},
  archiveprefix = {arXiv},
  keywords = {Computer Science - Artificial Intelligence,Computer Science - Machine Learning}
}
@article{flora2022comparing,
  title={Comparing Explanation Methods for Traditional Machine Learning Models Part 1: An Overview of Current Methods and Quantifying Their Disagreement},
  author={Flora, Montgomery and Potvin, Corey and McGovern, Amy and Handler, Shawn},
  journal={arXiv preprint arXiv:2211.08943},
  year={2022}
}
@misc{liuSyntheticBenchmarksScientific2021,
  title = {Synthetic {{Benchmarks}} for {{Scientific Research}} in {{Explainable Machine Learning}}},
  author = {Liu, Yang and Khandagale, Sujay and White, Colin and Neiswanger, Willie},
  year = {2021},
  month = nov,
  number = {arXiv:2106.12543},
  eprint = {2106.12543},
  eprinttype = {arxiv},
  primaryclass = {cs, stat},
  publisher = {{arXiv}},
  archiveprefix = {arXiv},
  keywords = {Computer Science - Artificial Intelligence,Computer Science - Machine Learning,Statistics - Machine Learning}
}

@misc{lundbergConsistentIndividualizedFeature2019a,
  title = {Consistent {{Individualized Feature Attribution}} for {{Tree Ensembles}}},
  author = {Lundberg, Scott M. and Erion, Gabriel G. and Lee, Su-In},
  year = {2019},
  month = mar,
  number = {arXiv:1802.03888},
  eprint = {1802.03888},
  eprinttype = {arxiv},
  primaryclass = {cs, stat},
  publisher = {{arXiv}},
  archiveprefix = {arXiv},
  keywords = {Computer Science - Machine Learning,Statistics - Machine Learning}
}

@article{lundbergUnifiedApproachInterpreting2017,
  title = {A {{Unified Approach}} to {{Interpreting Model Predictions}}},
  author = {Lundberg, Scott and Lee, Su-In},
  year = {2017},
  month = nov,
  journal = {arXiv:1705.07874 [cs, stat]},
  eprint = {1705.07874},
  eprinttype = {arxiv},
  primaryclass = {cs, stat},
  archiveprefix = {arXiv},
  keywords = {Computer Science - Artificial Intelligence,Computer Science - Machine Learning,Statistics - Machine Learning}
}

@article{morrisFactorialSamplingPlans1991,
  title = {Factorial {{Sampling Plans}} for {{Preliminary Computational Experiments}}},
  author = {Morris, Max D.},
  year = {1991},
  journal = {Technometrics},
  volume = {33},
  number = {2},
  pages = {161--174},
  publisher = {{[Taylor \& Francis, Ltd., American Statistical Association, American Society for Quality]}},
  issn = {0040-1706}
}
@misc{petsiukRISERandomizedInput2018,
  title = {{{RISE}}: {{Randomized Input Sampling}} for {{Explanation}} of {{Black-box Models}}},
  author = {Petsiuk, Vitali and Das, Abir and Saenko, Kate},
  year = {2018},
  month = sep,
  number = {arXiv:1806.07421},
  eprint = {1806.07421},
  eprinttype = {arxiv},
  primaryclass = {cs},
  publisher = {{arXiv}},
  archiveprefix = {arXiv},
  keywords = {Computer Science - Computer Vision and Pattern Recognition}
}

@misc{slackReliablePostHoc2021, 
  title = {Reliable {{Post}} Hoc {{Explanations}}: {{Modeling Uncertainty}} in {{Explainability}}},
  author = {Slack, Dylan and Hilgard, Sophie and Singh, Sameer and Lakkaraju, Himabindu},
  year = {2021},
  month = nov,
  number = {arXiv:2008.05030},
  eprint = {2008.05030},
  eprinttype = {arxiv},
  primaryclass = {cs, stat},
  publisher = {{arXiv}},
  archiveprefix = {arXiv},
  keywords = {Computer Science - Machine Learning,Statistics - Machine Learning}
}


@misc{mothilalExplainingMachineLearning2019,
  title = {Explaining {{Machine Learning Classifiers}} through {{Diverse Counterfactual Explanations}}},
  author = {Mothilal, Ramaravind Kommiya and Sharma, Amit and Tan, Chenhao},
  year = {2019},
  month = dec,
  eprint = {1905.07697},
  eprinttype = {arxiv},
  primaryclass = {cs, stat},
  archiveprefix = {arXiv},
  keywords = {Computer Science - Computers and Society,Computer Science - Machine Learning,Statistics - Machine Learning}
}
@misc{Dua:2019 ,
author = "Dua, Dheeru and Graff, Casey",
year = "2017",
title = "{UCI} Machine Learning Repository",
url = "http://archive.ics.uci.edu/ml",
institution = "University of California, Irvine, School of Information and Computer Sciences"
}

@misc{neelyOrderCourtExplainable2021,
  title = {Order in the {{Court}}: {{Explainable AI Methods Prone}} to {{Disagreement}}},
  author = {Neely, Michael and Schouten, Stefan F. and Bleeker, Maurits J. R. and Lucic, Ana},
  year = {2021},
  month = jul,
  number = {arXiv:2105.03287},
  eprint = {2105.03287},
  eprinttype = {arxiv},
  primaryclass = {cs},
  publisher = {{arXiv}},
  archiveprefix = {arXiv},
  keywords = {Computer Science - Computation and Language,Computer Science - Machine Learning}
}
@Article{treeinterpreter,
    title = {A {Debiased} {MDI} {Feature} {Importance} {Measure} for
      {Random} {Forests}},
    url = {http://arxiv.org/abs/1906.10845},
    abstract = {Tree ensembles such as Random Forests have achieved
      impressive empirical success across a wide variety of
      applications. To understand how these models make predictions,
      people routinely turn to feature importance measures calculated
      from tree ensembles. It has long been known that Mean Decrease
      Impurity (MDI), one of the most widely used measures of feature
      importance, incorrectly assigns high importance to noisy
      features, leading to systematic bias in feature selection. In
      this paper, we address the feature selection bias of MDI from
      both theoretical and methodological perspectives. Based on the
      original definition of MDI by Breiman et al. for a single tree,
      we derive a tight non-asymptotic bound on the expected bias of
      MDI importance of noisy features, showing that deep trees have
      higher (expected) feature selection bias than shallow ones.
      However, it is not clear how to reduce the bias of MDI using its
      existing analytical expression. We derive a new analytical
      expression for MDI, and based on this new expression, we are able
      to propose a debiased MDI feature importance measure using
      out-of-bag samples, called MDI-oob. For both the simulated data
      and a genomic ChIP dataset, MDI-oob achieves state-of-the-art
      performance in feature selection from Random Forests for both
      deep and shallow trees.},
    urldate = {2019-10-18},
    journal = {arXiv:1906.10845 [cs, stat]},
    author = {Xiao Li and Yu Wang and Sumanta Basu and Karl Kumbier and
      Bin Yu},
    month = {jun},
    year = {2019},
    note = {arXiv: 1906.10845},
    keywords = {Statistics - Machine Learning, Computer Science -
      Machine Learning},
    annote = {Comment: The first two authors contributed equally to
      this paper},
  }
@misc{shamirContinuousDiceCoefficient2019,
  title = {Continuous {{Dice Coefficient}}: A {{Method}} for {{Evaluating Probabilistic Segmentations}}},
  author = {Shamir, Reuben R. and Duchin, Yuval and Kim, Jinyoung and Sapiro, Guillermo and Harel, Noam},
  year = {2019},
  month = jun,
  number = {arXiv:1906.11031},
  eprint = {1906.11031},
  eprinttype = {arxiv},
  primaryclass = {cs, eess},
  publisher = {{arXiv}},
  archiveprefix = {arXiv},
  keywords = {Computer Science - Computer Vision and Pattern Recognition,Electrical Engineering and Systems Science - Image and Video Processing}
}

@article{rajbahadurImpactFeatureImportance2022,
  title = {The Impact of Feature Importance Methods on the Interpretation of Defect Classifiers},
  author = {Rajbahadur, Gopi Krishnan and Wang, Shaowei and Kamei, Yasutaka and Hassan, Ahmed E.},
  year = {2022},
  month = jul,
  journal = {IEEE Transactions on Software Engineering},
  volume = {48},
  number = {7},
  eprint = {2202.02389},
  eprinttype = {arxiv},
  primaryclass = {cs},
  pages = {2245--2261},
  issn = {0098-5589, 1939-3520, 2326-3881},
  archiveprefix = {arXiv},
  keywords = {Computer Science - Artificial Intelligence,Computer Science - Machine Learning,Computer Science - Software Engineering}
}


@article{kaurComparativeStudyVarious2014,
  title = {A {{Comparative Study}} of {{Various Distance Measures}} for {{Software}} Fault Prediction},
  author = {Kaur, Deepinder},
  year = {2014},
  month = nov,
  journal = {International Journal of Computer Trends and Technology},
  volume = {17}
}
@inproceedings{ismailBenchmarkingDeepLearning2020,
  title = {Benchmarking {{Deep Learning Interpretability}} in {{Time Series Predictions}}},
  booktitle = {Advances in {{Neural Information Processing Systems}}},
  author = {Ismail, Aya Abdelsalam and Gunady, Mohamed and Corrada Bravo, Hector and Feizi, Soheil},
  date = {2020},
  volume = {33},
  pages = {6441--6452},
  publisher = {{Curran Associates, Inc.}}
}

@article{yang2019benchmarking,
  title={Benchmarking attribution methods with relative feature importance},
  author={Yang, Mengjiao and Kim, Been},
  journal={arXiv preprint arXiv:1907.09701},
  year={2019}
}
@inproceedings{ribeiroWhyShouldTrust2016,
  title = {"{{Why Should I Trust You}}?": {{Explaining}} the {{Predictions}} of {{Any Classifier}}},
  booktitle = {Proceedings of the 22nd {{ACM SIGKDD International Conference}} on {{Knowledge Discovery}} and {{Data Mining}}},
  author = {Ribeiro, Marco Tulio and Singh, Sameer and Guestrin, Carlos},
  year = {2016},
  month = aug,
  series = {{{KDD}} '16},
  pages = {1135--1144},
  publisher = {{Association for Computing Machinery}},
  address = {{New York, NY, USA}},
  isbn = {978-1-4503-4232-2},
  keywords = {black box classifier,explaining machine learning,interpretability,interpretable machine learning}
}

@book{molnar2022,
  title      = {Interpretable Machine Learning},
  author     = {Christoph Molnar},
  year       = {2022},
  subtitle   = {A Guide for Making Black Box Models Explainable},
  edition    = {2},
  url        = {https://christophm.github.io/interpretable-ml-book}
}
@misc{alvarez-melisRobustnessInterpretabilityMethods2018,
  title = {On the {{Robustness}} of {{Interpretability Methods}}},
  author = {{Alvarez-Melis}, David and Jaakkola, Tommi S.},
  year = {2018},
  month = jun,
  number = {arXiv:1806.08049},
  eprint = {1806.08049},
  eprinttype = {arxiv},
  primaryclass = {cs, stat},
  publisher = {{arXiv}},
  archiveprefix = {arXiv},
  keywords = {Computer Science - Machine Learning,Statistics - Machine Learning}
}

@inproceedings{ricordeauApplicationRandomForests2010,
  title = {Application of {{Random Forests}} to {{Engine}} Health {{Monitoring}}},
  author = {Ricordeau, Julien and Lacaille, J{\'e}r{\^o}me},
  year = {2010},
  month = sep
}

@article{stroblBiasRandomForest2007,
  title = {Bias in Random Forest Variable Importance Measures: {{Illustrations}}, Sources and a Solution},
  author = {Strobl, Carolin and Boulesteix, Anne-Laure and Zeileis, Achim and Hothorn, Torsten},
  year = {2007},
  month = jan,
  journal = {BMC Bioinformatics},
  volume = {8},
  number = {1},
  pages = {25},
  issn = {1471-2105},
  langid = {english},
  keywords = {Bootstrap Sampling,Importance Measure,Random Forest,Variable Importance,Variable Selection}
}

@misc{vanderlindenGlobalAggregationsLocal2019,
  title = {Global {{Aggregations}} of {{Local Explanations}} for {{Black Box}} Models},
  author = {{van der Linden}, Ilse and Haned, Hinda and Kanoulas, Evangelos},
  year = {2019},
  month = jul,
  number = {arXiv:1907.03039},
  eprint = {1907.03039},
  eprinttype = {arxiv},
  primaryclass = {cs},
  publisher = {{arXiv}},
  archiveprefix = {arXiv},
  keywords = {Computer Science - Artificial Intelligence,Computer Science - Information Retrieval,Computer Science - Machine Learning}
}

@article{visaniStatisticalStabilityIndices2022,
  title = {Statistical Stability Indices for {{LIME}}: Obtaining Reliable Explanations for {{Machine Learning}} Models},
  author = {Visani, Giorgio and Bagli, Enrico and Chesani, Federico and Poluzzi, Alessandro and Capuzzo, Davide},
  year = {2022},
  month = jan,
  journal = {Journal of the Operational Research Society},
  volume = {73},
  number = {1},
  eprint = {2001.11757},
  eprinttype = {arxiv},
  primaryclass = {cs, stat},
  pages = {91--101},
  issn = {0160-5682, 1476-9360},
  archiveprefix = {arXiv},
  keywords = {Computer Science - Artificial Intelligence,Computer Science - Machine Learning,Statistics - Machine Learning}
}

@article{zhaoCausalInterpretationsBlackBox2021,
  title = {Causal {{Interpretations}} of {{Black-Box Models}}},
  author = {Zhao, Qingyuan and Hastie, Trevor},
  year = {2021},
  month = jan,
  journal = {Journal of Business \& Economic Statistics},
  volume = {39},
  number = {1},
  pages = {272--281},
  issn = {0735-0015, 1537-2707},
  langid = {english}
}

@article{zouApplicationRandomForest2015,
  title = {The {{Application}} of {{Random Forest}} in {{Finance}}},
  author = {Zou, Zhi and Peng, Hong and Luo, Lin},
  year = {2015},
  month = mar,
  journal = {Applied Mechanics and Materials},
  volume = {740},
  pages = {947--951}
}
