@article{abdelali2023larabench,
  title={LAraBench: Benchmarking Arabic AI with Large Language Models},
  author={Abdelali, Ahmed and Mubarak, Hamdy and Chowdhury, Shammur Absar and Hasanain, Maram and Mousi, Basel and Boughorbel, Sabri and Kheir, Yassine El and Izham, Daniel and Dalvi, Fahim and Hawasly, Majd and others},
  journal={arXiv preprint arXiv:2305.14982},
  year={2023}
}

@article{alwajih2024peacock,
  title={Peacock: A Family of Arabic Multimodal Large Language Models and Benchmarks},
  author={Alwajih, Fakhraddin and Nagoudi, El Moatez Billah and Bhatia, Gagan and Mohamed, Abdelrahman and Abdul-Mageed, Muhammad},
  journal={arXiv preprint arXiv:2403.01031},
  year={2024}
}

@article{auer2024docling,
  title={Docling Technical Report},
  author={Auer, Christoph and Lysak, Maksym and Nassar, Ahmed and Dolfi, Michele and Livathinos, Nikolaos and Vagenas, Panos and Ramis, Cesar Berrospi and Omenetti, Matteo and Lindlbauer, Fabian and Dinkla, Kasper and others},
  journal={arXiv preprint arXiv:2408.09869},
  year={2024}
}

@inproceedings{badam2024benjamin,
author = {Kiessling, Benjamin and Ezra, Daniel St\"{o}kl Ben and Miller, Matthew Thomas},
title = {BADAM: A Public Dataset for Baseline Detection in Arabic-script Manuscripts},
year = {2019},
isbn = {9781450376686},
publisher = {Association for Computing Machinery},
address = {New York, NY, USA},
url = {https://doi.org/10.1145/3352631.3352648},
doi = {10.1145/3352631.3352648},
booktitle = {Proceedings of the 5th International Workshop on Historical Document Imaging and Processing},
pages = {13â€“18},
numpages = {6}
}

@article{bhatia2024qalam,
  title={Qalam: A Multimodal LLM for Arabic Optical Character and Handwriting Recognition},
  author={Bhatia, Gagan and Nagoudi, El Moatez Billah and Alwajih, Fakhraddin and Abdul-Mageed, Muhammad},
  journal={arXiv preprint arXiv:2407.13559},
  year={2024}
}

@inproceedings{bouamor2018madar,
  title={The MADAR Arabic dialect corpus and lexicon},
  author={Bouamor, Houda and Habash, Nizar and Salameh, Mohammad and Zaghouani, Wajdi and Rambow, Owen and Abdulrahim, Dana and Obeid, Ossama and Khalifa, Salam and Eryani, Fadhl and Erdmann, Alexander and others},
  booktitle={Proceedings of the eleventh international conference on language resources and evaluation (LREC 2018)},
  year={2018}
}

@inproceedings{cheng2023m6doc,
  title={M6doc: A large-scale multi-format, multi-type, multi-layout, multi-language, multi-annotation category dataset for modern document layout analysis},
  author={Cheng, H. and Zhang, P. and Wu, S. and others},
  booktitle={Proceedings of the IEEE/CVF Conference on Computer Vision and Pattern Recognition (CVPR)},
  year={2023}
}

@article{doclaynet2022,
  title = {DocLayNet: A Large Human-Annotated Dataset for Document-Layout Analysis},  
  doi = {10.1145/3534678.353904},
  url = {https://arxiv.org/abs/2206.01062},
  author = {Pfitzmann, Birgit and Auer, Christoph and Dolfi, Michele and Nassar, Ahmed S and Staar, Peter W J},
  journal = {arXiv preprint arXiv:2206.01062},
  year = {2022}
}

@article{du2020paddleocr,
  title={Pp-ocr: A practical ultra lightweight ocr system},
  author={Du, Yuning and Li, Chenxia and Guo, Ruoyu and Yin, Xiaoting and Liu, Weiwei and Zhou, Jun and Bai, Yifan and Yu, Zilin and Yang, Yehua and Dang, Qingqing and others},
  journal={arXiv preprint arXiv:2009.09941},
  year={2020}
}

@misc{easyocr,
  author       = {JaidedAI},
  title        = {EasyOCR: Ready-to-use Optical Character Recognition with Multi-language Support},
  year         = {2020},
  howpublished = {\url{https://github.com/JaidedAI/EasyOCR}},
  note         = {Accessed: 2025-02-14}
}

@article{ghaboura2024camel,
  title={CAMEL-Bench: A Comprehensive Arabic LMM Benchmark},
  author={Ghaboura, Sara and Heakl, Ahmed and Thawakar, Omkar and Alharthi, Ali and Riahi, Ines and Saif, Abduljalil and Laaksonen, Jorma and Khan, Fahad S and Khan, Salman and Anwer, Rao M},
  journal={arXiv preprint arXiv:2410.18976},
  year={2024}
}

@article{li2019tablebank,
  title={Tablebank: A benchmark dataset for table detection and recognition},
  author={Li, Minghao and Cui, Lei and Huang, Shaohan and Wei, Furu and Zhou, Ming and Li, Zhoujun},
  journal={arXiv preprint arXiv:1903.01949},
  year={2019}
}

@article{li2020docbank,
  title={DocBank: A benchmark dataset for document layout analysis},
  author={Li, Minghao and Xu, Yiheng and Cui, Leyang and Huang, Shaohan and Wei, Furu and Li, Zhoujun},
  journal={arXiv preprint arXiv:2006.01038},
  year={2020}
}

@inproceedings{li2021gfte,
  title={GFTE: graph-based financial table extraction},
  author={Li, Yiren and Huang, Zheng and Yan, Junchi and Zhou, Yi and Ye, Fan and Liu, Xianhui},
  booktitle={Pattern Recognition. ICPR International Workshops and Challenges: Virtual Event, January 10--15, 2021, Proceedings, Part II},
  pages={644--658},
  year={2021},
  organization={Springer}
}

@inproceedings{livathinos2021robust,
  title={Robust pdf document conversion using recurrent neural networks},
  author={Livathinos, Nikolaos and Berrospi, Cesar and Lysak, Maksym and Kuropiatnyk, Viktor and Nassar, Ahmed and Carvalho, Andre and Dolfi, Michele and Auer, Christoph and Dinkla, Kasper and Staar, Peter},
  booktitle={Proceedings of the AAAI Conference on Artificial Intelligence},
  volume={35},
  pages={15137--15145},
  year={2021}
}

@article{mahmoud2014khatt,
  title={KHATT: An open Arabic offline handwritten text database},
  author={Mahmoud, Sabri A and Ahmad, Irfan and Al-Khatib, Wasfi G and Alshayeb, Mohammad and Parvez, Mohammad Tanvir and M{\"a}rgner, Volker and Fink, Gernot A},
  journal={Pattern Recognition},
  volume={47},
  number={3},
  pages={1096--1112},
  year={2014},
  publisher={Elsevier}
}

@article{mahmoud2018online,
  title={Online-khatt: an open-vocabulary database for Arabic online-text processing},
  author={Mahmoud, Sabri A and Luqman, Hamzah and Al-Helali, Baligh M and BinMakhashen, Galal and Parvez, Mohammad Tanvir},
  journal={The Open Cybernetics \& Systemics Journal},
  volume={12},
  number={1},
  year={2018}
}

@inproceedings{mubarak2022overview,
  title={Overview of OSACT5 shared task on arabic offensive language and hate speech detection},
  author={Mubarak, Hamdy and Al-Khalifa, Hend and Al-Thubaity, AbdulMohsen},
  booktitle={Proceedinsg of the 5th Workshop on Open-Source Arabic Corpora and Processing Tools with Shared Tasks on Qur'an QA and Fine-Grained Hate Speech Detection},
  pages={162--166},
  year={2022}
}

@inproceedings{nassar2022tableformer,
  title={Tableformer: Table structure understanding with transformers},
  author={Nassar, Ahmed and Livathinos, Nikolaos and Lysak, Maksym and Staar, Peter},
  booktitle={Proceedings of the IEEE/CVF Conference on Computer Vision and Pattern Recognition},
  pages={4614--4623},
  year={2022}
}

@inproceedings{paliwal2019tablenet,
  title={Tablenet: Deep learning model for end-to-end table detection and tabular data extraction from scanned document images},
  author={Paliwal, Shubham Singh and Vishwanath, D and Rahul, Rohit and Sharma, Monika and Vig, Lovekesh},
  booktitle={2019 International Conference on Document Analysis and Recognition (ICDAR)},
  pages={128--133},
  year={2019},
  organization={IEEE}
}

@inproceedings{pantke2014historical,
  title={An historical handwritten arabic dataset for segmentation-free word spotting-hadara80p},
  author={Pantke, Werner and Dennhardt, Martin and Fecker, Daniel and M{\"a}rgner, Volker and Fingscheidt, Tim},
  booktitle={2014 14th International Conference on Frontiers in Handwriting Recognition},
  pages={15--20},
  year={2014},
  organization={IEEE}
}

@misc{paruchuri2024marker,
    author = {Paruchuri, Vik},
    title = {Marker: Convert PDF to markdown and other formats},
    year = {2024},
    publisher = {GitHub},
    journal = {GitHub repository},
    howpublished = {\url{https://github.com/VikParuchuri/marker}}
}

@misc{paruchuri2024surya,
    author = {Paruchuri, Vik},
    title = {Surya: Accurate line-by-line text detection and recognition in complex documents},
    year = {2024},
    publisher = {GitHub},
    journal = {GitHub repository},
    howpublished = {\url{https://github.com/VikParuchuri/surya}}
}

@inproceedings{pechwitz2002ifn,
  title={IFN/ENIT-database of handwritten Arabic words},
  author={Pechwitz, Mario and Maddouri, S Snoussi and M{\"a}rgner, Volker and Ellouze, Noureddine and Amiri, Hamid and others},
  booktitle={Proc. of CIFED},
  volume={2},
  pages={127--136},
  year={2002},
  organization={Citeseer}
}

@inproceedings{prasad2020cascadetabnet,
  title={CascadeTabNet: An approach for end to end table detection and structure recognition from image-based documents},
  author={Prasad, Devashish and Gadpal, Ayan and Kapadni, Kshitij and Visave, Manish and Sultanpure, Kavita},
  booktitle={Proceedings of the IEEE/CVF conference on computer vision and pattern recognition workshops},
  pages={572--573},
  year={2020}
}

@article{saeed2024muharaf,
  title={Muharaf: Manuscripts of Handwritten Arabic Dataset for Cursive Text Recognition},
  author={Saeed, M. and Chan, A. and Mijar, A. and Moukarzel, J.},
  journal={arXiv preprint arXiv:2406.09630},
  year={2024}
}

@inproceedings{schreiber2017deepdesrt,
  title={Deepdesrt: Deep learning for detection and structure recognition of tables in document images},
  author={Schreiber, Sebastian and Agne, Stefan and Wolf, Ivo and Dengel, Andreas and Ahmed, Sheraz},
  booktitle={2017 14th IAPR international conference on document analysis and recognition (ICDAR)},
  volume={1},
  pages={1162--1167},
  year={2017},
  organization={IEEE}
}

@inproceedings{shen2021layoutparser,
  title={Layoutparser: A unified toolkit for deep learning based document image analysis},
  author={Shen, Zejiang and Zhang, Ruochen and Dell, Melissa and Lee, Benjamin Charles Germain and Carlson, Jacob and Li, Weining},
  booktitle={Document Analysis and Recognition--ICDAR 2021: 16th International Conference, Lausanne, Switzerland, September 5--10, 2021, Proceedings, Part I 16},
  pages={131--146},
  year={2021},
  organization={Springer}
}

@inproceedings{slimane2009new,
  title={A new arabic printed text image database and evaluation protocols},
  author={Slimane, Fouad and Ingold, Rolf and Kanoun, Slim and Alimi, Adel M and Hennebert, Jean},
  booktitle={2009 10th international conference on document analysis and recognition},
  pages={946--950},
  year={2009},
  organization={IEEE}
}

@inproceedings{smith2007overviewtesseract,
  title={An overview of the Tesseract OCR engine},
  author={Smith, Ray},
  booktitle={Ninth international conference on document analysis and recognition (ICDAR 2007)},
  volume={2},
  pages={629--633},
  year={2007},
  organization={IEEE}
}

@inproceedings{staar2018corpus,
  title={Corpus conversion service: A machine learning platform to ingest documents at scale},
  author={Staar, Peter WJ and Dolfi, Michele and Auer, Christoph and Bekas, Costas},
  booktitle={Proceedings of the 24th ACM SIGKDD International Conference on Knowledge Discovery \& Data Mining},
  pages={774--782},
  year={2018}
}

@article{wang2024mineru,
  title={Mineru: An open-source solution for precise document content extraction},
  author={Wang, Bin and Xu, Chao and Zhao, Xiaomeng and Ouyang, Linke and Wu, Fan and Zhao, Zhiyuan and Xu, Rui and Liu, Kaiwen and Qu, Yuan and Shang, Fukai and others},
  journal={arXiv preprint arXiv:2409.18839},
  year={2024}
}

@article{weber2023wordscape,
  title={WordScape: a Pipeline to extract multilingual, visually rich Documents with Layout Annotations from Web Crawl Data},
  author={Weber, Maurice and Siebenschuh, Carlo and Butler, Rory and Alexandrov, Anton and Thanner, Valdemar and Tsolakis, Georgios and Jabbar, Haris and Foster, Ian and Li, Bo and Stevens, Rick and others},
  journal={Advances in Neural Information Processing Systems},
  volume={36},
  pages={26048--26068},
  year={2023}
}

@article{zerrouki2017tashkeela,
  title={Tashkeela: Novel corpus of Arabic vocalized texts, data for auto-diacritization systems},
  author={Zerrouki, Taha and Balla, Amar},
  journal={Data in brief},
  volume={11},
  pages={147},
  year={2017}
}

@article{zhao2024doclayout,
  title={Doclayout-yolo: Enhancing document layout analysis through diverse synthetic data and global-to-local adaptive perception},
  author={Zhao, Z. and Kang, H. and Wang, B. and He, C.},
  journal={arXiv preprint arXiv:2410.12628},
  year={2024}
}

@inproceedings{zheng2021global,
  title={Global table extractor (gte): A framework for joint table identification and cell structure recognition using visual context},
  author={Zheng, Xinyi and Burdick, Douglas and Popa, Lucian and Zhong, Xu and Wang, Nancy Xin Ru},
  booktitle={Proceedings of the IEEE/CVF winter conference on applications of computer vision},
  pages={697--706},
  year={2021}
}

@inproceedings{zhong2019publaynet,
  title={Publaynet: largest dataset ever for document layout analysis},
  author={Zhong, Xu and Tang, Jianbin and Yepes, Antonio Jimeno},
  booktitle={2019 International conference on document analysis and recognition (ICDAR)},
  pages={1015--1022},
  year={2019},
  organization={IEEE}
}

