@inproceedings{Bae2022from,
   author = {HeeSun Bae and Seungjae Shin and Byeonghu Na and JoonHo Jang and Kyungwoo Song and Il-Chul Moon},
   booktitle = {International Conference on Machine Learning},
   month = {5},
   title = {From Noisy Prediction to True Label: Noisy Prediction Calibration via Generative Model},
   year = {2022},
}

@inproceedings{berthon2021confidence,
	title={Confidence scores make instance-dependent label-noise learning possible},
	author={Berthon, Antonin and Han, Bo and Niu, Gang and Liu, Tongliang and Sugiyama, Masashi},
	booktitle={International conference on machine learning},
	pages={825--836},
	year={2021},
	organization={PMLR}
}

@article{chen2024unm,
  title={UNM: A Universal Approach for Noisy Multi-label Learning},
  author={Chen, Jia-Yao and Li, Shao-Yuan and Huang, Sheng-Jun and Chen, Songcan and Wang, Lei and Xie, Ming-Kun},
  journal={IEEE Transactions on Knowledge and Data Engineering},
  year={2024},
  publisher={IEEE}
}

@article{han2018co,
  title={Co-teaching: Robust training of deep neural networks with extremely noisy labels},
  author={Han, Bo and Yao, Quanming and Yu, Xingrui and Niu, Gang and Xu, Miao and Hu, Weihua and Tsang, Ivor and Sugiyama, Masashi},
  journal={Advances in neural information processing systems},
  volume={31},
  year={2018}
}

@article{han2018masking,
	title={Masking: A new perspective of noisy supervision},
	author={Han, Bo and Yao, Jiangchao and Niu, Gang and Zhou, Mingyuan and Tsang, Ivor and Zhang, Ya and Sugiyama, Masashi},
	journal={Advances in neural information processing systems},
	volume={31},
	year={2018}
}

@article{kim2021fine,
	title={Fine samples for learning with noisy labels},
	author={Kim, Taehyeon and Ko, Jongwoo and Choi, JinHwan and Yun, Se-Young and others},
	journal={Advances in Neural Information Processing Systems},
	volume={34},
	pages={24137--24149},
	year={2021}
}

@article{liu2020early,
  title={Early-learning regularization prevents memorization of noisy labels},
  author={Liu, Sheng and Niles-Weed, Jonathan and Razavian, Narges and Fernandez-Granda, Carlos},
  journal={Advances in neural information processing systems},
  volume={33},
  pages={20331--20342},
  year={2020}
}

@inproceedings{ma2020normalized,
	title={Normalized loss functions for deep learning with noisy labels},
	author={Ma, Xingjun and Huang, Hanxun and Wang, Yisen and Romano, Simone and Erfani, Sarah and Bailey, James},
	booktitle={International conference on machine learning},
	pages={6543--6553},
	year={2020},
	organization={PMLR}
}

@article{malach2017decoupling,
	title={Decoupling" when to update" from" how to update"},
	author={Malach, Eran and Shalev-Shwartz, Shai},
	journal={Advances in neural information processing systems},
	volume={30},
	year={2017}
}

@inproceedings{patrini2017making,
	title={Making deep neural networks robust to label noise: A loss correction approach},
	author={Patrini, Giorgio and Rozza, Alessandro and Krishna Menon, Aditya and Nock, Richard and Qu, Lizhen},
	booktitle={Proceedings of the IEEE conference on computer vision and pattern recognition},
	pages={1944--1952},
	year={2017}
}

@article{song2022learning,
	title={Learning from noisy labels with deep neural networks: A survey},
	author={Song, Hwanjun and Kim, Minseok and Park, Dongmin and Shin, Yooju and Lee, Jae-Gil},
	journal={IEEE transactions on neural networks and learning systems},
	volume={34},
	number={11},
	pages={8135--8153},
	year={2022},
	publisher={IEEE}
}

@inproceedings{tanaka2018joint,
	title={Joint optimization framework for learning with noisy labels},
	author={Tanaka, Daiki and Ikami, Daiki and Yamasaki, Toshihiko and Aizawa, Kiyoharu},
	booktitle={Proceedings of the IEEE conference on computer vision and pattern recognition},
	pages={5552--5560},
	year={2018}
}

@inproceedings{wang2019symmetric,
  title={Symmetric cross entropy for robust learning with noisy labels},
  author={Wang, Yisen and Ma, Xingjun and Chen, Zaiyi and Luo, Yuan and Yi, Jinfeng and Bailey, James},
  booktitle={Proceedings of the IEEE/CVF international conference on computer vision},
  pages={322--330},
  year={2019}
}

@inproceedings{wang2021proselflc,
	title={Proselflc: Progressive self label correction for training robust deep neural networks},
	author={Wang, Xinshao and Hua, Yang and Kodirov, Elyor and Clifton, David A and Robertson, Neil M},
	booktitle={Proceedings of the IEEE/CVF conference on computer vision and pattern recognition},
	pages={752--761},
	year={2021}
}

@inproceedings{wei2020combating,
	title={Combating noisy labels by agreement: A joint training method with co-regularization},
	author={Wei, Hongxin and Feng, Lei and Chen, Xiangyu and An, Bo},
	booktitle={Proceedings of the IEEE/CVF conference on computer vision and pattern recognition},
	pages={13726--13735},
	year={2020}
}

@article{xia2020part,
	title={Part-dependent label noise: Towards instance-dependent label noise},
	author={Xia, Xiaobo and Liu, Tongliang and Han, Bo and Wang, Nannan and Gong, Mingming and Liu, Haifeng and Niu, Gang and Tao, Dacheng and Sugiyama, Masashi},
	journal={Advances in Neural Information Processing Systems},
	volume={33},
	pages={7597--7610},
	year={2020}
}

@inproceedings{xia2020robust,
	title={Robust early-learning: Hindering the memorization of noisy labels},
	author={Xia, Xiaobo and Liu, Tongliang and Han, Bo and Gong, Chen and Wang, Nannan and Ge, Zongyuan and Chang, Yi},
	booktitle={International conference on learning representations},
	year={2020}
}

@inproceedings{xia2023holistic,
  title={Holistic label correction for noisy multi-label classification},
  author={Xia, Xiaobo and Deng, Jiankang and Bao, Wei and Du, Yuxuan and Han, Bo and Shan, Shiguang and Liu, Tongliang},
  booktitle={Proceedings of the IEEE/CVF International Conference on Computer Vision},
  pages={1483--1493},
  year={2023}
}

@article{yao2020dual,
	title={Dual t: Reducing estimation error for transition matrix in label-noise learning},
	author={Yao, Yu and Liu, Tongliang and Han, Bo and Gong, Mingming and Deng, Jiankang and Niu, Gang and Sugiyama, Masashi},
	journal={Advances in neural information processing systems},
	volume={33},
	pages={7260--7271},
	year={2020}
}

@inproceedings{yu2019does,
	title={How does disagreement help generalization against label corruption?},
	author={Yu, Xingrui and Han, Bo and Yao, Jiangchao and Niu, Gang and Tsang, Ivor and Sugiyama, Masashi},
	booktitle={International conference on machine learning},
	pages={7164--7173},
	year={2019},
	organization={PMLR}
}

@article{zhang2018generalized,
	title={Generalized cross entropy loss for training deep neural networks with noisy labels},
	author={Zhang, Zhilu and Sabuncu, Mert},
	journal={Advances in neural information processing systems},
	volume={31},
	year={2018}
}

@inproceedings{zhang2021learning,
	title={Learning noise transition matrix from only noisy labels via total variation regularization},
	author={Zhang, Yivan and Niu, Gang and Sugiyama, Masashi},
	booktitle={International Conference on Machine Learning},
	pages={12501--12512},
	year={2021},
	organization={PMLR}
}

@article{zhang2021understanding,
	title={Understanding deep learning (still) requires rethinking generalization},
	author={Zhang, Chiyuan and Bengio, Samy and Hardt, Moritz and Recht, Benjamin and Vinyals, Oriol},
	journal={Communications of the ACM},
	volume={64},
	number={3},
	pages={107--115},
	year={2021},
	publisher={ACM New York, NY, USA}
}

@inproceedings{zheng2020error,
	title={Error-bounded correction of noisy labels},
	author={Zheng, Songzhu and Wu, Pengxiang and Goswami, Aman and Goswami, Mayank and Metaxas, Dimitris and Chen, Chao},
	booktitle={International Conference on Machine Learning},
	pages={11447--11457},
	year={2020},
	organization={PMLR}
}

@inproceedings{zheng2021meta,
	title={Meta label correction for noisy label learning},
	author={Zheng, Guoqing and Awadallah, Ahmed Hassan and Dumais, Susan},
	booktitle={Proceedings of the AAAI conference on artificial intelligence},
	volume={35},
	number={12},
	pages={11053--11061},
	year={2021}
}

