@inproceedings{selvaraju2017grad,
	title={Grad-cam: Visual explanations from deep networks via gradient-based localization},
	author={Selvaraju, Ramprasaath R and Cogswell, Michael and Das, Abhishek and Vedantam, Ramakrishna and Parikh, Devi and Batra, Dhruv},
	booktitle={Proceedings of the IEEE international conference on computer vision},
	pages={618--626},
	year={2017}
}

@inproceedings{
loshchilov2018decoupled,
	title={Decoupled Weight Decay Regularization},
	author={Ilya Loshchilov and Frank Hutter},
	booktitle={International Conference on Learning Representations},
	year={2019},
	url={https://openreview.net/forum?id=Bkg6RiCqY7},
}

@article{hendrycks2016gaussian,
  title={Gaussian error linear units (gelus)},
  author={Hendrycks, Dan and Gimpel, Kevin},
  journal={arXiv preprint arXiv:1606.08415},
  year={2016}
}

@book{nelsen2006introduction,
  title={An introduction to copulas},
  author={Nelsen, Roger B},
  year={2006},
  publisher={Springer}
}

@inproceedings{berthon2021confidence,
	title={Confidence scores make instance-dependent label-noise learning possible},
	author={Berthon, Antonin and Han, Bo and Niu, Gang and Liu, Tongliang and Sugiyama, Masashi},
	booktitle={International conference on machine learning},
	pages={825--836},
	year={2021},
	organization={PMLR}
}

@article{xia2020part,
	title={Part-dependent label noise: Towards instance-dependent label noise},
	author={Xia, Xiaobo and Liu, Tongliang and Han, Bo and Wang, Nannan and Gong, Mingming and Liu, Haifeng and Niu, Gang and Tao, Dacheng and Sugiyama, Masashi},
	journal={Advances in Neural Information Processing Systems},
	volume={33},
	pages={7597--7610},
	year={2020}
}

@inproceedings{zhang2021learning,
	title={Learning noise transition matrix from only noisy labels via total variation regularization},
	author={Zhang, Yivan and Niu, Gang and Sugiyama, Masashi},
	booktitle={International Conference on Machine Learning},
	pages={12501--12512},
	year={2021},
	organization={PMLR}
}

@article{yao2020dual,
	title={Dual t: Reducing estimation error for transition matrix in label-noise learning},
	author={Yao, Yu and Liu, Tongliang and Han, Bo and Gong, Mingming and Deng, Jiankang and Niu, Gang and Sugiyama, Masashi},
	journal={Advances in neural information processing systems},
	volume={33},
	pages={7260--7271},
	year={2020}
}

@inproceedings{patrini2017making,
	title={Making deep neural networks robust to label noise: A loss correction approach},
	author={Patrini, Giorgio and Rozza, Alessandro and Krishna Menon, Aditya and Nock, Richard and Qu, Lizhen},
	booktitle={Proceedings of the IEEE conference on computer vision and pattern recognition},
	pages={1944--1952},
	year={2017}
}

@inproceedings{ma2020normalized,
	title={Normalized loss functions for deep learning with noisy labels},
	author={Ma, Xingjun and Huang, Hanxun and Wang, Yisen and Romano, Simone and Erfani, Sarah and Bailey, James},
	booktitle={International conference on machine learning},
	pages={6543--6553},
	year={2020},
	organization={PMLR}
}

@article{zhang2018generalized,
	title={Generalized cross entropy loss for training deep neural networks with noisy labels},
	author={Zhang, Zhilu and Sabuncu, Mert},
	journal={Advances in neural information processing systems},
	volume={31},
	year={2018}
}

@inproceedings{xia2020robust,
	title={Robust early-learning: Hindering the memorization of noisy labels},
	author={Xia, Xiaobo and Liu, Tongliang and Han, Bo and Gong, Chen and Wang, Nannan and Ge, Zongyuan and Chang, Yi},
	booktitle={International conference on learning representations},
	year={2020}
}

@inproceedings{zheng2020error,
	title={Error-bounded correction of noisy labels},
	author={Zheng, Songzhu and Wu, Pengxiang and Goswami, Aman and Goswami, Mayank and Metaxas, Dimitris and Chen, Chao},
	booktitle={International Conference on Machine Learning},
	pages={11447--11457},
	year={2020},
	organization={PMLR}
}

@inproceedings{zheng2021meta,
	title={Meta label correction for noisy label learning},
	author={Zheng, Guoqing and Awadallah, Ahmed Hassan and Dumais, Susan},
	booktitle={Proceedings of the AAAI conference on artificial intelligence},
	volume={35},
	number={12},
	pages={11053--11061},
	year={2021}
}

@inproceedings{wei2020combating,
	title={Combating noisy labels by agreement: A joint training method with co-regularization},
	author={Wei, Hongxin and Feng, Lei and Chen, Xiangyu and An, Bo},
	booktitle={Proceedings of the IEEE/CVF conference on computer vision and pattern recognition},
	pages={13726--13735},
	year={2020}
}

@inproceedings{yu2019does,
	title={How does disagreement help generalization against label corruption?},
	author={Yu, Xingrui and Han, Bo and Yao, Jiangchao and Niu, Gang and Tsang, Ivor and Sugiyama, Masashi},
	booktitle={International conference on machine learning},
	pages={7164--7173},
	year={2019},
	organization={PMLR}
}

@inproceedings{tanaka2018joint,
	title={Joint optimization framework for learning with noisy labels},
	author={Tanaka, Daiki and Ikami, Daiki and Yamasaki, Toshihiko and Aizawa, Kiyoharu},
	booktitle={Proceedings of the IEEE conference on computer vision and pattern recognition},
	pages={5552--5560},
	year={2018}
}

@article{han2018masking,
	title={Masking: A new perspective of noisy supervision},
	author={Han, Bo and Yao, Jiangchao and Niu, Gang and Zhou, Mingyuan and Tsang, Ivor and Zhang, Ya and Sugiyama, Masashi},
	journal={Advances in neural information processing systems},
	volume={31},
	year={2018}
}

@inproceedings{wang2021proselflc,
	title={Proselflc: Progressive self label correction for training robust deep neural networks},
	author={Wang, Xinshao and Hua, Yang and Kodirov, Elyor and Clifton, David A and Robertson, Neil M},
	booktitle={Proceedings of the IEEE/CVF conference on computer vision and pattern recognition},
	pages={752--761},
	year={2021}
}

@article{kim2021fine,
	title={Fine samples for learning with noisy labels},
	author={Kim, Taehyeon and Ko, Jongwoo and Choi, JinHwan and Yun, Se-Young and others},
	journal={Advances in Neural Information Processing Systems},
	volume={34},
	pages={24137--24149},
	year={2021}
}

@article{malach2017decoupling,
	title={Decoupling" when to update" from" how to update"},
	author={Malach, Eran and Shalev-Shwartz, Shai},
	journal={Advances in neural information processing systems},
	volume={30},
	year={2017}
}

@article{song2022learning,
	title={Learning from noisy labels with deep neural networks: A survey},
	author={Song, Hwanjun and Kim, Minseok and Park, Dongmin and Shin, Yooju and Lee, Jae-Gil},
	journal={IEEE transactions on neural networks and learning systems},
	volume={34},
	number={11},
	pages={8135--8153},
	year={2022},
	publisher={IEEE}
}

@article{zhang2021understanding,
	title={Understanding deep learning (still) requires rethinking generalization},
	author={Zhang, Chiyuan and Bengio, Samy and Hardt, Moritz and Recht, Benjamin and Vinyals, Oriol},
	journal={Communications of the ACM},
	volume={64},
	number={3},
	pages={107--115},
	year={2021},
	publisher={ACM New York, NY, USA}
}

@inproceedings{ye2020attention,
	title={Attention-driven dynamic graph convolutional network for multi-label image recognition},
	author={Ye, Jin and He, Junjun and Peng, Xiaojiang and Wu, Wenhao and Qiao, Yu},
	booktitle={Computer Vision--ECCV 2020: 16th European Conference, Glasgow, UK, August 23--28, 2020, Proceedings, Part XXI 16},
	pages={649--665},
	year={2020},
	organization={Springer}
}

@ARTICLE{Zhang2006multilabel,
  	author={Min-Ling Zhang and Zhi-Hua Zhou},
  	journal={IEEE Transactions on Knowledge and Data Engineering}, 
  	title={Multilabel Neural Networks with Applications to Functional Genomics and Text Categorization}, 
  	year={2006},
  	volume={18},
  	number={10},
  	pages={1338-1351},
  	keywords={Neural networks;Genomics;Bioinformatics;Text categorization;Backpropagation algorithms;Learning systems;Layout;Data mining;Government;Biochemistry;Machine learning;data mining;multilabel learning;neural networks;backpropagation;functional genomics;text categorization.},
  	doi={10.1109/TKDE.2006.162}
}


@inproceedings{wu2017unified,
  	title={A unified view of multi-label performance measures},
  	author={Wu, Xi-Zhu and Zhou, Zhi-Hua},
  	booktitle={International Conference on Machine Learning},
 	 pages={3780--3788},
  	year={2017},
  	organization={PMLR}
}

@article{alexey2020image,
	title={An image is worth 16x16 words: Transformers for image recognition at scale},
	author={Alexey, Dosovitskiy},
	journal={arXiv preprint arXiv: 2010.11929},
	year={2020}
}

@inproceedings{he2016deep,
	title={Deep residual learning for image recognition},
	author={He, Kaiming and Zhang, Xiangyu and Ren, Shaoqing and Sun, Jian},
	booktitle={Proceedings of the IEEE conference on computer vision and pattern recognition},
	pages={770--778},
	year={2016}
}

@article{van2015learning,
	title={Learning with symmetric label noise: The importance of being unhinged},
	author={Van Rooyen, Brendan and Menon, Aditya and Williamson, Robert C},
	journal={Advances in neural information processing systems},
	volume={28},
	year={2015}
}  

@article{gehlot2023tomato,
	title={"Tomato-Village": a dataset for end-to-end tomato disease detection in a real-world environment},
	author={Gehlot, Mamta and Saxena, Rakesh Kumar and Gandhi, Geeta Chhabra},
	journal={Multimedia Systems},
	volume={29},
	number={6},
	pages={3305--3328},
	year={2023},
	publisher={Springer}
}

@inproceedings{lin2014microsoft,
	title={Microsoft coco: Common objects in context},
	author={Lin, Tsung-Yi and Maire, Michael and Belongie, Serge and Hays, James and Perona, Pietro and Ramanan, Deva and Doll{\'a}r, Piotr and Zitnick, C Lawrence},
	booktitle={Computer Vision--ECCV 2014: 13th European Conference, Zurich, Switzerland, September 6-12, 2014, Proceedings, Part V 13},
	pages={740--755},
	year={2014},
	organization={Springer}
}

@article{everingham2007pascal,
	title={The pascal visual object classes challenge,(voc2007) results},
	author={Everingham, Mark},
	journal={http://pascallin. ecs. soton. ac. uk/challenges/VOC/voc2007/index. html.},
	year={2007}
}

@inproceedings{roskams2023leveraging,
  title={Leveraging variational autoencoders for multiple data imputation},
  author={Roskams-Hieter, Breeshey and Wells, Jude and Wade, Sara},
  booktitle={Joint European Conference on Machine Learning and Knowledge Discovery in Databases},
  pages={491--506},
  year={2023},
  organization={Springer}
}

@article{kingma2014semi,
  title={Semi-supervised learning with deep generative models},
  author={Kingma, Durk P and Mohamed, Shakir and Jimenez Rezende, Danilo and Welling, Max},
  journal={Advances in neural information processing systems},
  volume={27},
  year={2014}
}

@inproceedings{Li2022est,
  author = {Li, Shikun and Xia, Xiaobo and Zhang, Hansong and Zhan, Yibing and Ge, Shiming and Liu, Tongliang},
  booktitle = {Advances in Neural Information Processing Systems},
  pages = {24184--24198}, 
  title = {Estimating Noise Transition Matrix with Label Correlations for Noisy Multi-Label Learning},
  volume = {35},
  year = {2022}
}

@inproceedings{Kingma2014vae, 
  author = {Kingma, Diederik P. and Welling, Max},
  booktitle = {2nd International Conference on Learning Representations, {ICLR}},
  title = {{Auto-Encoding Variational Bayes}},
  year = 2014
}

@book{nesterov2018lectures,
  title={Lectures on convex optimization},
  author={Nesterov, Yurii and others},
  volume={137},
  year={2018},
  publisher={Springer}
}

@inproceedings{xia2023holistic,
  title={Holistic label correction for noisy multi-label classification},
  author={Xia, Xiaobo and Deng, Jiankang and Bao, Wei and Du, Yuxuan and Han, Bo and Shan, Shiguang and Liu, Tongliang},
  booktitle={Proceedings of the IEEE/CVF International Conference on Computer Vision},
  pages={1483--1493},
  year={2023}
}

@inproceedings{engel2018latent,
  title={Latent Constraints: Learning to Generate Conditionally from Unconditional Generative Models},
  author={Jesse Engel and Matthew Hoffman and Adam Roberts},
  booktitle={International Conference on Learning Representations},
  year={2018}, 
}

@article{chen2024unm,
  title={UNM: A Universal Approach for Noisy Multi-label Learning},
  author={Chen, Jia-Yao and Li, Shao-Yuan and Huang, Sheng-Jun and Chen, Songcan and Wang, Lei and Xie, Ming-Kun},
  journal={IEEE Transactions on Knowledge and Data Engineering},
  year={2024},
  publisher={IEEE}
}

@article{li2023improved,
  title = {Improved marginal likelihood estimation via power posteriors and importance sampling},
  journal = {Journal of Econometrics},
  volume = {234},
  number = {1},
  pages = {28-52},
  year = {2023},
  issn = {0304-4076},
  doi = {https://doi.org/10.1016/j.jeconom.2021.11.009},
  author = {Yong Li and Nianling Wang and Jun Yu},
}

@article{friel2014improving,
  title={Improving power posterior estimation of statistical evidence},
  author={Friel, Nial and Hurn, Merrilee and Wyse, Jason},
  journal={Statistics and Computing},
  volume={24},
  pages={709--723},
  year={2014},
  publisher={Springer}
}

@article{maddison2016concrete,
  title={The concrete distribution: A continuous relaxation of discrete random variables},
  author={Maddison, Chris J and Mnih, Andriy and Teh, Yee Whye},
  journal={arXiv preprint arXiv:1611.00712},
  year={2016}
}

@inproceedings{wang2020relaxed,
  title={Relaxed multivariate bernoulli distribution and its applications to deep generative models},
  author={Wang, Xi and Yin, Junming},
  booktitle={Conference on Uncertainty in Artificial Intelligence},
  pages={500--509},
  year={2020},
  organization={PMLR}
}

@article{walker2004modern,
  title={Modern Bayesian asymptotics},
  author={Walker, Stephen G},
  journal={Statistical Science},
  pages={111--117},
  year={2004},
  publisher={JSTOR}
}

@inproceedings{graham2021levit,
  title={Levit: a vision transformer in convnet's clothing for faster inference},
  author={Graham, Benjamin and El-Nouby, Alaaeldin and Touvron, Hugo and Stock, Pierre and Joulin, Armand and J{\'e}gou, Herv{\'e} and Douze, Matthijs},
  booktitle={Proceedings of the IEEE/CVF international conference on computer vision},
  pages={12259--12269},
  year={2021}
}

@article{gelfand1994bayesian,
  title={Bayesian model choice: asymptotics and exact calculations},
  author={Gelfand, Alan E and Dey, Dipak K},
  journal={Journal of the Royal Statistical Society: Series B (Methodological)},
  volume={56},
  number={3},
  pages={501--514},
  year={1994},
  publisher={Wiley Online Library}
}

@article{Song2023learning,
   author = {Hwanjun Song and Minseok Kim and Dongmin Park and Yooju Shin and Jae Gil Lee},
   doi = {10.1109/TNNLS.2022.3152527},
   issn = {21622388},
   issue = {11},
   journal = {IEEE Transactions on Neural Networks and Learning Systems},
   month = {11},
   pages = {8135-8153},
   pmid = {35254993},
   publisher = {Institute of Electrical and Electronics Engineers Inc.},
   title = {Learning From Noisy Labels With Deep Neural Networks: A Survey},
   volume = {34},
   year = {2023},
}
 
@inproceedings{Bae2022from,
   author = {HeeSun Bae and Seungjae Shin and Byeonghu Na and JoonHo Jang and Kyungwoo Song and Il-Chul Moon},
   booktitle = {International Conference on Machine Learning},
   month = {5},
   title = {From Noisy Prediction to True Label: Noisy Prediction Calibration via Generative Model},
   year = {2022},
}

@inproceedings{xiao2015learning,
  title={Learning from massive noisy labeled data for image classification},
  author={Xiao, Tong and Xia, Tian and Yang, Yi and Huang, Chang and Wang, Xiaogang},
  booktitle={Proceedings of the IEEE conference on computer vision and pattern recognition},
  pages={2691--2699},
  year={2015}
}

@article{liu2017easy,
  title={An easy-to-hard learning paradigm for multiple classes and multiple labels},
  author={Liu, Weiwei and Tsang, Ivor W and Klaus-Robert, M{\"u}ller and others},
  journal={Journal of Machine Learning Research},
  volume={18},
  number={94},
  pages={1--38},
  year={2017}
}

@inproceedings{tu2023learning,
  title={Learning with noisy labels via self-supervised adversarial noisy masking},
  author={Tu, Yuanpeng and Zhang, Boshen and Li, Yuxi and Liu, Liang and Li, Jian and Zhang, Jiangning and Wang, Yabiao and Wang, Chengjie and Zhao, Cai Rong},
  booktitle={Proceedings of the IEEE/CVF Conference on Computer Vision and Pattern Recognition},
  pages={16186--16195},
  year={2023}
}

@inproceedings{li2021provably,
  title={Provably end-to-end label-noise learning without anchor points},
  author={Li, Xuefeng and Liu, Tongliang and Han, Bo and Niu, Gang and Sugiyama, Masashi},
  booktitle={International conference on machine learning},
  pages={6403--6413},
  year={2021},
  organization={PMLR}
}

@inproceedings{yang2022estimating,
  title={Estimating instance-dependent bayes-label transition matrix using a deep neural network},
  author={Yang, Shuo and Yang, Erkun and Han, Bo and Liu, Yang and Xu, Min and Niu, Gang and Liu, Tongliang},
  booktitle={International Conference on Machine Learning},
  pages={25302--25312},
  year={2022},
  organization={PMLR}
}

@article{Bogatinovski2022comp,
  title = {Comprehensive comparative study of multi-label classification
  methods},
  journal = {Expert Systems with Applications},
  volume = {203},
  pages = {117215},
  year = {2022},
  issn = {0957-4174},
  doi = {https://doi.org/10.1016/j.eswa.2022.117215},
  author = {Jasmin Bogatinovski and Ljupčo Todorovski and Sašo Džeroski and
  Dragi Kocev},
}

@INPROCEEDINGS{jiang2024leveraging,
  author={Jiang, Hua and Chen, Yixiong and Liu, Li and Han, Xiaoguang and Zhang, Xiao-Ping},
  booktitle={ICASSP 2024 - 2024 IEEE International Conference on Acoustics, Speech and Signal Processing (ICASSP)}, 
  title={Leveraging Noisy Labels of Nearest Neighbors for Label Correction and Sample Selection}, 
  year={2024},
  volume={},
  number={},
  pages={7720-7724},
  keywords={Training;Deep learning;Predictive models;Benchmark testing;Signal processing;Spatial databases;Robustness;Noisy label;Label correction;Sample selection;Feature Representation},
  doi={10.1109/ICASSP48485.2024.10446280}}

@INPROCEEDINGS{Zhong2023Neighbour,
  author={Zhong, Xian and Su, Shuaipeng and Liu, Wenxuan and Jia, Xuemei and Huang, Wenxin and Wang, Mengdie},
  booktitle={ICASSP 2023 - 2023 IEEE International Conference on Acoustics, Speech and Signal Processing (ICASSP)}, 
  title={Neighborhood Information-Based Label Refinement for Person Re-Identification with Label Noise}, 
  year={2023},
  volume={},
  number={},
  pages={1-5},
  keywords={Fitting;Signal processing;Predictive models;Feature extraction;Acoustics;Noise measurement;Task analysis;Person Re-Identification;Label Noise;Label Refinement;Neighborhood Information},
  doi={10.1109/ICASSP49357.2023.10096080}}

@inproceedings{lu2023selc,
  title = {SELC: Self-Ensemble Label Correction Improves Learning with Noisy
  Labels},
  author = {Lu, Yangdi and He, Wenbo},
  booktitle = {Proceedings of the Thirty-First International Joint Conference on
  Artificial Intelligence, {IJCAI-22}},
  pages = {3278--3284},
  year = {2022},
  month = {7}, 
  doi = {10.24963/ijcai.2022/455}, 
}

@article{welinder2010multidimensional,
  title={The multidimensional wisdom of crowds},
  author={Welinder, Peter and Branson, Steve and Perona, Pietro and Belongie, Serge},
  journal={Advances in neural information processing systems},
  volume={23},
  year={2010}
}
 
@article{cheng2020learning,
  title={Learning with instance-dependent label noise: A sample sieve approach},
  author={Cheng, Hao and Zhu, Zhaowei and Li, Xingyu and Gong, Yifei and Sun, Xing and Liu, Yang},
  journal={arXiv preprint arXiv:2010.02347},
  year={2020}
}

@inproceedings{wang2019symmetric,
  title={Symmetric cross entropy for robust learning with noisy labels},
  author={Wang, Yisen and Ma, Xingjun and Chen, Zaiyi and Luo, Yuan and Yi, Jinfeng and Bailey, James},
  booktitle={Proceedings of the IEEE/CVF international conference on computer vision},
  pages={322--330},
  year={2019}
}

@article{liu2020early,
  title={Early-learning regularization prevents memorization of noisy labels},
  author={Liu, Sheng and Niles-Weed, Jonathan and Razavian, Narges and Fernandez-Granda, Carlos},
  journal={Advances in neural information processing systems},
  volume={33},
  pages={20331--20342},
  year={2020}
}

@inproceedings{Takahashi2018student,
  title     = {Student-t Variational Autoencoder for Robust Density Estimation},
  author    = {Hiroshi Takahashi and Tomoharu Iwata and Yuki Yamanaka and Masanori Yamada and Satoshi Yagi},
  booktitle = {Proceedings of the Twenty-Seventh International Joint Conference on
               Artificial Intelligence, {IJCAI-18}},
  publisher = {International Joint Conferences on Artificial Intelligence Organization},
  pages     = {2696--2702},
  year      = {2018},
  month     = {7},
  doi       = {10.24963/ijcai.2018/374}, 
}

@inproceedings{Abiri2019vae,
  title = "Variational auto-encoders with Student{\textquoteright}s t-prior",
  author = "Najmeh Abiri and Mattias Ohlsson",
  year = "2019",
  booktitle = "ESANN 2019 - Proceedings",
  note = "27th European Symposium on Artificial Neural Networks, Computational Intelligence and Machine Learning, ESANN 2019 ; Conference date: 24-04-2019 Through 26-04-2019",
}

@article{Castillo2015bayesian,
  author = {Isma{\"e}l Castillo and Johannes Schmidt-Hieber and Aad van der Vaart},
  title = {{Bayesian linear regression with sparse priors}},
  volume = {43},
  journal = {The Annals of Statistics},
  number = {5},
  publisher = {Institute of Mathematical Statistics},
  pages = {1986 -- 2018},
  keywords = {Bayesian inference, Sparsity},
  year = {2015},
  doi = {10.1214/15-AOS1334},
}

@article{han2018co,
  title={Co-teaching: Robust training of deep neural networks with extremely noisy labels},
  author={Han, Bo and Yao, Quanming and Yu, Xingrui and Niu, Gang and Xu, Miao and Hu, Weihua and Tsang, Ivor and Sugiyama, Masashi},
  journal={Advances in neural information processing systems},
  volume={31},
  year={2018}
}

@article{GAO2021on,
  title = {On the noise estimation statistics},
  journal = {Artificial Intelligence},
  volume = {293},
  pages = {103451},
  year = {2021},  
  author = {Wei Gao and Teng Zhang and Bin-Bin Yang and Zhi-Hua Zhou},
}

@INPROCEEDINGS{roth2013a,
  author={Roth, Michael and Özkan, Emre and Gustafsson, Fredrik},
  booktitle={2013 IEEE International Conference on Acoustics, Speech and Signal Processing}, 
  title={A Student's t filter for heavy tailed process and measurement noise}, 
  year={2013},
  volume={},
  number={},
  pages={5770-5774},
}

@INPROCEEDINGS{li2021t,
  author={Li, Yiming and Zhang, Yang and Tang, Qingtao and Huang, Weipeng and Jiang, Yong and Xia, Shu-Tao},
  booktitle={ICASSP 2021 - 2021 IEEE International Conference on Acoustics, Speech and Signal Processing (ICASSP)}, 
  title={t-k-means: A ROBUST AND STABLE k-means VARIANT}, 
  year={2021},
  volume={},
  number={},
  pages={3120-3124},
}

@InProceedings{Huschens1999measuring,
  author="Huschens, S. and Kim, J.-R.",
  editor="Gaul, Wolfgang and Locarek-Junge, Hermann",
  title="Measuring Risk in Value-at-Risk Based on Student's t-Distribution",
  booktitle="Classification in the Information Age",
  year="1999",
  publisher="Springer Berlin Heidelberg",
  address="Berlin, Heidelberg",
  pages="453--459",
  isbn="978-3-642-60187-3"
}

@ARTICLE{huang2019novel,
  author={Huang, Yulong and Zhang, Yonggang and Chambers, Jonathon A.},
  journal={IEEE Transactions on Signal Processing}, 
  title={A Novel Kullback–Leibler Divergence Minimization-Based Adaptive Student's t-Filter}, 
  year={2019},
  volume={67},
  number={20},
  pages={5417-5432},
  doi={10.1109/TSP.2019.2939079}
}

@book{thomas2006elements,
  title={{Elements of Information Theory}},
  author={Thomas, MTCAJ and Joy, A Thomas},
  year={2006},
  publisher={Wiley-Interscience}
}

@article{Li2020a,
	author = {Li, Rui and Nadarajah, Saralees},
	da = {2020/03/01},
	date-added = {2024-09-24 11:54:53 +0800},
	date-modified = {2024-09-24 11:54:53 +0800},
	doi = {10.1007/s00181-018-1570-0},
	id = {Li2020},
	isbn = {1435-8921},
	journal = {Empirical Economics},
	number = {3},
	pages = {1461--1490},
	title = {A review of Student's t distribution and its generalizations},
	ty = {JOUR},
	volume = {58},
	year = {2020},
}


@article{zhu2024hill,
  title={HILL: Hierarchy-aware Information Lossless Contrastive Learning for Hierarchical Text Classification},
  author={Zhu, He and Wu, Junran and Liu, Ruomei and Hou, Yue and Yuan, Ze and Li, Shangzhe and Pan, Yicheng and Xu, Ke},
  journal={arXiv preprint arXiv:2403.17307},
  year={2024}
}
  
@inproceedings{wang2022contrastive,
  title={Contrastive learning-enhanced nearest neighbor mechanism for multi-label text classification},
  author={Wang, Ran and Dai, Xinyu and others},
  booktitle={Proceedings of the 60th Annual Meeting of the Association for Computational Linguistics (Volume 2: Short Papers)},
  pages={672--679},
  year={2022}
}

@inproceedings{zhang2022use,
  title={Use all the labels: A hierarchical multi-label contrastive learning framework},
  author={Zhang, Shu and Xu, Ran and Xiong, Caiming and Ramaiah, Chetan},
  booktitle={Proceedings of the IEEE/CVF Conference on Computer Vision and Pattern Recognition},
  pages={16660--16669},
  year={2022}
}

@article{zhang2024multi, 
	title={Multi-Label Supervised Contrastive Learning},
	volume={38}, 
	DOI={10.1609/aaai.v38i15.29619}, 
	number={15}, 
	journal={Proceedings of the AAAI Conference on Artificial Intelligence}, 
	author={Zhang, Pingyue and Wu, Mengyue}, 
	year={2024}, 
	month={Mar.}, 
	pages={16786-16793}
}
