@article{dai2023safe,
  title={Safe rlhf: Safe reinforcement learning from human feedback},
  author={Dai, Josef and Pan, Xuehai and Sun, Ruiyang and Ji, Jiaming and Xu, Xinbo and Liu, Mickel and Wang, Yizhou and Yang, Yaodong},
  journal={arXiv preprint arXiv:2310.12773},
  year={2023}
}
@article{li2025survey,
  title={A Survey on LLM Test-Time Compute via Search: Tasks, LLM Profiling, Search Algorithms, and Relevant Frameworks},
  author={Li, Xinzhe},
  journal={arXiv preprint arXiv:2501.10069},
  year={2025}
}
@article{qi2024safety,
  title={Safety Alignment Should Be Made More Than Just a Few Tokens Deep},
  author={Qi, Xiangyu and Panda, Ashwinee and Lyu, Kaifeng and Ma, Xiao and Roy, Subhrajit and Beirami, Ahmad and Mittal, Prateek and Henderson, Peter},
  journal={arXiv preprint arXiv:2406.05946},
  year={2024}
}
@article{wei2024assessing,
  title={Assessing the brittleness of safety alignment via pruning and low-rank modifications},
  author={Wei, Boyi and Huang, Kaixuan and Huang, Yangsibo and Xie, Tinghao and Qi, Xiangyu and Xia, Mengzhou and Mittal, Prateek and Wang, Mengdi and Henderson, Peter},
  journal={arXiv preprint arXiv:2402.05162},
  year={2024}
}
@article{li2025salora,
  title={SaLoRA: Safety-Alignment Preserved Low-Rank Adaptation},
  author={Li, Mingjie and Si, Wai Man and Backes, Michael and Zhang, Yang and Wang, Yisen},
  journal={arXiv preprint arXiv:2501.01765},
  year={2025}
}
@article{zhong2024rose,
  title={ROSE Doesn't Do That: Boosting the Safety of Instruction-Tuned Large Language Models with Reverse Prompt Contrastive Decoding},
  author={Zhong, Qihuang and Ding, Liang and Liu, Juhua and Du, Bo and Tao, Dacheng},
  journal={arXiv preprint arXiv:2402.11889},
  year={2024}
}
@article{xu2024safedecoding,
  title={Safedecoding: Defending against jailbreak attacks via safety-aware decoding},
  author={Xu, Zhangchen and Jiang, Fengqing and Niu, Luyao and Jia, Jinyuan and Lin, Bill Yuchen and Poovendran, Radha},
  journal={arXiv preprint arXiv:2402.08983},
  year={2024}
}
@article{banerjee2024safeinfer,
  title={SafeInfer: Context Adaptive Decoding Time Safety Alignment for Large Language Models},
  author={Banerjee, Somnath and Tripathy, Soham and Layek, Sayan and Kumar, Shanu and Mukherjee, Animesh and Hazra, Rima},
  journal={arXiv preprint arXiv:2406.12274},
  year={2024}
}
@article{niu2024parameter,
  title={Parameter-Efficient Detoxification with Contrastive Decoding},
  author={Niu, Tong and Xiong, Caiming and Yavuz, Semih and Zhou, Yingbo},
  journal={arXiv preprint arXiv:2401.06947},
  year={2024}
}
@article{wang2024probing,
  title={Probing the safety response boundary of large language models via unsafe decoding path generation},
  author={Wang, Haoyu and Wu, Bingzhe and Bian, Yatao and Chang, Yongzhe and Wang, Xueqian and Zhao, Peilin},
  journal={arXiv preprint arXiv:2408.10668},
  year={2024}
}
@article{zhao2024adversarial,
  title={Adversarial contrastive decoding: Boosting safety alignment of large language models via opposite prompt optimization},
  author={Zhao, Zhengyue and Zhang, Xiaoyun and Xu, Kaidi and Hu, Xing and Zhang, Rui and Du, Zidong and Guo, Qi and Chen, Yunji},
  journal={arXiv preprint arXiv:2406.16743},
  year={2024}
}
@article{ji2024aligner,
  title={Aligner: Efficient alignment by learning to correct},
  author={Ji, Jiaming and Chen, Boyuan and Lou, Hantao and Hong, Donghai and Zhang, Borong and Pan, Xuehai and Dai, Juntao and Qiu, Tianyi and Yang, Yaodong},
  journal={arXiv preprint arXiv:2402.02416},
  year={2024}
}
@article{zeng2024root,
  title={Root Defence Strategies: Ensuring Safety of LLM at the Decoding Level},
  author={Zeng, Xinyi and Shang, Yuying and Zhu, Yutao and Chen, Jiawei and Tian, Yu},
  journal={arXiv preprint arXiv:2410.06809},
  year={2024}
}
@article{choo2022simulation,
  title={Simulation-guided beam search for neural combinatorial optimization},
  author={Choo, Jinho and Kwon, Yeong-Dae and Kim, Jihoon and Jae, Jeongwoo and Hottung, Andr{\'e} and Tierney, Kevin and Gwon, Youngjune},
  journal={Advances in Neural Information Processing Systems},
  volume={35},
  pages={8760--8772},
  year={2022}
}
@article{li2025enhancing,
  title={Enhancing Reasoning through Process Supervision with Monte Carlo Tree Search},
  author={Li, Shuangtao and Dong, Shuaihao and Luan, Kexin and Di, Xinhan and Ding, Chaofan},
  journal={arXiv preprint arXiv:2501.01478},
  year={2025}
}
@article{zhang2024rest,
  title={Rest-mcts*: Llm self-training via process reward guided tree search},
  author={Zhang, Dan and Zhoubian, Sining and Hu, Ziniu and Yue, Yisong and Dong, Yuxiao and Tang, Jie},
  journal={arXiv preprint arXiv:2406.03816},
  year={2024}
}
@inproceedings{wang2024math,
  title={Math-shepherd: Verify and reinforce llms step-by-step without human annotations},
  author={Wang, Peiyi and Li, Lei and Shao, Zhihong and Xu, Runxin and Dai, Damai and Li, Yifei and Chen, Deli and Wu, Yu and Sui, Zhifang},
  booktitle={Proceedings of the 62nd Annual Meeting of the Association for Computational Linguistics (Volume 1: Long Papers)},
  pages={9426--9439},
  year={2024}
}
@article{an2024learn,
  title={Learn from Failure: Fine-Tuning LLMs with Trial-and-Error Data for Intuitionistic Propositional Logic Proving},
  author={An, Chenyang and Chen, Zhibo and Ye, Qihao and First, Emily and Peng, Letian and Zhang, Jiayun and Wang, Zihan and Lerner, Sorin and Shang, Jingbo},
  journal={arXiv preprint arXiv:2404.07382},
  year={2024}
}
@article{yang2024leandojo,
  title={Leandojo: Theorem proving with retrieval-augmented language models},
  author={Yang, Kaiyu and Swope, Aidan and Gu, Alex and Chalamala, Rahul and Song, Peiyang and Yu, Shixing and Godil, Saad and Prenger, Ryan J and Anandkumar, Animashree},
  journal={Advances in Neural Information Processing Systems},
  volume={36},
  year={2024}
}
@article{zeng2023large,
  title={Large language models for robotics: A survey},
  author={Zeng, Fanlong and Gan, Wensheng and Wang, Yongheng and Liu, Ning and Yu, Philip S},
  journal={arXiv preprint arXiv:2311.07226},
  year={2023}
}
@article{liang2024learning,
  title={Learning to learn faster from human feedback with language model predictive control},
  author={Liang, Jacky and Xia, Fei and Yu, Wenhao and Zeng, Andy and Arenas, Montserrat Gonzalez and Attarian, Maria and Bauza, Maria and Bennice, Matthew and Bewley, Alex and Dostmohamed, Adil and others},
  journal={arXiv preprint arXiv:2402.11450},
  year={2024}
}
@article{trinh2024solving,
  title={Solving olympiad geometry without human demonstrations},
  author={Trinh, Trieu H and Wu, Yuhuai and Le, Quoc V and He, He and Luong, Thang},
  journal={Nature},
  volume={625},
  number={7995},
  pages={476--482},
  year={2024},
  publisher={Nature Publishing Group UK London}
}
@book{honerkamp1996stochastic,
  title={Stochastic dynamical systems: concepts, numerical methods, data analysis},
  author={Honerkamp, Josef},
  year={1996},
  publisher={John Wiley \& Sons}
}
@misc{zimmer2024mixtureattentionsspeculativedecoding,
      title={Mixture of Attentions For Speculative Decoding}, 
      author={Matthieu Zimmer and Milan Gritta and Gerasimos Lampouras and Haitham Bou Ammar and Jun Wang},
      year={2024},
      eprint={2410.03804},
      archivePrefix={arXiv},
      primaryClass={cs.CL},
      url={https://arxiv.org/abs/2410.03804}, 
}
@misc{dai2023saferlhfsafereinforcement,
      title={Safe RLHF: Safe Reinforcement Learning from Human Feedback}, 
      author={Josef Dai and Xuehai Pan and Ruiyang Sun and Jiaming Ji and Xinbo Xu and Mickel Liu and Yizhou Wang and Yaodong Yang},
      year={2023},
      eprint={2310.12773},
      archivePrefix={arXiv},
      primaryClass={cs.AI},
      url={https://arxiv.org/abs/2310.12773}, 
}
@misc{greenberg2022efficientriskaversereinforcementlearning,
      title={Efficient Risk-Averse Reinforcement Learning}, 
      author={Ido Greenberg and Yinlam Chow and Mohammad Ghavamzadeh and Shie Mannor},
      year={2022},
      eprint={2205.05138},
      archivePrefix={arXiv},
      primaryClass={cs.LG},
      url={https://arxiv.org/abs/2205.05138}, 
}

@book{bertsekas1987dynamic,
  title={Dynamic programming: deterministic and stochastic models},
  author={Bertsekas, Dimitri P},
  year={1987},
  publisher={Prentice-Hall, Inc.}
}

@book{bertsekas1996stochastic,
  title={Stochastic optimal control: the discrete-time case},
  author={Bertsekas, Dimitri and Shreve, Steven E},
  volume={5},
  year={1996},
  publisher={Athena Scientific}
}

@book{dynkin1979controlled,
  title={Controlled markov processes},
  author={Dynkin, Evgeni{\u\i} Borisovich and Yushkevich, Alexander Adolph},
  volume={235},
  year={1979},
  publisher={Springer}
}

@misc{dong2024attacksdefensesevaluationsllm,
      title={Attacks, Defenses and Evaluations for LLM Conversation Safety: A Survey}, 
      author={Zhichen Dong and Zhanhui Zhou and Chao Yang and Jing Shao and Yu Qiao},
      year={2024},
      eprint={2402.09283},
      archivePrefix={arXiv},
      primaryClass={cs.CL},
      url={https://arxiv.org/abs/2402.09283}, 
}
@misc{schulman2017proximalpolicyoptimizationalgorithms,
      title={Proximal Policy Optimization Algorithms}, 
      author={John Schulman and Filip Wolski and Prafulla Dhariwal and Alec Radford and Oleg Klimov},
      year={2017},
      eprint={1707.06347},
      archivePrefix={arXiv},
      primaryClass={cs.LG},
      url={https://arxiv.org/abs/1707.06347}, 
}
@misc{yin2024relativepreferenceoptimizationenhancing,
      title={Relative Preference Optimization: Enhancing LLM Alignment through Contrasting Responses across Identical and Diverse Prompts}, 
      author={Yueqin Yin and Zhendong Wang and Yi Gu and Hai Huang and Weizhu Chen and Mingyuan Zhou},
      year={2024},
      eprint={2402.10958},
      archivePrefix={arXiv},
      primaryClass={cs.CL},
      url={https://arxiv.org/abs/2402.10958}, 
}
@misc{tutnov2025dpossecretlyoneattempting,
      title={Many of Your DPOs are Secretly One: Attempting Unification Through Mutual Information}, 
      author={Rasul Tutnov and Antoine Grosnit and Haitham Bou-Ammar},
      year={2025},
      eprint={2501.01544},
      archivePrefix={arXiv},
      primaryClass={cs.LG},
      url={https://arxiv.org/abs/2501.01544}, 
}
@article{Kim_2024,
   title={A survey on integration of large language models with intelligent robots},
   volume={17},
   ISSN={1861-2784},
   url={http://dx.doi.org/10.1007/s11370-024-00550-5},
   DOI={10.1007/s11370-024-00550-5},
   number={5},
   journal={Intelligent Service Robotics},
   publisher={Springer Science and Business Media LLC},
   author={Kim, Yeseung and Kim, Dohyun and Choi, Jieun and Park, Jisang and Oh, Nayoung and Park, Daehyung},
   year={2024},
   month=aug, pages={1091–1107} }
@misc{mower2024rosllmrosframeworkembodied,
      title={ROS-LLM: A ROS framework for embodied AI with task feedback and structured reasoning}, 
      author={Christopher E. Mower and Yuhui Wan and Hongzhan Yu and Antoine Grosnit and Jonas Gonzalez-Billandon and Matthieu Zimmer and Jinlong Wang and Xinyu Zhang and Yao Zhao and Anbang Zhai and Puze Liu and Daniel Palenicek and Davide Tateo and Cesar Cadena and Marco Hutter and Jan Peters and Guangjian Tian and Yuzheng Zhuang and Kun Shao and Xingyue Quan and Jianye Hao and Jun Wang and Haitham Bou-Ammar},
      year={2024},
      eprint={2406.19741},
      archivePrefix={arXiv},
      primaryClass={cs.RO},
      url={https://arxiv.org/abs/2406.19741}, 
}
@article{kong2024aligning,
  title={Aligning Large Language Models with Representation Editing: A Control Perspective},
  author={Kong, Lingkai and Wang, Haorui and Mu, Wenhao and Du, Yuanqi and Zhuang, Yuchen and Zhou, Yifei and Song, Yue and Zhang, Rongzhi and Wang, Kai and Zhang, Chao},
  journal={arXiv preprint arXiv:2406.05954},
  year={2024}
}
@article{koh2022empirical,
  title={An empirical survey on long document summarization: Datasets, models, and metrics},
  author={Koh, Huan Yee and Ju, Jiaxin and Liu, Ming and Pan, Shirui},
  journal={ACM computing surveys},
  volume={55},
  number={8},
  pages={1--35},
  year={2022},
  publisher={ACM New York, NY}
}
@article{gehman2020realtoxicityprompts,
  title={Realtoxicityprompts: Evaluating neural toxic degeneration in language models},
  author={Gehman, Samuel and Gururangan, Suchin and Sap, Maarten and Choi, Yejin and Smith, Noah A},
  journal={arXiv preprint arXiv:2009.11462},
  year={2020}
}
@article{touvron2023llama,
  title={Llama 2: Open foundation and fine-tuned chat models},
  author={Touvron, Hugo and Martin, Louis and Stone, Kevin and Albert, Peter and Almahairi, Amjad and Babaei, Yasmine and Bashlykov, Nikolay and Batra, Soumya and Bhargava, Prajjwal and Bhosale, Shruti and others},
  journal={arXiv preprint arXiv:2307.09288},
  year={2023}
}

@article{deshpande2023toxicity,
  title={Toxicity in chatgpt: Analyzing persona-assigned language models},
  author={Deshpande, Ameet and Murahari, Vishvak and Rajpurohit, Tanmay and Kalyan, Ashwin and Narasimhan, Karthik},
  journal={arXiv preprint arXiv:2304.05335},
  year={2023}
}

@article{weidinger2021ethical,
  title={Ethical and social risks of harm from language models},
  author={Weidinger, Laura and Mellor, John and Rauh, Maribeth and Griffin, Conor and Uesato, Jonathan and Huang, Po-Sen and Cheng, Myra and Glaese, Mia and Balle, Borja and Kasirzadeh, Atoosa and others},
  journal={arXiv preprint arXiv:2112.04359},
  year={2021}
}

@article{moor2023foundation,
  title={Foundation models for generalist medical artificial intelligence},
  author={Moor, Michael and Banerjee, Oishi and Abad, Zahra Shakeri Hossein and Krumholz, Harlan M and Leskovec, Jure and Topol, Eric J and Rajpurkar, Pranav},
  journal={Nature},
  volume={616},
  number={7956},
  pages={259--265},
  year={2023},
  publisher={Nature Publishing Group UK London}
}
@article{chen2021evaluating,
  title={Evaluating large language models trained on code},
  author={Chen, Mark and Tworek, Jerry and Jun, Heewoo and Yuan, Qiming and Pinto, Henrique Ponde De Oliveira and Kaplan, Jared and Edwards, Harri and Burda, Yuri and Joseph, Nicholas and Brockman, Greg and others},
  journal={arXiv preprint arXiv:2107.03374},
  year={2021}
}
@article{qin2022cold,
  title={Cold decoding: Energy-based constrained text generation with langevin dynamics},
  author={Qin, Lianhui and Welleck, Sean and Khashabi, Daniel and Choi, Yejin},
  journal={Advances in Neural Information Processing Systems},
  volume={35},
  pages={9538--9551},
  year={2022}
}
@inproceedings{hua2024trustagent,
  title={Trustagent: Towards safe and trustworthy llm-based agents through agent constitution},
  author={Hua, Wenyue and Yang, Xianjun and Jin, Mingyu and Li, Zelong and Cheng, Wei and Tang, Ruixiang and Zhang, Yongfeng},
  booktitle={Trustworthy Multi-modal Foundation Models and AI Agents (TiFA)},
  year={2024}
}
@article{guo2024cold,
  title={Cold-attack: Jailbreaking llms with stealthiness and controllability},
  author={Guo, Xingang and Yu, Fangxu and Zhang, Huan and Qin, Lianhui and Hu, Bin},
  journal={arXiv preprint arXiv:2402.08679},
  year={2024}
}
@article{yang2022large,
  title={A large language model for electronic health records},
  author={Yang, Xi and Chen, Aokun and PourNejatian, Nima and Shin, Hoo Chang and Smith, Kaleb E and Parisien, Christopher and Compas, Colin and Martin, Cheryl and Costa, Anthony B and Flores, Mona G and others},
  journal={NPJ digital medicine},
  volume={5},
  number={1},
  pages={194},
  year={2022},
  publisher={Nature Publishing Group UK London}
}
@inproceedings{gao2023pal,
  title={Pal: Program-aided language models},
  author={Gao, Luyu and Madaan, Aman and Zhou, Shuyan and Alon, Uri and Liu, Pengfei and Yang, Yiming and Callan, Jamie and Neubig, Graham},
  booktitle={International Conference on Machine Learning},
  pages={10764--10799},
  year={2023},
  organization={PMLR}
}
@article{deepsafety,
  title={Safety Alignment Should be Made More Than Just a Few Tokens Deep},
  author={DEEP, JUST A FEW TOKENS}
}
@article{inan2023llama,
  title={Llama guard: Llm-based input-output safeguard for human-ai conversations},
  author={Inan, Hakan and Upasani, Kartikeya and Chi, Jianfeng and Rungta, Rashi and Iyer, Krithika and Mao, Yuning and Tontchev, Michael and Hu, Qing and Fuller, Brian and Testuggine, Davide and others},
  journal={arXiv preprint arXiv:2312.06674},
  year={2023}
}

@article{zhang2024controllable,
  title={Controllable Safety Alignment: Inference-Time Adaptation to Diverse Safety Requirements},
  author={Zhang, Jingyu and Elgohary, Ahmed and Magooda, Ahmed and Khashabi, Daniel and Van Durme, Benjamin},
  journal={arXiv preprint arXiv:2410.08968},
  year={2024}
}
@inproceedings{sootla2022saute,
  title={Saut{\'e} rl: Almost surely safe reinforcement learning using state augmentation},
  author={Sootla, Aivar and Cowen-Rivers, Alexander I and Jafferjee, Taher and Wang, Ziyan and Mguni, David H and Wang, Jun and Bou-Ammar, Haitham},
  booktitle={International Conference on Machine Learning},
  pages={20423--20443},
  year={2022},
  organization={PMLR}
}

@article{hernandez1994monotone,
  title={Monotone approximations for convex stochastic control problems},
  author={Hern{\'a}ndez-Lerma, On{\'e}simo and Runggaldier, Wolfgang J},
  journal={Journal of Mathematical Systems, Estimation, and Control},
  volume={4},
  number={4},
  pages={99--140},
  year={1994}
}
@article{hernandez1992discrete,
  title={Discrete-time Markov control processes with discounted unbounded costs: optimality criteria},
  author={Hern{\'a}ndez-Lerma, On{\'e}simo and Mu{\~n}oz de Ozak, Myriam},
  journal={Kybernetika},
  volume={28},
  number={3},
  pages={191--212},
  year={1992},
  publisher={Institute of Information Theory and Automation AS CR}
}

@book{altman2021constrained,
  title={Constrained Markov decision processes},
  author={Altman, Eitan},
  year={2021},
  publisher={Routledge}
}

@incollection{Bengio+chapter2007,
author = {Bengio, Yoshua and LeCun, Yann},
booktitle = {Large Scale Kernel Machines},
publisher = {MIT Press},
title = {Scaling Learning Algorithms Towards {AI}},
year = {2007}
}
@inproceedings{gelada2019deepmdp,
  title={Deepmdp: Learning continuous latent space models for representation learning},
  author={Gelada, Carles and Kumar, Saurabh and Buckman, Jacob and Nachum, Ofir and Bellemare, Marc G},
  booktitle={International conference on machine learning},
  pages={2170--2179},
  year={2019},
  organization={PMLR}
}
@inproceedings{zhao2021multi,
  title={Multi-split reversible transformers can enhance neural machine translation},
  author={Zhao, Yuekai and Zhou, Shuchang and Zhang, Zhihua},
  booktitle={Proceedings of the 16th Conference of the European Chapter of the Association for Computational Linguistics: Main Volume},
  pages={244--254},
  year={2021}
}
@inproceedings{mangalam2022reversible,
  title={Reversible vision transformers},
  author={Mangalam, Karttikeya and Fan, Haoqi and Li, Yanghao and Wu, Chao-Yuan and Xiong, Bo and Feichtenhofer, Christoph and Malik, Jitendra},
  booktitle={Proceedings of the IEEE/CVF Conference on Computer Vision and Pattern Recognition},
  pages={10830--10840},
  year={2022}
}

@article{bradley1952rank,
  title={Rank analysis of incomplete block designs: I. The method of paired comparisons},
  author={Bradley, Ralph Allan and Terry, Milton E},
  journal={Biometrika},
  volume={39},
  number={3/4},
  pages={324--345},
  year={1952},
  publisher={JSTOR}
}


@article{team2024gemma,
  title={Gemma: Open models based on gemini research and technology},
  author={Team, Gemma and Mesnard, Thomas and Hardin, Cassidy and Dadashi, Robert and Bhupatiraju, Surya and Pathak, Shreya and Sifre, Laurent and Rivi{\`e}re, Morgane and Kale, Mihir Sanjay and Love, Juliette and others},
  journal={arXiv preprint arXiv:2403.08295},
  year={2024}
}

@article{loshchilov2018decoupled,
  title={Decoupled Weight Decay Regularization},
  author={Loshchilov, Ilya and Hutter, Frank},
  journal={International Conference on Learning Representations (ICLR)},
  year={2018}
}

@article{rosen1965existence,
  title={Existence and uniqueness of equilibrium points for concave n-person games},
  author={Rosen, J Ben},
  journal={Econometrica: Journal of the Econometric Society},
  pages={520--534},
  year={1965},
  publisher={JSTOR}
}





@article{tang2024generalized,
  title={Generalized Preference Optimization: A Unified Approach to Offline Alignment},
  author={Tang, Yunhao and Guo, Zhaohan Daniel and Zheng, Zeyu and Calandriello, Daniele and Munos, R{\'e}mi and Rowland, Mark and Richemond, Pierre Harvey and Valko, Michal and Pires, Bernardo {\'A}vila and Piot, Bilal},
  journal={arXiv preprint arXiv:2402.05749},
  year={2024}
}
@article{chowdhury2024provably,
  title={Provably Robust DPO: Aligning Language Models with Noisy Feedback},
  author={Chowdhury, Sayak Ray and Kini, Anush and Natarajan, Nagarajan},
  journal={arXiv preprint arXiv:2403.00409},
  year={2024}
}
@article{schulman2017proximal,
  title={Proximal policy optimization algorithms},
  author={Schulman, John and Wolski, Filip and Dhariwal, Prafulla and Radford, Alec and Klimov, Oleg},
  journal={arXiv preprint arXiv:1707.06347},
  year={2017}
}
@article{sion1958general,
  title={On general minimax theorems.},
  author={Sion, Maurice},
  year={1958}
}



@article{chakraborty2024maxmin,
  title={MaxMin-RLHF: Towards Equitable Alignment of Large Language Models with Diverse Human Preferences},
  author={Chakraborty, Souradip and Qiu, Jiahao and Yuan, Hui and Koppel, Alec and Huang, Furong and Manocha, Dinesh and Bedi, Amrit Singh and Wang, Mengdi},
  journal={arXiv preprint arXiv:2402.08925},
  year={2024}
}
@article{prabhumoye2021focused,
  title={Focused attention improves document-grounded generation},
  author={Prabhumoye, Shrimai and Hashimoto, Kazuma and Zhou, Yingbo and Black, Alan W and Salakhutdinov, Ruslan},
  journal={arXiv preprint arXiv:2104.12714},
  year={2021}
}
@article{nemirovski2009robust,
  title={Robust stochastic approximation approach to stochastic programming},
  author={Nemirovski, Arkadi and Juditsky, Anatoli and Lan, Guanghui and Shapiro, Alexander},
  journal={SIAM Journal on optimization},
  volume={19},
  number={4},
  pages={1574--1609},
  year={2009},
  publisher={SIAM}
}

@article{im2024understanding,
  title={Understanding the Learning Dynamics of Alignment with Human Feedback},
  author={Im, Shawn and Li, Yixuan},
  journal={arXiv preprint arXiv:2403.18742},
  year={2024}
}

@article{li2023policy,
  title={Policy Optimization in RLHF: The Impact of Out-of-preference Data},
  author={Li, Ziniu and Xu, Tian and Yu, Yang},
  journal={arXiv preprint arXiv:2312.10584},
  year={2023}
}

@article{azar2023general,
  title={A general theoretical paradigm to understand learning from human preferences},
  author={Azar, Mohammad Gheshlaghi and Rowland, Mark and Piot, Bilal and Guo, Daniel and Calandriello, Daniele and Valko, Michal and Munos, R{\'e}mi},
  journal={arXiv preprint arXiv:2310.12036},
  year={2023}
}

@article{radford2019language,
  title={Language models are unsupervised multitask learners},
  author={Radford, Alec and Wu, Jeffrey and Child, Rewon and Luan, David and Amodei, Dario and Sutskever, Ilya and others},
  journal={OpenAI blog},
  volume={1},
  number={8},
  pages={9},
  year={2019}
}

@article{Hinton06,
author = {Hinton, Geoffrey E. and Osindero, Simon and Teh, Yee Whye},
journal = {Neural Computation},
pages = {1527--1554},
title = {A Fast Learning Algorithm for Deep Belief Nets},
volume = {18},
year = {2006}
}
@book{robinson2012introduction,
  title={An introduction to dynamical systems: continuous and discrete},
  author={Robinson, Rex Clark},
  volume={19},
  year={2012},
  publisher={American Mathematical Soc.}
}


@article{stiennon2020learning,
  title={Learning to summarize with human feedback},
  author={Stiennon, Nisan and Ouyang, Long and Wu, Jeffrey and Ziegler, Daniel and Lowe, Ryan and Voss, Chelsea and Radford, Alec and Amodei, Dario and Christiano, Paul F},
  journal={Advances in Neural Information Processing Systems},
  volume={33},
  pages={3008--3021},
  year={2020}
}
@article{bai2022training,
  title={Training a helpful and harmless assistant with reinforcement learning from human feedback},
  author={Bai, Yuntao and Jones, Andy and Ndousse, Kamal and Askell, Amanda and Chen, Anna and DasSarma, Nova and Drain, Dawn and Fort, Stanislav and Ganguli, Deep and Henighan, Tom and others},
  journal={arXiv preprint arXiv:2204.05862},
  year={2022}
}

@book{altman1999constrained,
  title={Constrained Markov Decision Processes: Stochastic Modeling},
  author={Altman, Eitan},
  year={1999},
  publisher={CRC Press}
}

@inproceedings{turchetta2016safe,
  title={Safe exploration in finite Markov decision processes with Gaussian processes},
  author={Turchetta, Matteo and Berkenkamp, Felix and Krause, Andreas},
  booktitle={Advances in Neural Information Processing Systems},
  pages={4312--4320},
  year={2016}
}

@inproceedings{koller2018learning,
  title={Learning-based model predictive control for safe exploration},
  author={Koller, Thomas and Berkenkamp, Felix and Turchetta, Matteo and Krause, Andreas},
  booktitle={2018 IEEE Conference on Decision and Control (CDC)},
  pages={6059--6066},
  year={2018},
  organization={IEEE}
}

@inproceedings{dalal2018safe,
  title={Safe exploration in continuous action spaces},
  author={Dalal, Gal and Gilboa, Elad and Mannor, Shie and Shashua, Amnon},
  booktitle={Proceedings of the 35th International Conference on Machine Learning},
  pages={1437--1446},
  year={2018}
}

@inproceedings{wachi2018safe,
  title={Safe exploration and optimization of constrained MDPs using Gaussian processes},
  author={Wachi, Akifumi and Sui, Yanan},
  booktitle={Proceedings of the 36th International Conference on Machine Learning},
  pages={3660--3669},
  year={2018}
}

@inproceedings{bharadhwaj2020conservative,
  title={Conservative safety critics for exploration},
  author={Bharadhwaj, Harshit and Chow, Yinlam and Ghavamzadeh, Mohammad and Pavone, Marco and Sangiovanni-Vincentelli, Alberto},
  booktitle={Proceedings of the 37th International Conference on Machine Learning},
  pages={923--932},
  year={2020}
}

@inproceedings{chow2018lyapunov,
  title={Lyapunov-based safe policy optimization for continuous control},
  author={Chow, Yinlam and Nachum, Ofir and Duenez-Guzman, Edgar and Ghavamzadeh, Mohammad and Pavone, Marco},
  booktitle={Proceedings of the 35th International Conference on Machine Learning},
  pages={1315--1324},
  year={2018}
}

@article{chow2019lyapunov,
  title={Lyapunov-based safe policy optimization for continuous control},
  author={Chow, Yinlam and Nachum, Ofir and Duenez-Guzman, Edgar and Ghavamzadeh, Mohammad and Pavone, Marco},
  journal={arXiv preprint arXiv:1901.10031},
  year={2019}
}

@inproceedings{berkenkamp2017safe,
  title={Safe model-based reinforcement learning with stability guarantees},
  author={Berkenkamp, Felix and Turchetta, Matteo and Schoellig, Angela P and Krause, Andreas},
  booktitle={Advances in Neural Information Processing Systems},
  pages={908--918},
  year={2017}
}

@inproceedings{ohnishi2019barrier,
  title={Barrier-certified adaptive reinforcement learning with applications to brushbot navigation},
  author={Ohnishi, Masashi and Nakka, Atil and Chowdhary, Girish},
  booktitle={Proceedings of the 36th International Conference on Machine Learning},
  pages={5042--5051},
  year={2019}
}

@inproceedings{cheng2019end,
  title={End-to-end safe reinforcement learning through barrier functions for safety-critical continuous control tasks},
  author={Cheng, Runsheng and Orosz, Gabor and Murray, Richard M and Burdick, Joel W},
  booktitle={Proceedings of the 33rd Conference on Neural Information Processing Systems (NeurIPS)},
  year={2019}
}

@inproceedings{akametalu2014reachability,
  title={Reachability-based safe learning with Gaussian processes},
  author={Akametalu, Ashwin K and Fisac, Jaime F and Zeilinger, Melanie N and Kaynama, Sahar and Gillula, Jeremy and Tomlin, Claire J},
  booktitle={Proceedings of the 53rd IEEE Conference on Decision and Control (CDC)},
  pages={1424--1431},
  year={2014},
  organization={IEEE}
}

@inproceedings{dean2019safeguarding,
  title={Safeguarding resource-constrained cyber-physical systems with adaptive control},
  author={Dean, Sarah and Fisac, Jaime F and Tomlin, Claire J and Recht, Benjamin},
  booktitle={Proceedings of the 36th International Conference on Machine Learning},
  pages={1664--1673},
  year={2019}
}

@inproceedings{fisac2019bridging,
  title={Bridging model-based safety and model-free reinforcement learning through system identification and safety-critical control},
  author={Fisac, Jaime F and Akametalu, Ashwin K and Zeilinger, Melanie N and Kaynama, Sahar and Gillula, Jeremy and Tomlin, Claire J},
  booktitle={Proceedings of the 32nd AAAI Conference on Artificial Intelligence},
  pages={2603--2610},
  year={2019}
}

@article{mguni2021coordinating,
  title={Coordinating task and safety policies for reinforcement learning},
  author={Mguni, David H and Degris, Thomas and Earle, Stefanos and Munos, Remi},
  journal={Advances in Neural Information Processing Systems},
  volume={34},
  pages={29149--29161},
  year={2021}
}
@inproceedings{polymenakos2020safe,
  title={Safe reinforcement learning in dynamic environments using Gaussian processes for safe exploration},
  author={Polymenakos, Lazaros and Li, Wenshuo and Ding, Zhongwen and Liu, Yawei and Dolan, John M},
  booktitle={Proceedings of the 2020 IEEE/RSJ International Conference on Intelligent Robots and Systems (IROS)},
  pages={1493--1499},
  year={2020}
}

@inproceedings{cowen2022safe,
  title={Safe reinforcement learning via robust action governor and model predictive safety certification},
  author={Cowen-Rivers, Alexander I and Gross, Matthew and Grunewald, Marc A and Schmerling, Edward and Pavone, Marco},
  booktitle={Proceedings of the 39th International Conference on Machine Learning},
  pages={2005--2016},
  year={2022}
}

@inproceedings{kamthe2018data,
  title={Data-efficient reinforcement learning with probabilistic model predictive control},
  author={Kamthe, Sanket and Deisenroth, Marc Peter},
  booktitle={Proceedings of the 21st International Conference on Artificial Intelligence and Statistics (AISTATS)},
  pages={1701--1710},
  year={2018}
}

@book{rasmussen2005gaussian,
  title={Gaussian Processes for Machine Learning},
  author={Rasmussen, Carl Edward and Williams, Christopher K},
  year={2005},
  publisher={MIT Press}
}

@inproceedings{deisenroth2011pilco,
  title={PILCO: A model-based and data-efficient approach to policy search},
  author={Deisenroth, Marc Peter and Rasmussen, Carl Edward},
  booktitle={Proceedings of the 28th International Conference on Machine Learning (ICML)},
  pages={465--472},
  year={2011}
}

@inproceedings{achiam2017constrained,
  title={Constrained policy optimization},
  author={Achiam, Joshua and Held, David and Tamar, Aviv and Abbeel, Pieter},
  booktitle={Proceedings of the 34th International Conference on Machine Learning (ICML)},
  pages={22--31},
  year={2017}
}

@inproceedings{ray2019benchmarking,
  title={Benchmarking safe exploration in deep reinforcement learning},
  author={Ray, Alex and Achiam, Joshua and Amodei, Dario},
  booktitle={Proceedings of the 2nd Conference on Robot Learning (CoRL)},
  pages={1--13},
  year={2019}
}

@inproceedings{chow2017risk,
  title={Risk-constrained reinforcement learning with percentile risk criteria},
  author={Chow, Yinlam and Tamar, Aviv and Mannor, Shie and Pavone, Marco},
  booktitle={Proceedings of the 30th Conference on Neural Information Processing Systems (NeurIPS)},
  pages={1382--1392},
  year={2017}
}

@inproceedings{yang2021wcsac,
  title={WCSAC: Worst-case soft actor-critic for safety-constrained reinforcement learning},
  author={Yang, Xinyue and Li, Wenshuo and Chen, Liangjun and Dolan, John M},
  booktitle={Proceedings of the 39th International Conference on Machine Learning (ICML)},
  pages={11493--11503},
  year={2021}
}
@article{shi2024decoding,
  title={Decoding-Time Language Model Alignment with Multiple Objectives},
  author={Shi, Ruizhe and Chen, Yifang and Hu, Yushi and Liu, ALisa and Smith, Noah and Hajishirzi, Hannaneh and Du, Simon},
  journal={arXiv preprint arXiv:2406.18853},
  year={2024}
}
@inproceedings{yang2021fudge,
  title={FUDGE: Controlled Text Generation With Future Discriminators},
  author={Yang, Tatsunori B and Klein, Dan},
  booktitle={Proceedings of the 2021 Conference on Empirical Methods in Natural Language Processing (EMNLP)},
  year={2021},
  pages={121--132},
  organization={Association for Computational Linguistics}
}

@inproceedings{arora2022director,
  title={Director: Generator-classifiers for Supervised Language Modeling},
  author={Arora, Simran and Li, Jason and Raji, Daniel and others},
  booktitle={Proceedings of the 2022 Conference on Empirical Methods in Natural Language Processing (EMNLP)},
  year={2022},
  pages={1478--1489},
  organization={Association for Computational Linguistics}
}

@inproceedings{krause2021gedi,
  title={Gedi: Generative Discriminator Guided Sequence Generation},
  author={Krause, Ben and Goyal, Siddharth and others},
  booktitle={Proceedings of the 59th Annual Meeting of the Association for Computational Linguistics (ACL)},
  year={2021},
  pages={506--519},
  organization={Association for Computational Linguistics}
}
@misc{khanov2024argsalignmentrewardguidedsearch,
      title={ARGS: Alignment as Reward-Guided Search}, 
      author={Maxim Khanov and Jirayu Burapacheep and Yixuan Li},
      year={2024},
      eprint={2402.01694},
      archivePrefix={arXiv},
      primaryClass={cs.CL},
      url={https://arxiv.org/abs/2402.01694}, 
}
@inproceedings{kim2023critic,
  title={Using a Critic in an Actor-Critic Framework for Controlled Text Generation},
  author={Kim, Sungryull and others},
  booktitle={Proceedings of the 2023 Conference on Empirical Methods in Natural Language Processing (EMNLP)},
  year={2023},
  pages={2105--2118},
  organization={Association for Computational Linguistics}
}

@inproceedings{meng2022nado,
  title={NADO: Near-Autoregressive Decoding Optimization for Text Generation},
  author={Meng, Yao and others},
  booktitle={Proceedings of the 2022 Conference on Empirical Methods in Natural Language Processing (EMNLP)},
  year={2022},
  pages={1157--1168},
  organization={Association for Computational Linguistics}
}

@inproceedings{peng2019awr,
  title={Advantage-weighted regression: Simple and scalable off-policy reinforcement learning},
  author={Peng, Xianyuan and Kumar, Aviral and others},
  booktitle={Proceedings of the 2022 Conference on Advances in Neural Information Processing Systems (NeurIPS)},
  year={2019},
  pages={1--10},
  organization={Neural Information Processing Systems Foundation}
}

@article{han2024value,
  title={Value Augmented Sampling for Language Model Alignment and Personalization},
  author={Han, Seungwook and Shenfeld, Idan and Srivastava, Akash and Kim, Yoon and Agrawal, Pulkit},
  journal={arXiv preprint arXiv:2405.06639},
  year={2024}
}
@article{zhang2023defending,
  title={Defending large language models against jailbreaking attacks through goal prioritization},
  author={Zhang, Zhexin and Yang, Junxiao and Ke, Pei and Huang, Minlie},
  journal={arXiv preprint arXiv:2311.09096},
  year={2023}
}

@article{askell2021general,
  title={A general language assistant as a laboratory for alignment},
  author={Askell, Amanda and Bai, Yuntao and Chen, Anna and Drain, Dawn and Ganguli, Deep and Henighan, Tom and Jones, Andy and Joseph, Nicholas and Mann, Ben and DasSarma, Nova and others},
  journal={arXiv preprint arXiv:2112.00861},
  year={2021}
}
@inproceedings{lin2023unlocking,
  title={The unlocking spell on base llms: Rethinking alignment via in-context learning},
  author={Lin, Bill Yuchen and Ravichander, Abhilasha and Lu, Ximing and Dziri, Nouha and Sclar, Melanie and Chandu, Khyathi and Bhagavatula, Chandra and Choi, Yejin},
  booktitle={The Twelfth International Conference on Learning Representations},
  year={2023}
}
@inproceedings{stooke2020responsive,
  title={Responsive safety in reinforcement learning by monitoring risk and adapting policies},
  author={Stooke, Adam and Achiam, Joshua and Abbeel, Pieter},
  booktitle={Proceedings of the 37th International Conference on Machine Learning (ICML)},
  pages={8949--8958},
  year={2020}
}

@inproceedings{yang2019relative,
  title={Relative value learning for constrained reinforcement learning},
  author={Yang, Fan and Nishio, Masanori and Ishii, Shin},
  booktitle={Proceedings of the 33rd Conference on Neural Information Processing Systems (NeurIPS)},
  pages={16646--16656},
  year={2019}
}

@inproceedings{ding2020natural,
  title={Natural policy gradient for safe reinforcement learning with c-MDPs},
  author={Ding, Yiding and Deisenroth, Marc Peter and Trimpe, Sebastian},
  booktitle={Proceedings of the 23rd International Conference on Artificial Intelligence and Statistics (AISTATS)},
  pages={2825--2835},
  year={2020}
}

@inproceedings{turchetta2020safe,
  title={Safe exploration via curriculum learning},
  author={Turchetta, Matteo and Bacci, Tommaso and Krause, Andreas},
  booktitle={Proceedings of the 24th International Conference on Artificial Intelligence and Statistics},
  pages={959--967},
  year={2021}
}

@inproceedings{eysenbach2018leave,
  title={Leave no trace: Learning to reset for safe and autonomous reinforcement learning},
  author={Eysenbach, Benjamin and Salakhutdinov, Ruslan and Levine, Sergey},
  booktitle={Proceedings of the 6th International Conference on Learning Representations (ICLR)},
  year={2018}
}


@article{ouyang2022training,
  title={Training language models to follow instructions with human feedback},
  author={Ouyang, Long and Wu, Jeffrey and Jiang, Xu and Almeida, Diogo and Wainwright, Carroll and Mishkin, Pamela and Zhang, Chong and Agarwal, Sandhini and Slama, Katarina and Ray, Alex and others},
  journal={Advances in Neural Information Processing Systems},
  volume={35},
  pages={27730--27744},
  year={2022}
}

@book{goodfellow2016deep,
title={Deep learning},
author={Goodfellow, Ian and Bengio, Yoshua and Courville, Aaron and Bengio, Yoshua},
volume={1},
year={2016},
publisher={MIT Press}
}
@article{xie2023doremi,
  title={DoReMi: Optimizing Data Mixtures Speeds Up Language Model Pretraining},
  author={Xie, Sang Michael and Pham, Hieu and Dong, Xuanyi and Du, Nan and Liu, Hanxiao and Lu, Yifeng and Liang, Percy and Le, Quoc V and Ma, Tengyu and Yu, Adams Wei},
  journal={arXiv preprint arXiv:2305.10429},
  year={2023}
}
@article{casper2023open,
  title={Open problems and fundamental limitations of reinforcement learning from human feedback},
  author={Casper, Stephen and Davies, Xander and Shi, Claudia and Gilbert, Thomas Krendl and Scheurer, J{\'e}r{\'e}my and Rando, Javier and Freedman, Rachel and Korbak, Tomasz and Lindner, David and Freire, Pedro and others},
  journal={arXiv preprint arXiv:2307.15217},
  year={2023}
}
@article{kaufmann2023survey,
  title={A survey of reinforcement learning from human feedback},
  author={Kaufmann, Timo and Weng, Paul and Bengs, Viktor and H{\"u}llermeier, Eyke},
  journal={arXiv preprint arXiv:2312.14925},
  year={2023}
}
@article{namkoong2016stochastic,
  title={Stochastic gradient methods for distributionally robust optimization with f-divergences},
  author={Namkoong, Hongseok and Duchi, John C},
  journal={Advances in neural information processing systems},
  volume={29},
  year={2016}
}
@article{oren2019distributionally,
  title={Distributionally robust language modeling},
  author={Oren, Yonatan and Sagawa, Shiori and Hashimoto, Tatsunori B and Liang, Percy},
  journal={arXiv preprint arXiv:1909.02060},
  year={2019}
}


}@article{sagawa2019distributionally,
  title={Distributionally robust neural networks for group shifts: On the importance of regularization for worst-case generalization},
  author={Sagawa, Shiori and Koh, Pang Wei and Hashimoto, Tatsunori B and Liang, Percy},
  journal={arXiv preprint arXiv:1911.08731},
  year={2019}
}

@article{rafailov2023direct,
  title={Direct preference optimization: Your language model is secretly a reward model},
  author={Rafailov, Rafael and Sharma, Archit and Mitchell, Eric and Ermon, Stefano and Manning, Christopher D and Finn, Chelsea},
  journal={arXiv preprint arXiv:2305.18290},
  year={2023}
}

@article{zhao2023group,
  title={Group Preference Optimization: Few-Shot Alignment of Large Language Models},
  author={Zhao, Siyan and Dang, John and Grover, Aditya},
  journal={arXiv preprint arXiv:2310.11523},
  year={2023}
}
@article{christiano2017deep,
  title={Deep reinforcement learning from human preferences},
  author={Christiano, Paul F and Leike, Jan and Brown, Tom and Martic, Miljan and Legg, Shane and Amodei, Dario},
  journal={Advances in neural information processing systems},
  volume={30},
  year={2017}
}

@article{durmus2023towards,
  title={Towards measuring the representation of subjective global opinions in language models},
  author={Durmus, Esin and Nyugen, Karina and Liao, Thomas I and Schiefer, Nicholas and Askell, Amanda and Bakhtin, Anton and Chen, Carol and Hatfield-Dodds, Zac and Hernandez, Danny and Joseph, Nicholas and others},
  journal={arXiv preprint arXiv:2306.16388},
  year={2023}
}

@article{hong2024reference,
  title={Reference-free monolithic preference optimization with odds ratio},
  author={Hong, Jiwoo and Lee, Noah and Thorne, James},
  journal={arXiv preprint arXiv:2403.07691},
  year={2024}
}

@article{zhao2023slic,
  title={Slic-hf: Sequence likelihood calibration with human feedback},
  author={Zhao, Yao and Joshi, Rishabh and Liu, Tianqi and Khalman, Misha and Saleh, Mohammad and Liu, Peter J},
  journal={arXiv preprint arXiv:2305.10425},
  year={2023}
}
@article{ziegler2019fine,
  title={Fine-tuning language models from human preferences},
  author={Ziegler, Daniel M and Stiennon, Nisan and Wu, Jeffrey and Brown, Tom B and Radford, Alec and Amodei, Dario and Christiano, Paul and Irving, Geoffrey},
  journal={arXiv preprint arXiv:1909.08593},
  year={2019}
}
@article{bai2022constitutional,
  title={Constitutional ai: Harmlessness from ai feedback},
  author={Bai, Yuntao and Kadavath, Saurav and Kundu, Sandipan and Askell, Amanda and Kernion, Jackson and Jones, Andy and Chen, Anna and Goldie, Anna and Mirhoseini, Azalia and McKinnon, Cameron and others},
  journal={arXiv preprint arXiv:2212.08073},
  year={2022}
}
@article{pang2023language,
  title={Language model self-improvement by reinforcement learning contemplation},
  author={Pang, Jing-Cheng and Wang, Pengyuan and Li, Kaiyuan and Chen, Xiong-Hui and Xu, Jiacheng and Zhang, Zongzhang and Yu, Yang},
  journal={arXiv preprint arXiv:2305.14483},
  year={2023}
}
@article{wu2023pairwise,
  title={Pairwise proximal policy optimization: Harnessing relative feedback for llm alignment},
  author={Wu, Tianhao and Zhu, Banghua and Zhang, Ruoyu and Wen, Zhaojin and Ramchandran, Kannan and Jiao, Jiantao},
  journal={arXiv preprint arXiv:2310.00212},
  year={2023}
}
@inproceedings{song2024preference,
  title={Preference ranking optimization for human alignment},
  author={Song, Feifan and Yu, Bowen and Li, Minghao and Yu, Haiyang and Huang, Fei and Li, Yongbin and Wang, Houfeng},
  booktitle={Proceedings of the AAAI Conference on Artificial Intelligence},
  year={2024}
}
@article{ethayarajh2024kto,
  title={Kto: Model alignment as prospect theoretic optimization},
  author={Ethayarajh, Kawin and Xu, Winnie and Muennighoff, Niklas and Jurafsky, Dan and Kiela, Douwe},
  journal={arXiv preprint arXiv:2402.01306},
  year={2024}
}
@article{das2024provably,
  title={Provably Sample Efficient RLHF via Active Preference Optimization},
  author={Das, Nirjhar and Chakraborty, Souradip and Pacchiano, Aldo and Chowdhury, Sayak Ray},
  journal={arXiv preprint arXiv:2402.10500},
  year={2024}
}
@article{wu2024self,
  title={Self-Play Preference Optimization for Language Model Alignment},
  author={Wu, Yue and Sun, Zhiqing and Yuan, Huizhuo and Ji, Kaixuan and Yang, Yiming and Gu, Quanquan},
  journal={arXiv preprint arXiv:2405.00675},
  year={2024}
}
@article{munos2023nash,
  title={Nash learning from human feedback},
  author={Munos, R{\'e}mi and Valko, Michal and Calandriello, Daniele and Azar, Mohammad Gheshlaghi and Rowland, Mark and Guo, Zhaohan Daniel and Tang, Yunhao and Geist, Matthieu and Mesnard, Thomas and Michi, Andrea and others},
  journal={arXiv preprint arXiv:2312.00886},
  year={2023}
}
@article{singh2023beyond,
  title={Beyond human data: Scaling self-training for problem-solving with language models},
  author={Singh, Avi and Co-Reyes, John D and Agarwal, Rishabh and Anand, Ankesh and Patil, Piyush and Liu, Peter J and Harrison, James and Lee, Jaehoon and Xu, Kelvin and Parisi, Aaron and others},
  journal={arXiv preprint arXiv:2312.06585},
  year={2023}
}
@article{chen2024self,
  title={Self-play fine-tuning converts weak language models to strong language models},
  author={Chen, Zixiang and Deng, Yihe and Yuan, Huizhuo and Ji, Kaixuan and Gu, Quanquan},
  journal={arXiv preprint arXiv:2401.01335},
  year={2024}
}
@article{yuan2024self,
  title={Self-rewarding language models},
  author={Yuan, Weizhe and Pang, Richard Yuanzhe and Cho, Kyunghyun and Sukhbaatar, Sainbayar and Xu, Jing and Weston, Jason},
  journal={arXiv preprint arXiv:2401.10020},
  year={2024}
}
@article{swamy2024minimaximalist,
  title={A minimaximalist approach to reinforcement learning from human feedback},
  author={Swamy, Gokul and Dann, Christoph and Kidambi, Rahul and Wu, Zhiwei Steven and Agarwal, Alekh},
  journal={arXiv preprint arXiv:2401.04056},
  year={2024}
}
@article{ji2024reinforcement,
  title={Reinforcement Learning from Human Feedback with Active Queries},
  author={Ji, Kaixuan and He, Jiafan and Gu, Quanquan},
  journal={arXiv preprint arXiv:2402.09401},
  year={2024}
}
@article{lambert2023entangled,
  title={Entangled preferences: The history and risks of reinforcement learning and human feedback},
  author={Lambert, Nathan and Gilbert, Thomas Krendl and Zick, Tom},
  journal={arXiv preprint arXiv:2310.13595},
  year={2023}
}
@article{mehta2023sample,
  title={Sample Efficient Reinforcement Learning from Human Feedback via Active Exploration},
  author={Mehta, Viraj and Das, Vikramjeet and Neopane, Ojash and Dai, Yijia and Bogunovic, Ilija and Schneider, Jeff and Neiswanger, Willie},
  year={2023}
}
@article{cai2023ulma,
  title={ULMA: Unified Language Model Alignment with Demonstration and Point-wise Human Preference},
  author={Cai, Tianchi and Song, Xierui and Jiang, Jiyan and Teng, Fei and Gu, Jinjie and Zhang, Guannan},
  journal={arXiv preprint arXiv:2312.02554},
  year={2023}
}
@inproceedings{gao2023scaling,
  title={Scaling laws for reward model overoptimization},
  author={Gao, Leo and Schulman, John and Hilton, Jacob},
  booktitle={International Conference on Machine Learning},
  pages={10835--10866},
  year={2023},
  organization={PMLR}
}
@article{lee2023rlaif,
  title={Rlaif: Scaling reinforcement learning from human feedback with ai feedback},
  author={Lee, Harrison and Phatale, Samrat and Mansoor, Hassan and Lu, Kellie and Mesnard, Thomas and Bishop, Colton and Carbune, Victor and Rastogi, Abhinav},
  journal={arXiv preprint arXiv:2309.00267},
  year={2023}
}
@article{rosset2024direct,
  title={Direct nash optimization: Teaching language models to self-improve with general preferences},
  author={Rosset, Corby and Cheng, Ching-An and Mitra, Arindam and Santacroce, Michael and Awadallah, Ahmed and Xie, Tengyang},
  journal={arXiv preprint arXiv:2404.03715},
  year={2024}
}
@article{ye2024theoretical,
  title={A theoretical analysis of nash learning from human feedback under general kl-regularized preference},
  author={Ye, Chenlu and Xiong, Wei and Zhang, Yuheng and Jiang, Nan and Zhang, Tong},
  journal={arXiv preprint arXiv:2402.07314},
  year={2024}
}

@inproceedings{xiong2023iterative,
  title={Iterative preference learning from human feedback: Bridging theory and practice for RLHF under KL-constraint},
  author={Xiong, Wei and Dong, Hanze and Ye, Chenlu and Wang, Ziqi and Zhong, Han and Ji, Heng and Jiang, Nan and Zhang, Tong},
  booktitle={ICLR 2024 Workshop on Mathematical and Empirical Understanding of Foundation Models},
  year={2023}
}

@article{zhong2024dpo,
  title={DPO Meets PPO: Reinforced Token Optimization for RLHF},
  author={Zhong, Han and Feng, Guhao and Xiong, Wei and Zhao, Li and He, Di and Bian, Jiang and Wang, Liwei},
  journal={arXiv preprint arXiv:2404.18922},
  year={2024}
}

@article{nakano2021webgpt,
  title={Webgpt: Browser-assisted question-answering with human feedback},
  author={Nakano, Reiichiro and Hilton, Jacob and Balaji, Suchir and Wu, Jeff and Ouyang, Long and Kim, Christina and Hesse, Christopher and Jain, Shantanu and Kosaraju, Vineet and Saunders, William and others},
  journal={arXiv preprint arXiv:2112.09332},
  year={2021}
}

@article{dong2023raft,
  title={Raft: Reward ranked finetuning for generative foundation model alignment},
  author={Dong, Hanze and Xiong, Wei and Goyal, Deepanshu and Zhang, Yihan and Chow, Winnie and Pan, Rui and Diao, Shizhe and Zhang, Jipeng and Shum, Kashun and Zhang, Tong},
  journal={arXiv preprint arXiv:2304.06767},
  year={2023}
}

@article{gulcehre2023reinforced,
  title={Reinforced self-training (rest) for language modeling},
  author={Gulcehre, Caglar and Paine, Tom Le and Srinivasan, Srivatsan and Konyushkova, Ksenia and Weerts, Lotte and Sharma, Abhishek and Siddhant, Aditya and Ahern, Alex and Wang, Miaosen and Gu, Chenjie and others},
  journal={arXiv preprint arXiv:2308.08998},
  year={2023}
}
@article{hu2023aligning,
  title={Aligning language models with offline reinforcement learning from human feedback},
  author={Hu, Jian and Tao, Li and Yang, June and Zhou, Chandler},
  journal={arXiv preprint arXiv:2308.12050},
  year={2023}
}
@article{yang2024rewards,
  title={Rewards-in-Context: Multi-objective Alignment of Foundation Models with Dynamic Preference Adjustment},
  author={Yang, Rui and Pan, Xiaoman and Luo, Feng and Qiu, Shuang and Zhong, Han and Yu, Dong and Chen, Jianshu},
  journal={arXiv preprint arXiv:2402.10207},
  year={2024}
}
@article{chen2021decision,
  title={Decision transformer: Reinforcement learning via sequence modeling},
  author={Chen, Lili and Lu, Kevin and Rajeswaran, Aravind and Lee, Kimin and Grover, Aditya and Laskin, Misha and Abbeel, Pieter and Srinivas, Aravind and Mordatch, Igor},
  journal={Advances in neural information processing systems},
  volume={34},
  pages={15084--15097},
  year={2021}
}
@article{gundavarapu2024machine,
  title={Machine Unlearning in Large Language Models},
  author={Gundavarapu, Saaketh Koundinya and Agarwal, Shreya and Arora, Arushi and Jagadeeshaiah, Chandana Thimmalapura},
  journal={arXiv preprint arXiv:2405.15152},
  year={2024}
}
@article{cui2024or,
  title={OR-Bench: An Over-Refusal Benchmark for Large Language Models},
  author={Cui, Justin and Chiang, Wei-Lin and Stoica, Ion and Hsieh, Cho-Jui},
  journal={arXiv preprint arXiv:2405.20947},
  year={2024}
}
@article{gou2024eyes,
  title={Eyes closed, safety on: Protecting multimodal llms via image-to-text transformation},
  author={Gou, Yunhao and Chen, Kai and Liu, Zhili and Hong, Lanqing and Xu, Hang and Li, Zhenguo and Yeung, Dit-Yan and Kwok, James T and Zhang, Yu},
  journal={arXiv preprint arXiv:2403.09572},
  year={2024}
}
@article{feng2024legend,
  title={Legend: Leveraging Representation Engineering to Annotate Safety Margin for Preference Datasets},
  author={Feng, Duanyu and Qin, Bowen and Huang, Chen and Huang, Youcheng and Zhang, Zheng and Lei, Wenqiang},
  journal={arXiv preprint arXiv:2406.08124},
  year={2024}
}
@article{kim2024break,
  title={Break the Breakout: Reinventing LM Defense Against Jailbreak Attacks with Self-Refinement},
  author={Kim, Heegyu and Yuk, Sehyun and Cho, Hyunsouk},
  journal={arXiv preprint arXiv:2402.15180},
  year={2024}
}
@article{hammoud2024model,
  title={Model Merging and Safety Alignment: One Bad Model Spoils the Bunch},
  author={Hammoud, Hasan Abed Al Kader and Michieli, Umberto and Pizzati, Fabio and Torr, Philip and Bibi, Adel and Ghanem, Bernard and Ozay, Mete},
  journal={arXiv preprint arXiv:2406.14563},
  year={2024}
}
@article{ji2024pku,
  title={PKU-SafeRLHF: A Safety Alignment Preference Dataset for Llama Family Models},
  author={Ji, Jiaming and Hong, Donghai and Zhang, Borong and Chen, Boyuan and Dai, Josef and Zheng, Boren and Qiu, Tianyi and Li, Boxun and Yang, Yaodong},
  journal={arXiv preprint arXiv:2406.15513},
  year={2024}
}
@article{chen2024finding,
  title={Finding Safety Neurons in Large Language Models},
  author={Chen, Jianhui and Wang, Xiaozhi and Yao, Zijun and Bai, Yushi and Hou, Lei and Li, Juanzi},
  journal={arXiv preprint arXiv:2406.14144},
  year={2024}
}
@article{tang2024prioritizing,
  title={Prioritizing safeguarding over autonomy: Risks of llm agents for science},
  author={Tang, Xiangru and Jin, Qiao and Zhu, Kunlun and Yuan, Tongxin and Zhang, Yichi and Zhou, Wangchunshu and Qu, Meng and Zhao, Yilun and Tang, Jian and Zhang, Zhuosheng and others},
  journal={arXiv preprint arXiv:2402.04247},
  year={2024}
}
@article{ganguli2022red,
  title={Red teaming language models to reduce harms: Methods, scaling behaviors, and lessons learned},
  author={Ganguli, Deep and Lovitt, Liane and Kernion, Jackson and Askell, Amanda and Bai, Yuntao and Kadavath, Saurav and Mann, Ben and Perez, Ethan and Schiefer, Nicholas and Ndousse, Kamal and others},
  journal={arXiv preprint arXiv:2209.07858},
  year={2022}
}

@article{riechers2024geometry,
  title={Geometry and Dynamics of LayerNorm},
  author={Riechers, Paul M},
  journal={arXiv preprint arXiv:2405.04134},
  year={2024}
}
@article{lin2022survey,
  title={A survey of transformers},
  author={Lin, Tianyang and Wang, Yuxin and Liu, Xiangyang and Qiu, Xipeng},
  journal={AI open},
  year={2022},
  publisher={Elsevier}
}
@article{wang2024arithmetic,
  title={Arithmetic Control of LLMs for Diverse User Preferences: Directional Preference Alignment with Multi-Objective Rewards},
  author={Wang, Haoxiang and Lin, Yong and Xiong, Wei and Yang, Rui and Diao, Shizhe and Qiu, Shuang and Zhao, Han and Zhang, Tong},
  journal={arXiv preprint arXiv:2402.18571},
  year={2024}
}
@article{mudgal2023controlled,
  title={Controlled Decoding from Language Models},
  author={Mudgal, Sidharth and Lee, Jong and Ganapathy, Harish and Li, YaGuang and Wang, Tao and Huang, Yanping and Chen, Zhifeng and Cheng, Heng-Tze and Collins, Michael and Strohman, Trevor and Chen, Jilin and Beutel, Alex and Beirami, Ahmad},
  journal={arXiv preprint arXiv:2310.17022},
  year={2023},
  url={https://arxiv.org/abs/2310.17022}
}
@article{huang2024deal,
  title={DEAL: Decoding-time Alignment for Large Language Models},
  author={Huang, James Y and Sengupta, Sailik and Bonadiman, Daniele and Lai, Yi-an and Gupta, Arshit and Pappas, Nikolaos and Mansour, Saab and Kirchhoff, Katrin and Roth, Dan},
  journal={arXiv preprint arXiv:2402.06147},
  year={2024},
  url={https://arxiv.org/abs/2402.06147}
}

@article{khanov2024args,
  title={ARGS: Alignment as reward-guided search},
  author={Khanov, Maxim and Burapacheep, Jirayu and Li, Yixuan},
  journal={arXiv preprint arXiv:2402.01694},
  year={2024}
}

@misc{vicuna2023,
    title = {Vicuna: An Open-Source Chatbot Impressing GPT-4 with 90\%* ChatGPT Quality},
    url = {https://lmsys.org/blog/2023-03-30-vicuna/},
    author = {Chiang, Wei-Lin and Li, Zhuohan and Lin, Zi and Sheng, Ying and Wu, Zhanghao and Zhang, Hao and Zheng, Lianmin and Zhuang, Siyuan and Zhuang, Yonghao and Gonzalez, Joseph E. and Stoica, Ion and Xing, Eric P.},
    month = {March},
    year = {2023}
}

@article{almazrouei2023falcon,
  title={The falcon series of open language models},
  author={Almazrouei, Ebtesam and Alobeidli, Hamza and Alshamsi, Abdulaziz and Cappelli, Alessandro and Cojocaru, Ruxandra and Debbah, M{\'e}rouane and Goffinet, {\'E}tienne and Hesslow, Daniel and Launay, Julien and Malartic, Quentin and others},
  journal={arXiv preprint arXiv:2311.16867},
  year={2023}
}
@article{ramesh2024group,
  title={Group Robust Preference Optimization in Reward-free RLHF},
  author={Ramesh, Shyam Sundhar and Hu, Yifan and Chaimalas, Iason and Mehta, Viraj and Sessa, Pier Giuseppe and Ammar, Haitham Bou and Bogunovic, Ilija},
  journal={arXiv preprint arXiv:2405.20304},
  year={2024}
}

@article{taori2023alpaca,
  title={Alpaca: A strong, replicable instruction-following model},
  author={Taori, Rohan and Gulrajani, Ishaan and Zhang, Tianyi and Dubois, Yann and Li, Xuechen and Guestrin, Carlos and Liang, Percy and Hashimoto, Tatsunori B},
  journal={Stanford Center for Research on Foundation Models. https://crfm. stanford. edu/2023/03/13/alpaca. html},
  volume={3},
  number={6},
  pages={7},
  year={2023}
}