@article{Bi2019GraphBasedOC,
  title={Graph-Based Object Classification for Neuromorphic Vision Sensing},
  author={Yin Bi and Aaron Chadha and Alhabib Abbas and Eirina Bourtsoulatze and Yiannis Andreopoulos},
  journal={2019 IEEE/CVF International Conference on Computer Vision (ICCV)},
  year={2019},
  pages={491-501},
  url={https://api.semanticscholar.org/CorpusID:201070152}
}

@article{Chen2022FUTR3DAU,
  title={FUTR3D: A Unified Sensor Fusion Framework for 3D Detection},
  author={Xuanyao Chen and Tianyuan Zhang and Yue Wang and Yilun Wang and Hang Zhao},
  journal={2023 IEEE/CVF Conference on Computer Vision and Pattern Recognition Workshops (CVPRW)},
  year={2022},
  pages={172-181},
  url={https://api.semanticscholar.org/CorpusID:247594012}
}

@article{Gehrig2022PushingTL,
  title={Pushing the Limits of Asynchronous Graph-based Object Detection with Event Cameras},
  author={Daniel Gehrig and Davide Scaramuzza},
  journal={ArXiv},
  year={2022},
  volume={abs/2211.12324},
  url={https://api.semanticscholar.org/CorpusID:253761214}
}

@article{Gehrig2022RecurrentVT,
  title={Recurrent Vision Transformers for Object Detection with Event Cameras},
  author={Mathias Gehrig and Davide Scaramuzza},
  journal={2023 IEEE/CVF Conference on Computer Vision and Pattern Recognition (CVPR)},
  year={2022},
  pages={13884-13893},
  url={https://api.semanticscholar.org/CorpusID:254564733}
}

@article{Gehrig2024LowlatencyAV,
  title={Low-latency automotive vision with event cameras},
  author={Daniel Gehrig and Davide Scaramuzza},
  journal={Nature},
  year={2024},
  volume={629},
  pages={1034 - 1040},
  url={https://api.semanticscholar.org/CorpusID:270121562}
}

@article{Hamaguchi2023HierarchicalNM,
  title={Hierarchical Neural Memory Network for Low Latency Event Processing},
  author={Ryuhei Hamaguchi and Yasutaka Furukawa and Masaki Onishi and Ken Sakurada},
  journal={2023 IEEE/CVF Conference on Computer Vision and Pattern Recognition (CVPR)},
  year={2023},
  pages={22867-22876},
  url={https://api.semanticscholar.org/CorpusID:258960604}
}

@article{Iacono2018TowardsEO,
  title={Towards Event-Driven Object Detection with Off-the-Shelf Deep Learning},
  author={Massimiliano Iacono and Stefan Weber and Arren J. Glover and Chiara Bartolozzi},
  journal={2018 IEEE/RSJ International Conference on Intelligent Robots and Systems (IROS)},
  year={2018},
  pages={1-9},
  url={https://api.semanticscholar.org/CorpusID:57756093}
}

@article{Li2021GraphbasedAE,
  title={Graph-based Asynchronous Event Processing for Rapid Object Recognition},
  author={Yijin Li and Han Zhou and Bangbang Yang and Yexin Zhang and Zhaopeng Cui and Hujun Bao and Guofeng Zhang},
  journal={2021 IEEE/CVF International Conference on Computer Vision (ICCV)},
  year={2021},
  pages={914-923},
  url={https://api.semanticscholar.org/CorpusID:244114127}
}

@article{Li2022AsynchronousSM,
  title={Asynchronous Spatio-Temporal Memory Network for Continuous Event-Based Object Detection},
  author={Jianing Li and Jia Li and Lin Zhu and Xijie Xiang and Tiejun Huang and Yonghong Tian},
  journal={IEEE Transactions on Image Processing},
  year={2022},
  volume={31},
  pages={2975-2987},
  url={https://api.semanticscholar.org/CorpusID:247954784}
}

@article{Li2023SODFormerSO,
  title={SODFormer: Streaming Object Detection With Transformer Using Events and Frames},
  author={Dianze Li and Jianing Li and Yonghong Tian},
  journal={IEEE Transactions on Pattern Analysis and Machine Intelligence},
  year={2023},
  volume={45},
  pages={14020-14037},
  url={https://api.semanticscholar.org/CorpusID:260202536}
}

@InProceedings{Liu_2024_CVPR,
    author    = {Liu, Xianpeng and Zheng, Ce and Qian, Ming and Xue, Nan and Chen, Chen and Zhang, Zhebin and Li, Chen and Wu, Tianfu},
    title     = {Multi-View Attentive Contextualization for Multi-View 3D Object Detection},
    booktitle = {Proceedings of the IEEE/CVF Conference on Computer Vision and Pattern Recognition (CVPR)},
    month     = {June},
    year      = {2024},
    pages     = {16688-16698}
}

@article{Messikommer2020EventbasedAS,
  title={Event-based Asynchronous Sparse Convolutional Networks},
  author={Nico Messikommer and Daniel Gehrig and Antonio Loquercio and Davide Scaramuzza},
  journal={ArXiv},
  year={2020},
  volume={abs/2003.09148},
  url={https://api.semanticscholar.org/CorpusID:214605597}
}

@inproceedings{Peng2023BetterAF,
  title={Better and Faster: Adaptive Event Conversion for Event-Based Object Detection},
  author={Yan Peng and Yueyi Zhang and Peilin Xiao and Xiaoyan Sun and Feng Wu},
  booktitle={AAAI Conference on Artificial Intelligence},
  year={2023},
  url={https://api.semanticscholar.org/CorpusID:259505977}
}

@article{Peng2023GETGE,
  title={GET: Group Event Transformer for Event-Based Vision},
  author={Yansong Peng and Yueyi Zhang and Zhiwei Xiong and Xiaoyan Sun and Feng Wu},
  journal={2023 IEEE/CVF International Conference on Computer Vision (ICCV)},
  year={2023},
  pages={6015-6025},
  url={https://api.semanticscholar.org/CorpusID:263620329}
}

@article{Peng2024SceneAS,
  title={Scene Adaptive Sparse Transformer for Event-based Object Detection},
  author={Yansong Peng and Hebei Li and Yueyi Zhang and Xiaoyan Sun and Feng Wu},
  journal={2024 IEEE/CVF Conference on Computer Vision and Pattern Recognition (CVPR)},
  year={2024},
  pages={16794-16804},
  url={https://api.semanticscholar.org/CorpusID:268857075}
}

@article{Perot2020LearningTD,
  title={Learning to Detect Objects with a 1 Megapixel Event Camera},
  author={Etienne Perot and Pierre de Tournemire and Davide Oscar Nitti and Jonathan Masci and Amos Sironi},
  journal={ArXiv},
  year={2020},
  volume={abs/2009.13436},
  url={https://api.semanticscholar.org/CorpusID:221970052}
}

@inproceedings{Schaefer22cvpr,
  author    = {Schaefer, Simon and Gehrig, Daniel and Scaramuzza, Davide},
  title     = {AEGNN: Asynchronous Event-based Graph Neural Networks},
  booktitle = {IEEE Conference on Computer Vision and Pattern Recognition},
  year      = {2022}
}

@inproceedings{Wang2023DualMA,
  title={Dual Memory Aggregation Network for Event-Based Object Detection with Learnable Representation},
  author={Dongsheng Wang and Xu Jia and Yang Zhang and Xinyu Zhang and Yaoyuan Wang and Ziyang Zhang and D. Wang and Huchuan Lu},
  booktitle={AAAI Conference on Artificial Intelligence},
  year={2023},
  url={https://api.semanticscholar.org/CorpusID:257622623}
}

@article{Xie2023SparseFusionFM,
  title={SparseFusion: Fusing Multi-Modal Sparse Representations for Multi-Sensor 3D Object Detection},
  author={Yichen Xie and Chenfeng Xu and Marie-Julie Rakotosaona and Patrick Rim and Federico Tombari and Kurt Keutzer and Masayoshi Tomizuka and Wei Zhan},
  journal={2023 IEEE/CVF International Conference on Computer Vision (ICCV)},
  year={2023},
  pages={17545-17556},
  url={https://api.semanticscholar.org/CorpusID:258352667}
}

@article{Yao2021TemporalwiseAS,
  title={Temporal-wise Attention Spiking Neural Networks for Event Streams Classification},
  author={Man Yao and Huanhuan Gao and Guangshe Zhao and Dingheng Wang and Yihan Lin and Zhao-Xu Yang and Guoqi Li},
  journal={2021 IEEE/CVF International Conference on Computer Vision (ICCV)},
  year={2021},
  pages={10201-10210},
  url={https://api.semanticscholar.org/CorpusID:236428732}
}

@article{Zhang2022SpikingTF,
  title={Spiking Transformers for Event-based Single Object Tracking},
  author={Jiqing Zhang and B. Dong and Haiwei Zhang and Jianchuan Ding and Felix Heide and Baocai Yin and Xin Yang},
  journal={2022 IEEE/CVF Conference on Computer Vision and Pattern Recognition (CVPR)},
  year={2022},
  pages={8791-8800},
  url={https://api.semanticscholar.org/CorpusID:249980329}
}

@InProceedings{Zhang_2024_CVPR,
    author    = {Zhang, Gang and Chen, Junnan and Gao, Guohuan and Li, Jianmin and Liu, Si and Hu, Xiaolin},
    title     = {SAFDNet: A Simple and Effective Network for Fully Sparse 3D Object Detection},
    booktitle = {Proceedings of the IEEE/CVF Conference on Computer Vision and Pattern Recognition (CVPR)},
    month     = {June},
    year      = {2024},
    pages     = {14477-14486}
}

@article{Zubic2023FromCC,
  title={From Chaos Comes Order: Ordering Event Representations for Object Recognition and Detection},
  author={Nikola Zubic and Daniel Gehrig and Mathias Gehrig and Davide Scaramuzza},
  journal={2023 IEEE/CVF International Conference on Computer Vision (ICCV)},
  year={2023},
  pages={12800-12810},
  url={https://api.semanticscholar.org/CorpusID:261031728}
}

@inproceedings{bai2022transfusion,
  title={Transfusion: Robust lidar-camera fusion for 3d object detection with transformers},
  author={Bai, Xuyang and Hu, Zeyu and Zhu, Xinge and Huang, Qingqiu and Chen, Yilun and Fu, Hongbo and Tai, Chiew-Lan},
  booktitle={Proceedings of the IEEE/CVF conference on computer vision and pattern recognition},
  pages={1090--1099},
  year={2022}
}

@inproceedings{chen2016monocular,
  title={Monocular 3d object detection for autonomous driving},
  author={Chen, Xiaozhi and Kundu, Kaustav and Zhang, Ziyu and Ma, Huimin and Fidler, Sanja and Urtasun, Raquel},
  booktitle={Proceedings of the IEEE conference on computer vision and pattern recognition},
  pages={2147--2156},
  year={2016}
}

@inproceedings{chen2017multi,
  title={Multi-view 3d object detection network for autonomous driving},
  author={Chen, Xiaozhi and Ma, Huimin and Wan, Ji and Li, Bo and Xia, Tian},
  booktitle={Proceedings of the IEEE conference on Computer Vision and Pattern Recognition},
  pages={1907--1915},
  year={2017}
}

@inproceedings{chen2019fast,
  title={Fast point r-cnn},
  author={Chen, Yilun and Liu, Shu and Shen, Xiaoyong and Jia, Jiaya},
  booktitle={Proceedings of the IEEE/CVF international conference on computer vision},
  pages={9775--9784},
  year={2019}
}

@inproceedings{chen2020dsgn,
  title={Dsgn: Deep stereo geometry network for 3d object detection},
  author={Chen, Yilun and Liu, Shu and Shen, Xiaoyong and Jia, Jiaya},
  booktitle={Proceedings of the IEEE/CVF conference on computer vision and pattern recognition},
  pages={12536--12545},
  year={2020}
}

@inproceedings{chen2022deformable,
  title={Deformable feature aggregation for dynamic multi-modal 3D object detection},
  author={Chen, Zehui and Li, Zhenyu and Zhang, Shiquan and Fang, Liangji and Jiang, Qinhong and Zhao, Feng},
  booktitle={European conference on computer vision},
  pages={628--644},
  year={2022},
  organization={Springer}
}

@inproceedings{chen2022mppnet,
  title={Mppnet: Multi-frame feature intertwining with proxy points for 3d temporal object detection},
  author={Chen, Xuesong and Shi, Shaoshuai and Zhu, Benjin and Cheung, Ka Chun and Xu, Hang and Li, Hongsheng},
  booktitle={European Conference on Computer Vision},
  pages={680--697},
  year={2022},
  organization={Springer}
}

@inproceedings{chen2022pseudo,
  title={Pseudo-stereo for monocular 3d object detection in autonomous driving},
  author={Chen, Yi-Nan and Dai, Hang and Ding, Yong},
  booktitle={Proceedings of the IEEE/CVF conference on computer vision and pattern recognition},
  pages={887--897},
  year={2022}
}

@inproceedings{deng2021voxel,
  title={Voxel r-cnn: Towards high performance voxel-based 3d object detection},
  author={Deng, Jiajun and Shi, Shaoshuai and Li, Peiwei and Zhou, Wengang and Zhang, Yanyong and Li, Houqiang},
  booktitle={Proceedings of the AAAI conference on artificial intelligence},
  volume={35},
  number={2},
  pages={1201--1209},
  year={2021}
}

@inproceedings{fan2022embracing,
  title={Embracing single stride 3d object detector with sparse transformer},
  author={Fan, Lue and Pang, Ziqi and Zhang, Tianyuan and Wang, Yu-Xiong and Zhao, Hang and Wang, Feng and Wang, Naiyan and Zhang, Zhaoxiang},
  booktitle={Proceedings of the IEEE/CVF conference on computer vision and pattern recognition},
  pages={8458--8468},
  year={2022}
}

@inproceedings{feng2024interpretable3d,
  title={Interpretable3d: An ad-hoc interpretable classifier for 3d point clouds},
  author={Feng, Tuo and Quan, Ruijie and Wang, Xiaohan and Wang, Wenguan and Yang, Yi},
  booktitle={Proceedings of the AAAI Conference on Artificial Intelligence},
  volume={38},
  number={2},
  pages={1761--1769},
  year={2024}
}

@inproceedings{guan2022m3detr,
  title={M3detr: Multi-representation, multi-scale, mutual-relation 3d object detection with transformers},
  author={Guan, Tianrui and Wang, Jun and Lan, Shiyi and Chandra, Rohan and Wu, Zuxuan and Davis, Larry and Manocha, Dinesh},
  booktitle={Proceedings of the IEEE/CVF winter conference on applications of computer vision},
  pages={772--782},
  year={2022}
}

@inproceedings{guo2021liga,
  title={Liga-stereo: Learning lidar geometry aware representations for stereo-based 3d detector},
  author={Guo, Xiaoyang and Shi, Shaoshuai and Wang, Xiaogang and Li, Hongsheng},
  booktitle={Proceedings of the IEEE/CVF international conference on computer vision},
  pages={3153--3163},
  year={2021}
}

@inproceedings{he2019mono3d++,
  title={Mono3d++: Monocular 3d vehicle detection with two-scale 3d hypotheses and task priors},
  author={He, Tong and Soatto, Stefano},
  booktitle={Proceedings of the AAAI Conference on Artificial Intelligence},
  volume={33},
  number={01},
  pages={8409--8416},
  year={2019}
}

@inproceedings{he2020structure,
  title={Structure aware single-stage 3d object detection from point cloud},
  author={He, Chenhang and Zeng, Hui and Huang, Jianqiang and Hua, Xian-Sheng and Zhang, Lei},
  booktitle={Proceedings of the IEEE/CVF conference on computer vision and pattern recognition},
  pages={11873--11882},
  year={2020}
}

@inproceedings{he2022voxel,
  title={Voxel set transformer: A set-to-set approach to 3d object detection from point clouds},
  author={He, Chenhang and Li, Ruihuang and Li, Shuai and Zhang, Lei},
  booktitle={Proceedings of the IEEE/CVF conference on computer vision and pattern recognition},
  pages={8417--8427},
  year={2022}
}

@article{ho2023diffusion,
  title={Diffusion-ss3d: Diffusion model for semi-supervised 3d object detection},
  author={Ho, Cheng-Ju and Tai, Chen-Hsuan and Lin, Yen-Yu and Yang, Ming-Hsuan and Tsai, Yi-Hsuan},
  journal={Advances in Neural Information Processing Systems},
  volume={36},
  pages={49100--49112},
  year={2023}
}

@inproceedings{hu2022point,
  title={Point density-aware voxels for lidar 3d object detection},
  author={Hu, Jordan SK and Kuai, Tianshu and Waslander, Steven L},
  booktitle={Proceedings of the IEEE/CVF conference on computer vision and pattern recognition},
  pages={8469--8478},
  year={2022}
}

@article{huang2021bevdet,
  title={Bevdet: High-performance multi-camera 3d object detection in bird-eye-view},
  author={Huang, Junjie and Huang, Guan and Zhu, Zheng and Ye, Yun and Du, Dalong},
  journal={arXiv preprint arXiv:2112.11790},
  year={2021}
}

@article{huang2021makes,
  title={What makes multi-modal learning better than single (provably)},
  author={Huang, Yu and Du, Chenzhuang and Xue, Zihui and Chen, Xuanyao and Zhao, Hang and Huang, Longbo},
  journal={Advances in Neural Information Processing Systems},
  volume={34},
  pages={10944--10956},
  year={2021}
}

@inproceedings{huang2022monodtr,
  title={Monodtr: Monocular 3d object detection with depth-aware transformer},
  author={Huang, Kuan-Chih and Wu, Tsung-Han and Su, Hung-Ting and Hsu, Winston H},
  booktitle={Proceedings of the IEEE/CVF conference on computer vision and pattern recognition},
  pages={4012--4021},
  year={2022}
}

@inproceedings{huang2025detecting,
  title={Detecting as labeling: Rethinking lidar-camera fusion in 3d object detection},
  author={Huang, Junjie and Ye, Yun and Liang, Zhujin and Shan, Yi and Du, Dalong},
  booktitle={European Conference on Computer Vision},
  pages={439--455},
  year={2025},
  organization={Springer}
}

@inproceedings{jiang2023polarformer,
  title={Polarformer: Multi-camera 3d object detection with polar transformer},
  author={Jiang, Yanqin and Zhang, Li and Miao, Zhenwei and Zhu, Xiatian and Gao, Jin and Hu, Weiming and Jiang, Yu-Gang},
  booktitle={Proceedings of the AAAI conference on Artificial Intelligence},
  volume={37},
  number={1},
  pages={1042--1050},
  year={2023}
}

@inproceedings{ku2018joint,
  title={Joint 3d proposal generation and object detection from view aggregation},
  author={Ku, Jason and Mozifian, Melissa and Lee, Jungwook and Harakeh, Ali and Waslander, Steven L},
  booktitle={2018 IEEE/RSJ International Conference on Intelligent Robots and Systems (IROS)},
  pages={1--8},
  year={2018},
  organization={IEEE}
}

@inproceedings{lang2019pointpillars,
  title={Pointpillars: Fast encoders for object detection from point clouds},
  author={Lang, Alex H and Vora, Sourabh and Caesar, Holger and Zhou, Lubing and Yang, Jiong and Beijbom, Oscar},
  booktitle={Proceedings of the IEEE/CVF conference on computer vision and pattern recognition},
  pages={12697--12705},
  year={2019}
}

@inproceedings{li2019stereo,
  title={Stereo r-cnn based 3d object detection for autonomous driving},
  author={Li, Peiliang and Chen, Xiaozhi and Shen, Shaojie},
  booktitle={Proceedings of the IEEE/CVF Conference on Computer Vision and Pattern Recognition},
  pages={7644--7652},
  year={2019}
}

@inproceedings{li2021lidar,
  title={Lidar r-cnn: An efficient and universal 3d object detector},
  author={Li, Zhichao and Wang, Feng and Wang, Naiyan},
  booktitle={Proceedings of the IEEE/CVF conference on computer vision and pattern recognition},
  pages={7546--7555},
  year={2021}
}

@inproceedings{li2022deepfusion,
  title={Deepfusion: Lidar-camera deep fusion for multi-modal 3d object detection},
  author={Li, Yingwei and Yu, Adams Wei and Meng, Tianjian and Caine, Ben and Ngiam, Jiquan and Peng, Daiyi and Shen, Junyang and Lu, Yifeng and Zhou, Denny and Le, Quoc V and others},
  booktitle={Proceedings of the IEEE/CVF conference on computer vision and pattern recognition},
  pages={17182--17191},
  year={2022}
}

@article{li2022unifying,
  title={Unifying voxel-based representation with transformer for 3d object detection},
  author={Li, Yanwei and Chen, Yilun and Qi, Xiaojuan and Li, Zeming and Sun, Jian and Jia, Jiaya},
  journal={Advances in Neural Information Processing Systems},
  volume={35},
  pages={18442--18455},
  year={2022}
}

@inproceedings{li2022voxel,
  title={Voxel field fusion for 3d object detection},
  author={Li, Yanwei and Qi, Xiaojuan and Chen, Yukang and Wang, Liwei and Li, Zeming and Sun, Jian and Jia, Jiaya},
  booktitle={Proceedings of the IEEE/CVF Conference on Computer Vision and Pattern Recognition},
  pages={1120--1129},
  year={2022}
}

@inproceedings{li2023bevdepth,
  title={Bevdepth: Acquisition of reliable depth for multi-view 3d object detection},
  author={Li, Yinhao and Ge, Zheng and Yu, Guanyi and Yang, Jinrong and Wang, Zengran and Shi, Yukang and Sun, Jianjian and Li, Zeming},
  booktitle={Proceedings of the AAAI Conference on Artificial Intelligence},
  volume={37},
  number={2},
  pages={1477--1485},
  year={2023}
}

@inproceedings{li2023logonet,
  title={Logonet: Towards accurate 3d object detection with local-to-global cross-modal fusion},
  author={Li, Xin and Ma, Tao and Hou, Yuenan and Shi, Botian and Yang, Yuchen and Liu, Youquan and Wu, Xingjiao and Chen, Qin and Li, Yikang and Qiao, Yu and others},
  booktitle={Proceedings of the IEEE/CVF Conference on Computer Vision and Pattern Recognition},
  pages={17524--17534},
  year={2023}
}

@inproceedings{li2024di,
  title={Di-v2x: Learning domain-invariant representation for vehicle-infrastructure collaborative 3d object detection},
  author={Li, Xiang and Yin, Junbo and Li, Wei and Xu, Chengzhong and Yang, Ruigang and Shen, Jianbing},
  booktitle={Proceedings of the AAAI Conference on Artificial Intelligence},
  volume={38},
  number={4},
  pages={3208--3215},
  year={2024}
}

@inproceedings{li2024gafusion,
  title={GAFusion: Adaptive Fusing LiDAR and Camera with Multiple Guidance for 3D Object Detection},
  author={Li, Xiaotian and Fan, Baojie and Tian, Jiandong and Fan, Huijie},
  booktitle={Proceedings of the IEEE/CVF Conference on Computer Vision and Pattern Recognition},
  pages={21209--21218},
  year={2024}
}

@inproceedings{liang2018deep,
  title={Deep continuous fusion for multi-sensor 3d object detection},
  author={Liang, Ming and Yang, Bin and Wang, Shenlong and Urtasun, Raquel},
  booktitle={Proceedings of the European conference on computer vision (ECCV)},
  pages={641--656},
  year={2018}
}

@inproceedings{liang2019multi,
  title={Multi-task multi-sensor fusion for 3d object detection},
  author={Liang, Ming and Yang, Bin and Chen, Yun and Hu, Rui and Urtasun, Raquel},
  booktitle={Proceedings of the IEEE/CVF conference on computer vision and pattern recognition},
  pages={7345--7353},
  year={2019}
}

@article{liang2022bevfusion,
  title={Bevfusion: A simple and robust lidar-camera fusion framework},
  author={Liang, Tingting and Xie, Hongwei and Yu, Kaicheng and Xia, Zhongyu and Lin, Zhiwei and Wang, Yongtao and Tang, Tao and Wang, Bing and Tang, Zhi},
  journal={Advances in Neural Information Processing Systems},
  volume={35},
  pages={10421--10434},
  year={2022}
}

@inproceedings{lin2024rcbevdet,
  title={RCBEVDet: Radar-camera Fusion in Bird's Eye View for 3D Object Detection},
  author={Lin, Zhiwei and Liu, Zhe and Xia, Zhongyu and Wang, Xinhao and Wang, Yongtao and Qi, Shengxiang and Dong, Yang and Dong, Nan and Zhang, Le and Zhu, Ce},
  booktitle={Proceedings of the IEEE/CVF Conference on Computer Vision and Pattern Recognition},
  pages={14928--14937},
  year={2024}
}

@inproceedings{liu2020smoke,
  title={Smoke: Single-stage monocular 3d object detection via keypoint estimation},
  author={Liu, Zechen and Wu, Zizhang and T{\'o}th, Roland},
  booktitle={Proceedings of the IEEE/CVF conference on computer vision and pattern recognition workshops},
  pages={996--997},
  year={2020}
}

@inproceedings{liu2022petr,
  title={Petr: Position embedding transformation for multi-view 3d object detection},
  author={Liu, Yingfei and Wang, Tiancai and Zhang, Xiangyu and Sun, Jian},
  booktitle={European Conference on Computer Vision},
  pages={531--548},
  year={2022},
  organization={Springer}
}

@inproceedings{liu2023bevfusion,
  title={Bevfusion: Multi-task multi-sensor fusion with unified bird's-eye view representation},
  author={Liu, Zhijian and Tang, Haotian and Amini, Alexander and Yang, Xinyu and Mao, Huizi and Rus, Daniela L and Han, Song},
  booktitle={2023 IEEE international conference on robotics and automation (ICRA)},
  pages={2774--2781},
  year={2023},
  organization={IEEE}
}

@inproceedings{lu2021geometry,
  title={Geometry uncertainty projection network for monocular 3d object detection},
  author={Lu, Yan and Ma, Xinzhu and Yang, Lei and Zhang, Tianzhu and Liu, Yating and Chu, Qi and Yan, Junjie and Ouyang, Wanli},
  booktitle={Proceedings of the IEEE/CVF International Conference on Computer Vision},
  pages={3111--3121},
  year={2021}
}

@inproceedings{mao2021pyramid,
  title={Pyramid r-cnn: Towards better performance and adaptability for 3d object detection},
  author={Mao, Jiageng and Niu, Minzhe and Bai, Haoyue and Liang, Xiaodan and Xu, Hang and Xu, Chunjing},
  booktitle={Proceedings of the IEEE/CVF International Conference on Computer Vision},
  pages={2723--2732},
  year={2021}
}

@inproceedings{mao2021voxel,
  title={Voxel transformer for 3d object detection},
  author={Mao, Jiageng and Xue, Yujing and Niu, Minzhe and Bai, Haoyue and Feng, Jiashi and Liang, Xiaodan and Xu, Hang and Xu, Chunjing},
  booktitle={Proceedings of the IEEE/CVF international conference on computer vision},
  pages={3164--3173},
  year={2021}
}

@inproceedings{miao2021pvgnet,
  title={Pvgnet: A bottom-up one-stage 3d object detector with integrated multi-level features},
  author={Miao, Zhenwei and Chen, Jikai and Pan, Hongyu and Zhang, Ruiwen and Liu, Kaixuan and Hao, Peihan and Zhu, Jun and Wang, Yang and Zhan, Xin},
  booktitle={Proceedings of the IEEE/CVF Conference on Computer Vision and Pattern Recognition},
  pages={3279--3288},
  year={2021}
}

@inproceedings{mousavian20173d,
  title={3d bounding box estimation using deep learning and geometry},
  author={Mousavian, Arsalan and Anguelov, Dragomir and Flynn, John and Kosecka, Jana},
  booktitle={Proceedings of the IEEE conference on Computer Vision and Pattern Recognition},
  pages={7074--7082},
  year={2017}
}

@inproceedings{pang2020clocs,
  title={CLOCs: Camera-LiDAR object candidates fusion for 3D object detection},
  author={Pang, Su and Morris, Daniel and Radha, Hayder},
  booktitle={2020 IEEE/RSJ International Conference on Intelligent Robots and Systems (IROS)},
  pages={10386--10393},
  year={2020},
  organization={IEEE}
}

@inproceedings{park2021pseudo,
  title={Is pseudo-lidar needed for monocular 3d object detection?},
  author={Park, Dennis and Ambrus, Rares and Guizilini, Vitor and Li, Jie and Gaidon, Adrien},
  booktitle={Proceedings of the IEEE/CVF International Conference on Computer Vision},
  pages={3142--3152},
  year={2021}
}

@inproceedings{peng2020ida,
  title={Ida-3d: Instance-depth-aware 3d object detection from stereo vision for autonomous driving},
  author={Peng, Wanli and Pan, Hao and Liu, He and Sun, Yi},
  booktitle={Proceedings of the IEEE/CVF conference on computer vision and pattern recognition},
  pages={13015--13024},
  year={2020}
}

@inproceedings{philion2020lift,
  title={Lift, splat, shoot: Encoding images from arbitrary camera rigs by implicitly unprojecting to 3d},
  author={Philion, Jonah and Fidler, Sanja},
  booktitle={Computer Vision--ECCV 2020: 16th European Conference, Glasgow, UK, August 23--28, 2020, Proceedings, Part XIV 16},
  pages={194--210},
  year={2020},
  organization={Springer}
}

@inproceedings{piergiovanni20214d,
  title={4d-net for learned multi-modal alignment},
  author={Piergiovanni, AJ and Casser, Vincent and Ryoo, Michael S and Angelova, Anelia},
  booktitle={Proceedings of the IEEE/CVF International Conference on Computer Vision},
  pages={15435--15445},
  year={2021}
}

@inproceedings{prakash2021multi,
  title={Multi-modal fusion transformer for end-to-end autonomous driving},
  author={Prakash, Aditya and Chitta, Kashyap and Geiger, Andreas},
  booktitle={Proceedings of the IEEE/CVF conference on computer vision and pattern recognition},
  pages={7077--7087},
  year={2021}
}

@inproceedings{qi2017pointnet,
  title={Pointnet: Deep learning on point sets for 3d classification and segmentation},
  author={Qi, Charles R and Su, Hao and Mo, Kaichun and Guibas, Leonidas J},
  booktitle={Proceedings of the IEEE conference on computer vision and pattern recognition},
  pages={652--660},
  year={2017}
}

@article{qi2017pointnet++,
  title={Pointnet++: Deep hierarchical feature learning on point sets in a metric space},
  author={Qi, Charles Ruizhongtai and Yi, Li and Su, Hao and Guibas, Leonidas J},
  journal={Advances in neural information processing systems},
  volume={30},
  year={2017}
}

@inproceedings{qi2018frustum,
  title={Frustum pointnets for 3d object detection from rgb-d data},
  author={Qi, Charles R and Liu, Wei and Wu, Chenxia and Su, Hao and Guibas, Leonidas J},
  booktitle={Proceedings of the IEEE conference on computer vision and pattern recognition},
  pages={918--927},
  year={2018}
}

@inproceedings{qi2019deep,
  title={Deep hough voting for 3d object detection in point clouds},
  author={Qi, Charles R and Litany, Or and He, Kaiming and Guibas, Leonidas J},
  booktitle={proceedings of the IEEE/CVF International Conference on Computer Vision},
  pages={9277--9286},
  year={2019}
}

@inproceedings{qin2019monogrnet,
  title={Monogrnet: A geometric reasoning network for monocular 3d object localization},
  author={Qin, Zengyi and Wang, Jinglu and Lu, Yan},
  booktitle={Proceedings of the AAAI conference on artificial intelligence},
  volume={33},
  number={01},
  pages={8851--8858},
  year={2019}
}

@inproceedings{reading2021categorical,
  title={Categorical depth distribution network for monocular 3d object detection},
  author={Reading, Cody and Harakeh, Ali and Chae, Julia and Waslander, Steven L},
  booktitle={Proceedings of the IEEE/CVF Conference on Computer Vision and Pattern Recognition},
  pages={8555--8564},
  year={2021}
}

@inproceedings{sheng2021improving,
  title={Improving 3d object detection with channel-wise transformer},
  author={Sheng, Hualian and Cai, Sijia and Liu, Yuan and Deng, Bing and Huang, Jianqiang and Hua, Xian-Sheng and Zhao, Min-Jian},
  booktitle={Proceedings of the IEEE/CVF international conference on computer vision},
  pages={2743--2752},
  year={2021}
}

@inproceedings{shi2019pointrcnn,
  title={Pointrcnn: 3d object proposal generation and detection from point cloud},
  author={Shi, Shaoshuai and Wang, Xiaogang and Li, Hongsheng},
  booktitle={Proceedings of the IEEE/CVF conference on computer vision and pattern recognition},
  pages={770--779},
  year={2019}
}

@inproceedings{shi2020point,
  title={Point-gnn: Graph neural network for 3d object detection in a point cloud},
  author={Shi, Weijing and Rajkumar, Raj},
  booktitle={Proceedings of the IEEE/CVF conference on computer vision and pattern recognition},
  pages={1711--1719},
  year={2020}
}

@inproceedings{shi2020pv,
  title={Pv-rcnn: Point-voxel feature set abstraction for 3d object detection},
  author={Shi, Shaoshuai and Guo, Chaoxu and Jiang, Li and Wang, Zhe and Shi, Jianping and Wang, Xiaogang and Li, Hongsheng},
  booktitle={Proceedings of the IEEE/CVF conference on computer vision and pattern recognition},
  pages={10529--10538},
  year={2020}
}

@article{song2024graphbev,
  title={Graphbev: Towards robust bev feature alignment for multi-modal 3d object detection},
  author={Song, Ziying and Yang, Lei and Xu, Shaoqing and Liu, Lin and Xu, Dongyang and Jia, Caiyan and Jia, Feiyang and Wang, Li},
  journal={arXiv preprint arXiv:2403.11848},
  year={2024}
}

@inproceedings{sun2020disp,
  title={Disp r-cnn: Stereo 3d object detection via shape prior guided instance disparity estimation},
  author={Sun, Jiaming and Chen, Linghao and Xie, Yiming and Zhang, Siyu and Jiang, Qinhong and Zhou, Xiaowei and Bao, Hujun},
  booktitle={Proceedings of the IEEE/CVF conference on computer vision and pattern recognition},
  pages={10548--10557},
  year={2020}
}

@inproceedings{vora2020pointpainting,
  title={Pointpainting: Sequential fusion for 3d object detection},
  author={Vora, Sourabh and Lang, Alex H and Helou, Bassam and Beijbom, Oscar},
  booktitle={Proceedings of the IEEE/CVF conference on computer vision and pattern recognition},
  pages={4604--4612},
  year={2020}
}

@inproceedings{wang2019pseudo,
  title={Pseudo-lidar from visual depth estimation: Bridging the gap in 3d object detection for autonomous driving},
  author={Wang, Yan and Chao, Wei-Lun and Garg, Divyansh and Hariharan, Bharath and Campbell, Mark and Weinberger, Kilian Q},
  booktitle={Proceedings of the IEEE/CVF conference on computer vision and pattern recognition},
  pages={8445--8453},
  year={2019}
}

@inproceedings{wang2022detr3d,
  title={Detr3d: 3d object detection from multi-view images via 3d-to-2d queries},
  author={Wang, Yue and Guizilini, Vitor Campagnolo and Zhang, Tianyuan and Wang, Yilun and Zhao, Hang and Solomon, Justin},
  booktitle={Conference on Robot Learning},
  pages={180--191},
  year={2022},
  organization={PMLR}
}

@inproceedings{wang2023ssda3d,
  title={Ssda3d: Semi-supervised domain adaptation for 3d object detection from point cloud},
  author={Wang, Yan and Yin, Junbo and Li, Wei and Frossard, Pascal and Yang, Ruigang and Shen, Jianbing},
  booktitle={Proceedings of the AAAI Conference on Artificial Intelligence},
  volume={37},
  number={3},
  pages={2707--2715},
  year={2023}
}

@inproceedings{wang2024bevspread,
  title={BEVSpread: Spread Voxel Pooling for Bird's-Eye-View Representation in Vision-based Roadside 3D Object Detection},
  author={Wang, Wenjie and Lu, Yehao and Zheng, Guangcong and Zhan, Shuigen and Ye, Xiaoqing and Tan, Zichang and Wang, Jingdong and Wang, Gaoang and Li, Xi},
  booktitle={Proceedings of the IEEE/CVF Conference on Computer Vision and Pattern Recognition},
  pages={14718--14727},
  year={2024}
}

@inproceedings{xu2018pointfusion,
  title={Pointfusion: Deep sensor fusion for 3d bounding box estimation},
  author={Xu, Danfei and Anguelov, Dragomir and Jain, Ashesh},
  booktitle={Proceedings of the IEEE conference on computer vision and pattern recognition},
  pages={244--253},
  year={2018}
}

@inproceedings{xu2021fusionpainting,
  title={Fusionpainting: Multimodal fusion with adaptive attention for 3d object detection},
  author={Xu, Shaoqing and Zhou, Dingfu and Fang, Jin and Yin, Junbo and Bin, Zhou and Zhang, Liangjun},
  booktitle={2021 IEEE International Intelligent Transportation Systems Conference (ITSC)},
  pages={3047--3054},
  year={2021},
  organization={IEEE}
}

@inproceedings{xu2022int,
  title={Int: Towards infinite-frames 3d detection with an efficient framework},
  author={Xu, Jianyun and Miao, Zhenwei and Zhang, Da and Pan, Hongyu and Liu, Kaixuan and Hao, Peihan and Zhu, Jun and Sun, Zhengyang and Li, Hongmin and Zhan, Xin},
  booktitle={European Conference on Computer Vision},
  pages={193--209},
  year={2022},
  organization={Springer}
}

@inproceedings{yang2019std,
  title={Std: Sparse-to-dense 3d object detector for point cloud},
  author={Yang, Zetong and Sun, Yanan and Liu, Shu and Shen, Xiaoyong and Jia, Jiaya},
  booktitle={Proceedings of the IEEE/CVF international conference on computer vision},
  pages={1951--1960},
  year={2019}
}

@inproceedings{yang20203dssd,
  title={3dssd: Point-based 3d single stage object detector},
  author={Yang, Zetong and Sun, Yanan and Liu, Shu and Jia, Jiaya},
  booktitle={Proceedings of the IEEE/CVF conference on computer vision and pattern recognition},
  pages={11040--11048},
  year={2020}
}

@article{yang2022deepinteraction,
  title={Deepinteraction: 3d object detection via modality interaction},
  author={Yang, Zeyu and Chen, Jiaqi and Miao, Zhenwei and Li, Wei and Zhu, Xiatian and Zhang, Li},
  journal={Advances in Neural Information Processing Systems},
  volume={35},
  pages={1992--2005},
  year={2022}
}

@inproceedings{yin2022proposalcontrast,
  title={Proposalcontrast: Unsupervised pre-training for lidar-based 3d object detection},
  author={Yin, Junbo and Zhou, Dingfu and Zhang, Liangjun and Fang, Jin and Xu, Cheng-Zhong and Shen, Jianbing and Wang, Wenguan},
  booktitle={European conference on computer vision},
  pages={17--33},
  year={2022},
  organization={Springer}
}

@inproceedings{yin2022semi,
  title={Semi-supervised 3D object detection with proficient teachers},
  author={Yin, Junbo and Fang, Jin and Zhou, Dingfu and Zhang, Liangjun and Xu, Cheng-Zhong and Shen, Jianbing and Wang, Wenguan},
  booktitle={European Conference on Computer Vision},
  pages={727--743},
  year={2022},
  organization={Springer}
}

@inproceedings{yin2024fusion,
  title={Is-fusion: Instance-scene collaborative fusion for multimodal 3d object detection},
  author={Yin, Junbo and Shen, Jianbing and Chen, Runnan and Li, Wei and Yang, Ruigang and Frossard, Pascal and Wang, Wenguan},
  booktitle={Proceedings of the IEEE/CVF Conference on Computer Vision and Pattern Recognition},
  pages={14905--14915},
  year={2024}
}

@article{you2019pseudo,
  title={Pseudo-lidar++: Accurate depth for 3d object detection in autonomous driving},
  author={You, Yurong and Wang, Yan and Chao, Wei-Lun and Garg, Divyansh and Pleiss, Geoff and Hariharan, Bharath and Campbell, Mark and Weinberger, Kilian Q},
  journal={arXiv preprint arXiv:1906.06310},
  year={2019}
}

@inproceedings{zhang2022cat,
  title={Cat-det: Contrastively augmented transformer for multi-modal 3d object detection},
  author={Zhang, Yanan and Chen, Jiaxin and Huang, Di},
  booktitle={Proceedings of the IEEE/CVF Conference on Computer Vision and Pattern Recognition},
  pages={908--917},
  year={2022}
}

@inproceedings{zhang2023monodetr,
  title={MonoDETR: Depth-guided transformer for monocular 3D object detection},
  author={Zhang, Renrui and Qiu, Han and Wang, Tai and Guo, Ziyu and Cui, Ziteng and Qiao, Yu and Li, Hongsheng and Gao, Peng},
  booktitle={Proceedings of the IEEE/CVF International Conference on Computer Vision},
  pages={9155--9166},
  year={2023}
}

@inproceedings{zhou2018voxelnet,
  title={Voxelnet: End-to-end learning for point cloud based 3d object detection},
  author={Zhou, Yin and Tuzel, Oncel},
  booktitle={Proceedings of the IEEE conference on computer vision and pattern recognition},
  pages={4490--4499},
  year={2018}
}

@inproceedings{zhou2020joint,
  title={Joint 3d instance segmentation and object detection for autonomous driving},
  author={Zhou, Dingfu and Fang, Jin and Song, Xibin and Liu, Liu and Yin, Junbo and Dai, Yuchao and Li, Hongdong and Yang, Ruigang},
  booktitle={Proceedings of the IEEE/CVF Conference on Computer Vision and Pattern Recognition},
  pages={1839--1849},
  year={2020}
}

