@misc{msoud_nickparvar_2021,
	title={Brain Tumor MRI Dataset},
	url={https://www.kaggle.com/dsv/2645886},
	DOI={10.34740/KAGGLE/DSV/2645886},
	publisher={Kaggle},
	author={Msoud Nickparvar},
	year={2021}
}
%%compare
@article{khushi2024performance,
  title={Performance analysis of state-of-the-art CNN architectures for brain tumour detection},
  author={Khushi, Hafiz Muhammad Tayyab and Masood, Tehreem and Jaffar, Arfan and Akram, Sheeraz and Bhatti, Sohail Masood},
  journal={International Journal of Imaging Systems and Technology},
  volume={34},
  number={1},
  pages={e22949},
  year={2024},
  publisher={Wiley Online Library}
}
@article{bose2024optimized,
  title={Optimized CNN Using Manta-Ray Foraging Optimization for Brain Tumour Detection},
  author={Bose, Abhishek and Garg, Ritu},
  journal={Procedia Computer Science},
  volume={235},
  pages={2187--2195},
  year={2024},
  publisher={Elsevier}
}
@article{jacob2023brain,
  title={Brain tumor classification based on deep CNN and modified butterfly optimization algorithm},
  author={Jacob, Vinodkumar and Sagar, GVR and Goura, Kavita and Pedalanka, PS Subhashini},
  journal={Computer Methods in Biomechanics and Biomedical Engineering: Imaging \& Visualization},
  volume={11},
  number={6},
  pages={2106--2117},
  year={2023},
  publisher={Taylor \& Francis}
}
@article{kordemir2024mask,
  title={A mask R-CNN approach for detection and classification of brain tumours from MR images},
  author={Kordemir, Merve and Cevik, Kerim Kursat and Bozkurt, Ahmet},
  journal={Computer Methods in Biomechanics and Biomedical Engineering: Imaging \& Visualization},
  volume={11},
  number={7},
  pages={2301391},
  year={2024},
  publisher={Taylor \& Francis}
}
@article{venkatachalam2024ensemble,
  title={Ensemble 3D CNN and U-Net-based brain tumour classification with MKKMC segmentation},
  author={Venkatachalam, Arul and Palanisamy, Santhi and Chinnasamy, Poongodi},
  journal={Automatika},
  volume={65},
  number={3},
  pages={691--705},
  year={2024},
  publisher={Taylor \& Francis}
}
@article{shajin2023efficient,
  title={Efficient framework for brain tumour classification using hierarchical deep learning neural network classifier},
  author={Shajin, Francis H and P, Salini and Rajesh, Paulthurai and Nagoji Rao, Venu Kadur},
  journal={Computer Methods in Biomechanics and Biomedical Engineering: Imaging \& Visualization},
  volume={11},
  number={3},
  pages={750--757},
  year={2023},
  publisher={Taylor \& Francis}
}






%%LR
@article{balamurugan2023brain,
  title={Brain tumor segmentation and classification using hybrid deep CNN with LuNetClassifier},
  author={Balamurugan, T and Gnanamanoharan, E},
  journal={Neural Computing and Applications},
  volume={35},
  number={6},
  pages={4739--4753},
  year={2023},
  publisher={Springer}
}
@article{ali2024segmentation,
  title={Segmentation and identification of brain tumour in MRI images using PG-OneShot learning CNN model},
  author={Ali, Azmat and Wang, Yulin and Shi, Xiaochuan},
  journal={Multimedia Tools and Applications},
  pages={1--22},
  year={2024},
  publisher={Springer}
}
@article{ramakrishnan2024optimizing,
  title={Optimizing brain tumor classification with hybrid CNN architecture: Balancing accuracy and efficiency through oneAPI optimization},
  author={Ramakrishnan, Akshay Bhuvaneswari and Sridevi, M and Vasudevan, Shriram K and Manikandan, R and Gandomi, Amir H},
  journal={Informatics in Medicine Unlocked},
  volume={44},
  pages={101436},
  year={2024},
  publisher={Elsevier}
}
@article{kumar2023human,
  title={Human brain tumor classification and segmentation using CNN},
  author={Kumar, Sunil and Kumar, Dilip},
  journal={Multimedia Tools and Applications},
  volume={82},
  number={5},
  pages={7599--7620},
  year={2023},
  publisher={Springer}
}
@article{alturki2023combining,
  title={Combining CNN features with voting classifiers for optimizing performance of brain tumor classification},
  author={Alturki, Nazik and Umer, Muhammad and Ishaq, Abid and Abuzinadah, Nihal and Alnowaiser, Khaled and Mohamed, Abdullah and Saidani, Oumaima and Ashraf, Imran},
  journal={Cancers},
  volume={15},
  number={6},
  pages={1767},
  year={2023},
  publisher={MDPI}
}
@article{sharma2024mtjnet,
  title={MTJNet: Multi-task joint learning network for advancing medicinal plant and leaf classification},
  author={Sharma, Shubham and Vardhan, Manu},
  journal={Knowledge-Based Systems},
  pages={112147},
  year={2024},
  publisher={Elsevier}
}

%intro
@article{karaaltun2024whole,
  title={Whole image average pooling-based convolution neural network approach for brain tumour classification},
  author={Karaaltun, Muhammed},
  journal={Neural Computing and Applications},
  volume={36},
  number={3},
  pages={1351--1367},
  year={2024},
  publisher={Springer}
}
@article{chauhan2024bt,
  title={BT-CNN: a balanced binary tree architecture for classification of brain tumour using MRI imaging},
  author={Chauhan, Sohamkumar and Cheruku, Ramalingaswamy and Reddy Edla, Damodar and Kampa, Lavanya and Nayak, Soumya Ranjan and Giri, Jayant and Mallik, Saurav and Aluvala, Srinivas and Boddu, Vijayasree and Qin, Hong},
  journal={Frontiers in Physiology},
  volume={15},
  pages={1349111},
  year={2024},
  publisher={Frontiers Media SA}
}