%% This BibTeX bibliography file was created using BibDesk.
%% https://bibdesk.sourceforge.io/

%% Created for Matthew Wilson at 2025-02-25 18:27:45 +0100 


%% Saved with string encoding Unicode (UTF-8) 



@article{jenvcova2024structure,
	author = {Jen{\v{c}}ov{\'a}, Anna},
	date-added = {2025-02-25 18:27:26 +0100},
	date-modified = {2025-02-25 18:27:26 +0100},
	journal = {arXiv preprint arXiv:2411.09256},
	title = {On the structure of higher order quantum maps},
	year = {2024}}

@misc{gogioso2023topologycausality,
	archiveprefix = {arXiv},
	author = {Stefano Gogioso and Nicola Pinzani},
	date-added = {2025-02-25 18:16:43 +0100},
	date-modified = {2025-02-25 18:16:43 +0100},
	eprint = {2303.07148},
	primaryclass = {quant-ph},
	title = {The Topology of Causality},
	url = {https://arxiv.org/abs/2303.07148},
	year = {2023},
	bdsk-url-1 = {https://arxiv.org/abs/2303.07148}}

@misc{gogioso2023geometrycausality,
	archiveprefix = {arXiv},
	author = {Stefano Gogioso and Nicola Pinzani},
	date-added = {2025-02-25 18:16:25 +0100},
	date-modified = {2025-02-25 18:16:25 +0100},
	eprint = {2303.09017},
	primaryclass = {quant-ph},
	title = {The Geometry of Causality},
	url = {https://arxiv.org/abs/2303.09017},
	year = {2023},
	bdsk-url-1 = {https://arxiv.org/abs/2303.09017}}

@article{Araujo2017purification,
	author = {Ara{\'{u}}jo, Mateus and Feix, Adrien and Navascu{\'{e}}s, Miguel and Brukner, {\v{C}}aslav},
	date-added = {2025-02-25 12:31:19 +0100},
	date-modified = {2025-02-25 12:31:19 +0100},
	doi = {10.22331/q-2017-04-26-10},
	issn = {2521-327X},
	journal = {{Quantum}},
	month = apr,
	pages = {10},
	publisher = {{Verein zur F{\"{o}}rderung des Open Access Publizierens in den Quantenwissenschaften}},
	title = {A purification postulate for quantum mechanics with indefinite causal order},
	url = {https://doi.org/10.22331/q-2017-04-26-10},
	volume = {1},
	year = {2017},
	bdsk-url-1 = {https://doi.org/10.22331/q-2017-04-26-10}}

@misc{vanrietvelde2023consistentcircuitsindefinitecausal,
	archiveprefix = {arXiv},
	author = {Augustin Vanrietvelde and Nick Ormrod and Hl{\'e}r Kristj{\'a}nsson and Jonathan Barrett},
	date-added = {2025-02-25 12:29:57 +0100},
	date-modified = {2025-02-25 12:29:57 +0100},
	eprint = {2206.10042},
	primaryclass = {quant-ph},
	title = {Consistent circuits for indefinite causal order},
	url = {https://arxiv.org/abs/2206.10042},
	year = {2023},
	bdsk-url-1 = {https://arxiv.org/abs/2206.10042}}

@article{deutsch1989quantum,
	author = {Deutsch, David},
	date-added = {2025-02-06 11:53:19 +0100},
	date-modified = {2025-02-06 11:53:19 +0100},
	doi = {10.1098/rspa.1989.0099},
	journal = {Proceedings of the Royal Society of London. A. Mathematical and Physical Sciences},
	number = {1868},
	pages = {73--90},
	publisher = {The Royal Society},
	title = {Quantum computational networks},
	volume = {425},
	year = {1989},
	bdsk-url-1 = {https://doi.org/10.1098/rspa.1989.0099}}

@misc{chen2024causalitydualitymultipartitegeneralized,
	archiveprefix = {arXiv},
	author = {Yiying Chen and Peidong Wang and Zizhu Wang},
	date-added = {2025-02-04 15:42:42 +0100},
	date-modified = {2025-02-04 15:42:42 +0100},
	eprint = {2411.03903},
	primaryclass = {quant-ph},
	title = {Causality and Duality in Multipartite Generalized Probabilistic Theories},
	url = {https://arxiv.org/abs/2411.03903},
	year = {2024},
	bdsk-url-1 = {https://arxiv.org/abs/2411.03903}}

@misc{sakharwade2024diagrammaticlanguagecausaloidframework,
	archiveprefix = {arXiv},
	author = {Nitica Sakharwade and Lucien Hardy},
	date-added = {2025-02-04 15:41:49 +0100},
	date-modified = {2025-02-04 15:41:49 +0100},
	eprint = {2407.01522},
	primaryclass = {quant-ph},
	title = {A diagrammatic language for the Causaloid framework},
	url = {https://arxiv.org/abs/2407.01522},
	year = {2024},
	bdsk-url-1 = {https://arxiv.org/abs/2407.01522}}

@misc{sengupta2024achievingmaximalcausalindefiniteness,
	archiveprefix = {arXiv},
	author = {Kuntal Sengupta},
	date-added = {2025-01-24 06:54:59 +0100},
	date-modified = {2025-01-24 06:54:59 +0100},
	eprint = {2411.04201},
	primaryclass = {quant-ph},
	title = {Achieving Maximal Causal Indefiniteness in a Maximally Nonlocal Theory},
	url = {https://arxiv.org/abs/2411.04201},
	year = {2024},
	bdsk-url-1 = {https://arxiv.org/abs/2411.04201}}

@misc{vanderlugt2023deviceindependentcertificationindefinitecausal,
	archiveprefix = {arXiv},
	author = {Tein van der Lugt and Jonathan Barrett and Giulio Chiribella},
	date-added = {2025-01-24 06:52:59 +0100},
	date-modified = {2025-01-24 06:52:59 +0100},
	eprint = {2208.00719},
	primaryclass = {quant-ph},
	title = {Device-independent certification of indefinite causal order in the quantum switch},
	url = {https://arxiv.org/abs/2208.00719},
	year = {2023},
	bdsk-url-1 = {https://arxiv.org/abs/2208.00719}}

@misc{bavaresco2024indefinitecausalorderboxworld,
	archiveprefix = {arXiv},
	author = {Jessica Bavaresco and {\"A}min Baumeler and Yelena Guryanova and Costantino Budroni},
	date-added = {2025-01-24 06:51:12 +0100},
	date-modified = {2025-01-24 06:51:12 +0100},
	eprint = {2411.00951},
	primaryclass = {quant-ph},
	title = {Indefinite causal order in boxworld theories},
	url = {https://arxiv.org/abs/2411.00951},
	year = {2024},
	bdsk-url-1 = {https://arxiv.org/abs/2411.00951}}

@misc{barnum2005influencefreestatescompoundquantum,
	archiveprefix = {arXiv},
	author = {Howard Barnum and Christopher A. Fuchs and Joseph M. Renes and Alexander Wilce},
	date-added = {2025-01-24 00:42:53 +0100},
	date-modified = {2025-01-24 00:42:53 +0100},
	eprint = {quant-ph/0507108},
	primaryclass = {quant-ph},
	title = {Influence-free states on compound quantum systems},
	url = {https://arxiv.org/abs/quant-ph/0507108},
	year = {2005},
	bdsk-url-1 = {https://arxiv.org/abs/quant-ph/0507108}}

@article{Yokojima2021consequencesof,
	author = {Yokojima, Wataru and Quintino, Marco T{\'{u}}lio and Soeda, Akihito and Murao, Mio},
	date-added = {2025-01-24 00:35:30 +0100},
	date-modified = {2025-01-24 00:35:30 +0100},
	doi = {10.22331/q-2021-04-26-441},
	issn = {2521-327X},
	journal = {{Quantum}},
	month = apr,
	pages = {441},
	publisher = {{Verein zur F{\"{o}}rderung des Open Access Publizierens in den Quantenwissenschaften}},
	title = {Consequences of preserving reversibility in quantum superchannels},
	url = {https://doi.org/10.22331/q-2021-04-26-441},
	volume = {5},
	year = {2021},
	bdsk-url-1 = {https://doi.org/10.22331/q-2021-04-26-441}}

@inbook{Selinger_2005,
	author = {Selinger, Peter and Valiron, Beno{\^\i}t},
	booktitle = {Typed Lambda Calculi and Applications},
	date-added = {2025-01-23 23:24:45 +0100},
	date-modified = {2025-01-23 23:24:45 +0100},
	doi = {10.1007/11417170_26},
	isbn = {9783540320142},
	issn = {1611-3349},
	pages = {354--368},
	publisher = {Springer Berlin Heidelberg},
	title = {A Lambda Calculus for Quantum Computation with Classical Control},
	url = {http://dx.doi.org/10.1007/11417170_26},
	year = {2005},
	bdsk-url-1 = {http://dx.doi.org/10.1007/11417170_26}}

@inbook{Baez_2010,
	author = {Baez, J. and Stay, M.},
	booktitle = {New Structures for Physics},
	date-added = {2025-01-23 23:09:40 +0100},
	date-modified = {2025-01-23 23:09:40 +0100},
	doi = {10.1007/978-3-642-12821-9_2},
	isbn = {9783642128219},
	issn = {1616-6361},
	pages = {95--172},
	publisher = {Springer Berlin Heidelberg},
	title = {Physics, Topology, Logic and Computation: A Rosetta Stone},
	url = {http://dx.doi.org/10.1007/978-3-642-12821-9_2},
	year = {2010},
	bdsk-url-1 = {http://dx.doi.org/10.1007/978-3-642-12821-9_2}}

@misc{ormrod2024quantuminfluenceseventrelativity,
	archiveprefix = {arXiv},
	author = {Nick Ormrod and Jonathan Barrett},
	date-added = {2025-01-21 09:17:13 +0100},
	date-modified = {2025-01-21 09:17:13 +0100},
	eprint = {2401.18005},
	primaryclass = {quant-ph},
	title = {Quantum influences and event relativity},
	url = {https://arxiv.org/abs/2401.18005},
	year = {2024},
	bdsk-url-1 = {https://arxiv.org/abs/2401.18005}}

@article{Barrett2021,
	author = {Jonathan Barrett and Ralph Lorenz and Ognyan Oreshkov},
	date-added = {2025-01-21 09:12:33 +0100},
	date-modified = {2025-01-21 09:12:33 +0100},
	doi = {10.1038/s41467-020-20456-x},
	journal = {Nature Communications},
	pages = {885},
	title = {Cyclic quantum causal models},
	url = {https://doi.org/10.1038/s41467-020-20456-x},
	volume = {12},
	year = {2021},
	bdsk-url-1 = {https://doi.org/10.1038/s41467-020-20456-x}}

@article{process_tensor,
	author = {Pollock, Felix A. and Rodr\'{\i}guez-Rosario, C\'esar and Frauenheim, Thomas and Paternostro, Mauro and Modi, Kavan},
	date-added = {2025-01-21 08:57:26 +0100},
	date-modified = {2025-01-21 08:57:54 +0100},
	doi = {10.1103/PhysRevA.97.012127},
	issue = {1},
	journal = {Phys. Rev. A},
	month = {Jan},
	numpages = {13},
	pages = {012127},
	publisher = {American Physical Society},
	title = {Non-Markovian quantum processes: Complete framework and efficient characterization},
	url = {https://link.aps.org/doi/10.1103/PhysRevA.97.012127},
	volume = {97},
	year = {2018},
	bdsk-url-1 = {https://link.aps.org/doi/10.1103/PhysRevA.97.012127},
	bdsk-url-2 = {https://doi.org/10.1103/PhysRevA.97.012127}}

@misc{lucyshynwright2015relativesymmetricmonoidalclosed,
	archiveprefix = {arXiv},
	author = {Rory B. B. Lucyshyn-Wright},
	date-added = {2025-01-11 16:11:54 +0100},
	date-modified = {2025-01-11 16:11:54 +0100},
	eprint = {1507.02220},
	primaryclass = {math.CT},
	title = {Relative symmetric monoidal closed categories I: Autoenrichment and change of base},
	url = {https://arxiv.org/abs/1507.02220},
	year = {2015},
	bdsk-url-1 = {https://arxiv.org/abs/1507.02220}}

@article{McCrudden2000Balanced,
	author = {McCrudden, Paddy},
	date-added = {2025-01-11 15:52:13 +0100},
	date-modified = {2025-01-11 15:52:13 +0100},
	journal = {Theory and Applications of Categories},
	number = {6},
	pages = {71--147},
	title = {Balanced Coalgebroids},
	volume = {7},
	year = {2000}}

@article{araujo_switch_advantage,
	author = {Ara\'ujo, Mateus and Costa, Fabio and Brukner, \ifmmode \check{C}\else \v{C}\fi{}aslav},
	date-added = {2024-02-03 18:31:37 +0900},
	date-modified = {2024-02-03 18:31:52 +0900},
	doi = {10.1103/PhysRevLett.113.250402},
	issue = {25},
	journal = {Phys. Rev. Lett.},
	month = {Dec},
	numpages = {5},
	pages = {250402},
	publisher = {American Physical Society},
	title = {Computational Advantage from Quantum-Controlled Ordering of Gates},
	url = {https://link.aps.org/doi/10.1103/PhysRevLett.113.250402},
	volume = {113},
	year = {2014},
	bdsk-url-1 = {https://link.aps.org/doi/10.1103/PhysRevLett.113.250402},
	bdsk-url-2 = {https://doi.org/10.1103/PhysRevLett.113.250402}}

@inproceedings{clement_et_al:LIPIcs.MFCS.2020.24,
	address = {Dagstuhl, Germany},
	annote = {Keywords: Quantum Computing, Diagrammatic Language, Completeness, Quantum Control, Polarising Beam Splitter, Categorical Quantum Mechanics, Quantum Switch},
	author = {Cl\'{e}ment, Alexandre and Perdrix, Simon},
	booktitle = {45th International Symposium on Mathematical Foundations of Computer Science (MFCS 2020)},
	date-added = {2024-01-29 23:08:00 +0900},
	date-modified = {2024-01-29 23:08:00 +0900},
	doi = {10.4230/LIPIcs.MFCS.2020.24},
	editor = {Esparza, Javier and Kr\'{a}l', Daniel},
	isbn = {978-3-95977-159-7},
	issn = {1868-8969},
	pages = {24:1--24:14},
	publisher = {Schloss Dagstuhl -- Leibniz-Zentrum f{\"u}r Informatik},
	series = {Leibniz International Proceedings in Informatics (LIPIcs)},
	title = {{PBS-Calculus: A Graphical Language for Coherent Control of Quantum Computations}},
	url = {https://drops.dagstuhl.de/entities/document/10.4230/LIPIcs.MFCS.2020.24},
	urn = {urn:nbn:de:0030-drops-126921},
	volume = {170},
	year = {2020},
	bdsk-url-1 = {https://drops.dagstuhl.de/entities/document/10.4230/LIPIcs.MFCS.2020.24},
	bdsk-url-2 = {https://doi.org/10.4230/LIPIcs.MFCS.2020.24}}

@article{fridge_switch,
	author = {Felce, David and Vedral, Vlatko},
	date-added = {2024-01-29 22:53:59 +0900},
	date-modified = {2024-01-29 22:55:38 +0900},
	doi = {10.1103/PhysRevLett.125.070603},
	issue = {7},
	journal = {Phys. Rev. Lett.},
	numpages = {6},
	pages = {070603},
	publisher = {American Physical Society},
	title = {Quantum Refrigeration with Indefinite Causal Order},
	url = {https://link.aps.org/doi/10.1103/PhysRevLett.125.070603},
	volume = {125},
	year = {2020},
	bdsk-url-1 = {https://link.aps.org/doi/10.1103/PhysRevLett.125.070603},
	bdsk-url-2 = {https://doi.org/10.1103/PhysRevLett.125.070603}}

@article{chiribella_wilson_chau_switch,
	author = {Chiribella, Giulio and Wilson, Matt and Chau, H. F.},
	date-added = {2024-01-29 22:52:08 +0900},
	date-modified = {2024-01-29 22:52:29 +0900},
	doi = {10.1103/PhysRevLett.127.190502},
	issue = {19},
	journal = {Phys. Rev. Lett.},
	numpages = {6},
	pages = {190502},
	publisher = {American Physical Society},
	title = {Quantum and Classical Data Transmission through Completely Depolarizing Channels in a Superposition of Cyclic Orders},
	url = {https://link.aps.org/doi/10.1103/PhysRevLett.127.190502},
	volume = {127},
	year = {2021},
	bdsk-url-1 = {https://link.aps.org/doi/10.1103/PhysRevLett.127.190502},
	bdsk-url-2 = {https://doi.org/10.1103/PhysRevLett.127.190502}}

@article{Chiribella_2021,
	author = {Giulio Chiribella and Manik Banik and Some Sankar Bhattacharya and Tamal Guha and Mir Alimuddin and Arup Roy and Sutapa Saha and Sristy Agrawal and Guruprasad Kar},
	date-added = {2024-01-29 22:51:00 +0900},
	date-modified = {2024-01-29 22:51:00 +0900},
	doi = {10.1088/1367-2630/abe7a0},
	journal = {New Journal of Physics},
	number = {3},
	pages = {033039},
	publisher = {IOP Publishing},
	title = {Indefinite causal order enables perfect quantum communication with zero capacity channels},
	url = {https://dx.doi.org/10.1088/1367-2630/abe7a0},
	volume = {23},
	year = {2021},
	bdsk-url-1 = {https://dx.doi.org/10.1088/1367-2630/abe7a0}}

@article{switch_complex,
	author = {Gu\'erin, Philippe Allard and Feix, Adrien and Ara\'ujo, Mateus and Brukner, \ifmmode \check{C}\else \v{C}\fi{}aslav},
	date-added = {2024-01-29 22:49:33 +0900},
	date-modified = {2024-01-29 22:49:47 +0900},
	doi = {10.1103/PhysRevLett.117.100502},
	issue = {10},
	journal = {Phys. Rev. Lett.},
	numpages = {5},
	pages = {100502},
	publisher = {American Physical Society},
	title = {Exponential Communication Complexity Advantage from Quantum Superposition of the Direction of Communication},
	url = {https://link.aps.org/doi/10.1103/PhysRevLett.117.100502},
	volume = {117},
	year = {2016},
	bdsk-url-1 = {https://link.aps.org/doi/10.1103/PhysRevLett.117.100502},
	bdsk-url-2 = {https://doi.org/10.1103/PhysRevLett.117.100502}}

@article{metrology_switch,
	author = {Zhao, Xiaobin and Yang, Yuxiang and Chiribella, Giulio},
	date-added = {2024-01-29 22:48:42 +0900},
	date-modified = {2024-01-29 22:48:52 +0900},
	doi = {10.1103/PhysRevLett.124.190503},
	issue = {19},
	journal = {Phys. Rev. Lett.},
	numpages = {6},
	pages = {190503},
	publisher = {American Physical Society},
	title = {Quantum Metrology with Indefinite Causal Order},
	url = {https://link.aps.org/doi/10.1103/PhysRevLett.124.190503},
	volume = {124},
	year = {2020},
	bdsk-url-1 = {https://link.aps.org/doi/10.1103/PhysRevLett.124.190503},
	bdsk-url-2 = {https://doi.org/10.1103/PhysRevLett.124.190503}}

@article{ebler_comms,
	author = {Ebler, Daniel and Salek, Sina and Chiribella, Giulio},
	date-added = {2024-01-29 22:44:48 +0900},
	date-modified = {2024-01-29 22:45:14 +0900},
	doi = {10.1103/PhysRevLett.120.120502},
	issue = {12},
	journal = {Phys. Rev. Lett.},
	numpages = {5},
	pages = {120502},
	publisher = {American Physical Society},
	title = {Enhanced Communication with the Assistance of Indefinite Causal Order},
	url = {https://link.aps.org/doi/10.1103/PhysRevLett.120.120502},
	volume = {120},
	year = {2018},
	bdsk-url-1 = {https://link.aps.org/doi/10.1103/PhysRevLett.120.120502},
	bdsk-url-2 = {https://doi.org/10.1103/PhysRevLett.120.120502}}

@article{Giacomini_2016,
	author = {Flaminia Giacomini and Esteban Castro-Ruiz and {\v C}aslav Brukner},
	date-added = {2024-01-27 13:58:40 +0900},
	date-modified = {2024-01-27 13:58:40 +0900},
	doi = {10.1088/1367-2630/18/11/113026},
	journal = {New Journal of Physics},
	number = {11},
	pages = {113026},
	publisher = {IOP Publishing},
	title = {Indefinite causal structures for continuous-variable systems},
	url = {https://dx.doi.org/10.1088/1367-2630/18/11/113026},
	volume = {18},
	year = {2016},
	bdsk-url-1 = {https://dx.doi.org/10.1088/1367-2630/18/11/113026}}

@article{Chiribella2013NormalCP,
	author = {Giulio Chiribella and Alessandro Toigo and Veronica Umanit{\`a}},
	date-added = {2024-01-27 13:57:57 +0900},
	date-modified = {2024-01-27 13:57:57 +0900},
	doi = {10.1142/S1230161213500030},
	journal = {Open Systems \& Information Dynamics},
	number = {01},
	pages = {1350003},
	publisher = {World Scientific},
	title = {Normal Completely Positive Maps on the Space of Quantum Operations},
	url = {https://doi.org/10.1142/S1230161213500030},
	volume = {20},
	year = {2013},
	bdsk-url-1 = {https://doi.org/10.1142/S1230161213500030}}

@inbook{Perinotti_2017,
	author = {Perinotti, Paolo},
	booktitle = {Tutorials, Schools, and Workshops in the Mathematical Sciences},
	date-added = {2024-01-24 13:00:43 +0900},
	date-modified = {2024-01-24 13:00:43 +0900},
	doi = {10.1007/978-3-319-68655-4_7},
	isbn = {9783319686554},
	issn = {2522-0977},
	pages = {103--127},
	publisher = {Springer International Publishing},
	title = {Causal Structures and the Classification of Higher Order Quantum Computations},
	year = {2017},
	bdsk-url-1 = {http://dx.doi.org/10.1007/978-3-319-68655-4_7}}

@article{neumann1970quasivariety,
	author = {Neumann, Walter},
	date-added = {2024-01-24 12:43:13 +0900},
	date-modified = {2024-01-24 12:43:13 +0900},
	journal = {Archiv der Mathematik},
	number = {1},
	pages = {11--16},
	title = {On the quasivariety of convex subsets of affine spaces},
	volume = {21},
	year = {1970}}

@article{fritz2015convex,
	archiveprefix = {arXiv},
	author = {Fritz, Tobias},
	date-added = {2024-01-24 12:42:45 +0900},
	date-modified = {2024-01-24 13:01:31 +0900},
	doi = {10.48550/arXiv.0903.5522},
	title = {Convex Spaces I: Definition and Examples},
	year = {2015},
	bdsk-url-1 = {https://doi.org/10.48550/arXiv.0903.5522}}

@article{stone1949postulates,
	author = {Stone, Marshall Harvey},
	date-added = {2024-01-24 12:27:26 +0900},
	date-modified = {2024-01-24 12:27:26 +0900},
	journal = {Ann. Mat. Pura. Appl.},
	number = {29},
	pages = {25--30},
	title = {Postulates for the barycentric calculus},
	volume = {4},
	year = {1949}}

@inproceedings{Wilson_causal,
	author = {Wilson, Matt and Chiribella, Giulio},
	booktitle = {Proceedings QPL 2021},
	date-added = {2024-01-21 20:29:10 +0900},
	date-modified = {2024-01-21 20:32:27 +0900},
	doi = {10.4204/eptcs.343.12},
	issn = {2075-2180},
	journal = {EPTCS},
	pages = {265--300},
	publisher = {Open Publishing Association},
	title = {Causality in Higher Order Process Theories},
	url = {http://dx.doi.org/10.4204/EPTCS.343.12},
	volume = {343},
	year = {2021},
	bdsk-url-1 = {http://dx.doi.org/10.4204/EPTCS.343.12},
	bdsk-url-2 = {http://dx.doi.org/10.4204/eptcs.343.12}}

@article{apadula2022nosignalling,
	author = {Apadula, Luca and Bisio, Alessandro and Perinotti, Paolo},
	doi = {10.22331/q-2024-02-05-1241},
	issn = {2521-327X},
	journal = {{Quantum}},
	month = feb,
	pages = {1241},
	publisher = {{Verein zur F{\"{o}}rderung des Open Access Publizierens in den Quantenwissenschaften}},
	title = {No-signalling constrains quantum computation with indefinite causal structure},
	url = {https://doi.org/10.22331/q-2024-02-05-1241},
	volume = {8},
	year = {2024},
	bdsk-url-1 = {https://doi.org/10.22331/q-2024-02-05-1241}}

@misc{hoffreumon2022projective,
	archiveprefix = {arXiv},
	author = {Timoth{\'e}e Hoffreumon and Ognyan Oreshkov},
	date-added = {2024-01-21 20:26:48 +0900},
	date-modified = {2024-01-21 20:26:48 +0900},
	doi = {10.48550/arXiv.2206.06206},
	title = {Projective characterization of higher-order quantum transformations},
	year = {2022},
	bdsk-url-1 = {https://doi.org/10.48550/arXiv.2206.06206}}

@article{Wechs_2021,
	author = {Wechs, Julian and Dourdent, Hippolyte and Abbott, Alastair A. and Branciard, Cyril},
	date-added = {2024-01-21 20:21:16 +0900},
	date-modified = {2024-01-21 20:21:16 +0900},
	doi = {10.1103/prxquantum.2.030335},
	issn = {2691-3399},
	journal = {PRX Quantum},
	month = aug,
	number = {3},
	publisher = {American Physical Society (APS)},
	title = {Quantum Circuits with Classical Versus Quantum Control of Causal Order},
	url = {http://dx.doi.org/10.1103/PRXQuantum.2.030335},
	volume = {2},
	year = {2021},
	bdsk-url-1 = {http://dx.doi.org/10.1103/PRXQuantum.2.030335},
	bdsk-url-2 = {http://dx.doi.org/10.1103/prxquantum.2.030335}}

@article{Bisio_2019,
	author = {Bisio, Alessandro and Perinotti, Paolo},
	date-added = {2024-01-21 20:19:38 +0900},
	date-modified = {2024-01-21 20:19:38 +0900},
	doi = {10.1098/rspa.2018.0706},
	issn = {1471-2946},
	journal = {Proceedings of the Royal Society A: Mathematical, Physical and Engineering Sciences},
	number = {2225},
	pages = {20180706},
	publisher = {The Royal Society},
	title = {Theoretical framework for higher-order quantum theory},
	url = {http://dx.doi.org/10.1098/rspa.2018.0706},
	volume = {475},
	year = {2019},
	bdsk-url-1 = {http://dx.doi.org/10.1098/rspa.2018.0706}}

@misc{paunkovic2023challenges,
	archiveprefix = {arXiv},
	author = {Nikola Paunkovic and Marko Vojinovic},
	date-added = {2024-01-14 17:58:27 +0000},
	date-modified = {2024-01-14 17:58:27 +0000},
	doi = {10.48550/arXiv.2310.04597},
	title = {Challenges for extensions of the process matrix formalism to quantum field theory},
	year = {2023},
	bdsk-url-1 = {https://doi.org/10.48550/arXiv.2310.04597}}

@misc{wilson2023mathematical,
	archiveprefix = {arXiv},
	author = {Matt Wilson and Giulio Chiribella},
	date-added = {2024-01-14 17:53:49 +0000},
	date-modified = {2024-01-14 17:53:49 +0000},
	doi = {10.48550/arXiv.2204.04319},
	title = {A Mathematical Framework for Transformations of Physical Processes},
	year = {2023},
	bdsk-url-1 = {https://doi.org/10.48550/arXiv.2204.04319}}

@inproceedings{abramsky_coecke,
	author = {Abramsky, Samson and Coecke, Bob},
	booktitle = {Proceedings of the 19th Annual IEEE Symposium on Logic in Computer Science, 2004},
	doi = {10.1109/LICS.2004.1319636},
	pages = {415-425},
	title = {A categorical semantics of quantum protocols},
	year = 2004,
	bdsk-url-1 = {https://doi.org/10.1109/LICS.2004.1319636}}

@incollection{abramsky_negative,
	author = {Abramsky, Samson and Brandenburger, Adam},
	booktitle = {Horizons of the mind. A tribute to Prakash Panangaden},
	pages = {59--75},
	publisher = {Springer},
	title = {An operational interpretation of negative probabilities and no-signalling models},
	year = {2014}}

@book{aguiar,
	author = {Marcelo Aguiar, Swapneel Mahajan},
	publisher = {CRM Monograph Series},
	title = {Monoidal Functors, Species and Hopf Algebras},
	volume = {29},
	year = 2010}

@article{ashoush,
	author = {Ashoush, Daniela and Coecke, Bob},
	doi = {10.4204/EPTCS.221.1},
	journal = {EPTCS},
	pages = {1-10},
	title = {Dual Density Operators and Natural Language Meaning},
	volume = {221},
	year = 2016,
	bdsk-url-1 = {https://doi.org/10.4204/EPTCS.221.1}}

@book{asperti,
	author = {Asperti, Andrea and Longo, Guiseppe},
	publisher = {MIT Press},
	title = {Categories, Types, and Structures},
	year = 1991}

@inproceedings{asada_arrows,
	address = {New York, NY, USA},
	author = {Asada, Kazuyuki},
	booktitle = {Proceedings of the Third ACM SIGPLAN Workshop on Mathematically Structured Functional Programming},
	doi = {10.1145/1863597.1863607},
	location = {Baltimore, Maryland, USA},
	numpages = {10},
	pages = {33--42},
	publisher = {Association for Computing Machinery},
	series = {MSFP '10},
	title = {Arrows Are Strong Monads},
	year = {2010},
	bdsk-url-1 = {https://doi.org/10.1145/1863597.1863607}}

@article{atkey_bv,
	author = {Robert Atkey and Wen Kokke},
	doi = {10.46298/entics.14870},
	eid = 4,
	journal = {Electronic Notes in Theoretical Informatics and Computer Science},
	title = {A Semantic Proof of Generalised Cut Elimination for Deep Inference},
	volume = {Volume 4 - Proceedings of MFPS XL},
	year = {2024},
	bdsk-url-1 = {https://doi.org/10.46298/entics.14870}}

@article{atiyah,
	author = {Atiyah, Michael F.},
	journal = {Publications Math{\'e}matiques de l'IH{\'E}S},
	pages = {175--186},
	title = {Topological quantum field theory},
	volume = {68},
	year = {1988}}

@inproceedings{abouSalehCGMS16,
	author = {Faris Abou{-}Saleh and James Cheney and Jeremy Gibbons and James McKinna and Perdita Stevens},
	bibsource = {dblp computer science bibliography, https://dblp.org},
	biburl = {https://dblp.org/rec/conf/birthday/Abou-SalehCGMS16.bib},
	booktitle = {A List of Successes That Can Change the World - Essays Dedicated to Philip Wadler on the Occasion of His 60th Birthday},
	doi = {10.1007/978-3-319-30936-1\_1},
	editor = {Sam Lindley and Conor McBride and Philip W. Trinder and Donald Sannella},
	pages = {1--31},
	publisher = {Springer},
	series = {Lecture Notes in Computer Science},
	timestamp = {Wed, 07 Dec 2022 23:09:03 +0100},
	title = {Reflections on Monadic Lenses},
	url = {https://doi.org/10.1007/978-3-319-30936-1\_1},
	volume = {9600},
	year = {2016},
	bdsk-url-1 = {https://doi.org/10.1007/978-3-319-30936-1%5C_1}}

@article{baez_petri,
	author = {Baez, John C. and Foley, John and Moeller, Joe},
	doi = {10.32408/compositionality-1-4},
	issn = {2631-4444},
	issue = {4},
	journal = {{Compositionality}},
	month = dec,
	publisher = {{Compositionality}},
	title = {Network {M}odels from {P}etri {N}ets with {C}atalysts},
	volume = {1},
	year = {2019},
	bdsk-url-1 = {https://doi.org/10.32408/compositionality-1-4}}

@article{baez_tqft,
	author = {John C. Baez and James Dolan},
	doi = {10.1063/1.531236},
	journal = {Journal of Mathematical Physics},
	month = {nov},
	number = {11},
	pages = {6073--6105},
	publisher = {{AIP} Publishing},
	title = {Higher-dimensional algebra and topological quantum field theory},
	volume = {36},
	year = 1995,
	bdsk-url-1 = {https://doi.org/10.1063/1.531236}}

@misc{balco_partiallymonoidal,
	author = {Balco, Samuel and Kurz, Alexander},
	title = {Partially monoidal categories and the algebra of simultaneous substitutions},
	url = {https://gdlyrttnap.pl/resources/papers/syco1.pdf},
	year = 2018,
	bdsk-url-1 = {https://gdlyrttnap.pl/resources/papers/syco1.pdf}}

@phdthesis{balco_thesis,
	author = {Balco, Samuel},
	doi = {10.25392/leicester.data.13315373.v1},
	school = {University of Leicester},
	title = {Display calculi and nominal string diagrams},
	year = 2019,
	bdsk-url-1 = {https://doi.org/10.25392/leicester.data.13315373.v1}}

@inproceedings{balco_nominal,
	address = {Dagstuhl, Germany},
	author = {Balco, Samuel and Kurz, Alexander},
	booktitle = {8th Conference on Algebra and Coalgebra in Computer Science (CALCO 2019)},
	doi = {10.4230/LIPIcs.CALCO.2019.18},
	editor = {Markus Roggenbach and Ana Sokolova},
	pages = {18:1--18:20},
	publisher = {Schloss Dagstuhl--Leibniz-Zentrum fuer Informatik},
	series = {Leibniz International Proceedings in Informatics (LIPIcs)},
	title = {{Nominal String Diagrams}},
	volume = {139},
	year = {2019},
	bdsk-url-1 = {https://doi.org/10.4230/LIPIcs.CALCO.2019.18}}

@article{barr,
	author = {Barr, Michael},
	journal = {Lecture Notes in Mathematics},
	title = {$\ast$-Autonomous categories},
	volume = 752,
	year = 1979}

@article{barrett_gpts,
	author = {Barrett, Jonathan},
	doi = {10.1103/PhysRevA.75.032304},
	issue = {3},
	journal = {Phys. Rev. A},
	month = {Mar},
	numpages = {21},
	pages = {032304},
	publisher = {American Physical Society},
	title = {Information processing in generalized probabilistic theories},
	volume = {75},
	year = {2007},
	bdsk-url-1 = {https://doi.org/10.1103/PhysRevA.75.032304}}

@article{barnum_interference,
	author = {Barnum, Howard and M\"uller, Markus and Ududec, Cozmin},
	doi = {10.1088/1367-2630/16/12/123029},
	journal = {New Journal of Physics},
	title = {Higher-order interference and single-system postulates characterizing quantum theory},
	volume = {16},
	year = 2014,
	bdsk-url-1 = {https://doi.org/10.1088/1367-2630/16/12/123029}}

@misc{bartlett_wirediagrams,
	author = {Bartlett, Bruce},
	doi = {10.48550/ARXIV.1409.2148},
	publisher = {arXiv},
	title = {Quasistrict symmetric monoidal 2-categories via wire diagrams},
	year = {2014},
	bdsk-url-1 = {https://doi.org/10.48550/ARXIV.1409.2148}}

@misc{bartlett_modular,
	author = {Bartlett, Bruce and Douglas, Christopher L. and Schommer-Pries, Christopher J. and Vicary, Jamie},
	doi = {10.48550/ARXIV.1509.06811},
	title = {Modular categories as representations of the 3-dimensional bordism 2-category},
	year = {2015},
	bdsk-url-1 = {https://doi.org/10.48550/ARXIV.1509.06811}}

@misc{bartlett_extended,
	author = {Bartlett, Bruce and Douglas, Christopher L. and Schommer-Pries, Christopher J. and Vicary, Jamie},
	eprint = {1411.0945},
	title = {Extended 3-dimensional bordism as the theory of modular objects},
	year = {2014},
	bdsk-url-1 = {https://doi.org/10.48550/arXiv.1411.0945}}

@article{baumeler_incompatibility,
	author = {Baumeler, \"Amin and Feix, Adrien and Wolf, Stefan},
	doi = {10.1103/PhysRevA.90.042106},
	issue = {4},
	journal = {Phys. Rev. A},
	pages = {042106},
	publisher = {American Physical Society},
	title = {Maximal incompatibility of locally classical behavior and global causal order in multiparty scenarios},
	volume = {90},
	year = {2014},
	bdsk-url-1 = {https://doi.org/10.1103/PhysRevA.90.042106}}

@article{baumeler_logically,
	author = {Baumeler, {\"A}min and Wolf, Stefan},
	doi = {10.1088/1367-2630/18/1/013036},
	journal = {New Journal of Physics},
	number = {1},
	pages = {013036},
	publisher = {IOP Publishing},
	title = {The space of logically consistent classical processes without causal order},
	volume = {18},
	year = {2016},
	bdsk-url-1 = {https://doi.org/10.1088/1367-2630/18/1/013036}}

@article{beckmann_equivariant,
	author = {Beckmann, Thorsten and Oberdieck, Georg},
	journal = {arXiv preprint},
	primaryclass = {math.AG},
	title = {Notes on equivariant categories},
	volume = {arXiv:2006.13626},
	year = {2020}}

@article{beckman_localisable,
	author = {Beckman, David and Gottesman, Daniel and Nielsen, M. A. and Preskill, John},
	doi = {10.1103/PhysRevA.64.052309},
	issue = {5},
	journal = {Phys. Rev. A},
	pages = {052309},
	publisher = {American Physical Society},
	title = {Causal and localizable quantum operations},
	volume = {64},
	year = {2001},
	bdsk-url-1 = {https://doi.org/10.1103/PhysRevA.64.052309}}

@unpublished{benabou,
	author = {B\'enabou, Jean},
	note = {Notes for a course at TU Darmstadt},
	title = {Distributors at Work},
	year = 2000}

@article{benabou_multiplication,
	author = {B\'enabou, Jean},
	journal = {Comptes Rendue Acad. Sci. Paris},
	pages = {1887-1890},
	title = {Cat\'egories avec multiplication},
	volume = 256,
	year = 1963}

@inproceedings{benabou_bicategories,
	address = {Berlin, Heidelberg},
	author = {B{\'e}nabou, Jean},
	booktitle = {Reports of the Midwest Category Seminar},
	doi = {10.1007/BFb0074299},
	isbn = {978-3-540-35545-8},
	pages = {1--77},
	publisher = {Springer Berlin Heidelberg},
	title = {Introduction to bicategories},
	year = {1967},
	bdsk-url-1 = {https://doi.org/10.1007/BFb0074299}}

@article{benini_categorification,
	author = {Benini, Marco and Perin, Marco and Schenkel, Alexander and Woike, Lukas},
	journal = {Letters in Mathematical Physics},
	number = {2},
	pages = {1--49},
	publisher = {Springer},
	title = {Categorification of algebraic quantum field theories},
	volume = {111},
	year = {2021}}

@article{benini_operads,
	author = {Benini, Marco and Schenkel, Alexander and Woike, Lukas},
	doi = {10.1142/s0219199720500078},
	issue = {2050007},
	journal = {Communications in Contemporary Mathematics},
	month = {mar},
	number = {02},
	publisher = {World Scientific Pub Co Pte Lt},
	title = {Operads for algebraic quantum field theory},
	volume = {23},
	year = 2020,
	bdsk-url-1 = {https://doi.org/10.1142/s0219199720500078}}

@article{benton,
	author = {{Benton, Nick} and {Hyland, Martin}},
	doi = {10.1051/ita:2003020},
	journal = {RAIRO-Theor. Inf. Appl.},
	number = 4,
	pages = {273-299},
	title = {Traced Premonoidal Categories},
	volume = 37,
	year = 2003,
	bdsk-url-1 = {https://doi.org/10.1051/ita:2003020}}

@article{blute_von_neumann,
	author = {Blute, Richard and Comeau, Marc},
	doi = {10.1007/s10485-014-9375-6},
	journal = {Appl Categor Struct},
	pages = {725--740},
	title = {Von Neumann Categories},
	volume = 23,
	year = 2015,
	bdsk-url-1 = {https://doi.org/10.1007/s10485-014-9375-6}}

@article{blute_BV,
	author = {Blute, Richard and Panangaden, Prakash and Slavnov, Sergey},
	doi = {10.1007/s10485-010-9241-0},
	journal = {Applied Categorical Structures},
	pages = {209-228},
	title = {Deep Inference and Probabilistic Coherence Spaces},
	volume = 20,
	year = 2012,
	bdsk-url-1 = {https://doi.org/10.1007/s10485-010-9241-0}}

@article{blute_quantum_causal_dynamics,
	author = {Blute, Richard and Ivanov, Ivan and Panangaden, Prakash},
	doi = {10.1023/A:1027335119549},
	journal = {International Journal of Theoretical Physics},
	pages = {2025-2041},
	title = {Discrete Quantum Causal Dynamics},
	volume = 42,
	year = 2003,
	bdsk-url-1 = {https://doi.org/10.1023/A:1027335119549}}

@misc{blute_quantum_causality,
	author = {Blute, Rick and Panangaden, Prakash and Stra{\ss}burger, Lutz},
	note = {Trends in Logic VI},
	title = {The logic BV and quantum causality},
	year = {2008}}

@inbook{blute_logical_basis,
	author = {Blute, Richard F. and Guglielmi, Alessio and Ivanov, Ivan T. and Panangaden, Prakash and Stra{\ss}burger, Lutz},
	booktitle = {Categories and Types in Logic, Language, and Physics: Essays Dedicated to Jim Lambek on the Occasion of His 90th Birthday},
	doi = {10.1007/978-3-642-54789-8_6},
	pages = {90-107},
	title = {A Logical Basis for Quantum Evolution and Entanglement},
	year = 2014,
	bdsk-url-1 = {https://doi.org/10.1007/978-3-642-54789-8_6}}

@misc{boisseau_cornering,
	author = {Boisseau, Guillaume and Nester, Chad and Rom{\'a}n, Mario},
	doi = {10.48550/ARXIV.2205.00842},
	eprint = {2205.00842},
	title = {Cornering Optics},
	year = {2022},
	bdsk-url-1 = {https://doi.org/10.48550/ARXIV.2205.00842}}

@inproceedings{boisseau_circuits,
	author = {Guillaume Boisseau and Pawe{\l} Soboci{\'n}ski},
	doi = {10.48550/arXiv.2106.07763},
	journal = {APPLIED CATEGORY THEORY 2021},
	title = {String Diagrammatic Electrical Circuit Theory},
	year = {2021},
	bdsk-url-1 = {https://doi.org/10.48550/arXiv.2106.07763}}

@inproceedings{boisseau_optics,
	address = {Dagstuhl, Germany},
	author = {Guillaume Boisseau},
	booktitle = {5th International Conference on Formal Structures for Computation and Deduction (FSCD 2020)},
	doi = {10.4230/LIPIcs.FSCD.2020.17},
	editor = {Zena M. Ariola},
	pages = {17:1--17:18},
	publisher = {Schloss Dagstuhl--Leibniz-Zentrum f{\"u}r Informatik},
	series = {Leibniz International Proceedings in Informatics (LIPIcs)},
	title = {{String Diagrams for Optics}},
	volume = {167},
	year = {2020},
	bdsk-url-1 = {https://doi.org/10.4230/LIPIcs.FSCD.2020.17}}

@inproceedings{bonchi_affine,
	author = {Bonchi, Filippo and Piedeleu, Robin and Soboci{\'n}ski, Pawel and Zanasi, Fabio},
	booktitle = {2019 34th Annual ACM/IEEE Symposium on Logic in Computer Science (LICS)},
	doi = {10.1109/LICS.2019.8785877},
	organization = {IEEE},
	pages = {1--12},
	title = {Graphical affine algebra},
	year = {2019},
	bdsk-url-1 = {https://doi.org/10.1109/LICS.2019.8785877}}

@article{booker,
	author = {Booker, Thomas and Street, Ross},
	journal = {TAC},
	number = {6},
	pages = {166-205},
	title = {Tannaka duality and convolution for duoidal categories},
	volume = {28},
	year = {2013}}

@book{bourbaki_algebra,
	author = {Bourbaki, Nicolas},
	doi = {10.1007/978-3-642-61698-3},
	notes = {Original French edition published by Masson, Paris, 1981},
	publisher = {Springer-Verlag Berlin Heidelberg},
	subtitle = {Chapters 4-7},
	title = {Algebra II},
	year = 2003,
	bdsk-url-1 = {https://doi.org/10.1007/978-3-642-61698-3}}

@inproceedings{braithwaite_collages,
	author = {Braithwaite, Dylan and Rom{\'a}n, Mario},
	booktitle = {Proceedings ACT 2023},
	doi = {10.4204/EPTCS.397.3},
	journal = {EPTCS},
	pages = {39-53},
	title = {Collages of String Diagrams},
	volume = 397,
	year = 2023,
	bdsk-url-1 = {https://doi.org/10.4204/EPTCS.397.3}}

@article{brax_brane,
	author = {Philippe Brax and Carsten van de Bruck},
	doi = {10.1088/0264-9381/20/9/202},
	journal = {Classical and Quantum Gravity},
	number = {9},
	pages = {R201--R232},
	publisher = {{IOP} Publishing},
	title = {Cosmology and brane worlds: a review},
	volume = {20},
	year = 2003,
	bdsk-url-1 = {https://doi.org/10.1088/0264-9381/20/9/202}}

@incollection{brunetti,
	author = {Brunetti, Romeo and Fredenhagen, Klaus},
	booktitle = {Quantum field theory on curved spacetimes},
	pages = {129--155},
	publisher = {Springer},
	title = {Quantum field theory on curved backgrounds},
	year = {2009}}

@article{campbell_skew,
	author = {Campbell, Alexander},
	doi = {10.1007/s10485-017-9504-0},
	journal = {Applied Categorical Structures},
	pages = {597--615},
	title = {Skew-Enriched Categories},
	volume = 26,
	year = 2018,
	bdsk-url-1 = {https://doi.org/10.1007/s10485-017-9504-0}}

@misc{capucci_actegories,
	archiveprefix = {arXiv},
	author = {Matteo Capucci and Bruno Gavranovi{\'c}},
	doi = {10.48550/arXiv.2203.16351},
	title = {Actegories for the Working Amthematician},
	year = {2022},
	bdsk-url-1 = {https://doi.org/10.48550/arXiv.2203.16351}}

@misc{capucci_seeing,
	archiveprefix = {arXiv},
	author = {Matteo Capucci},
	doi = {10.48550/arXiv.2204.10708},
	title = {Seeing double through dependent optics},
	year = {2022},
	bdsk-url-1 = {https://doi.org/10.48550/arXiv.2204.10708}}

@inproceedings{carette_delayedtrace,
	address = {New York, NY, USA},
	articleno = {43},
	author = {Carette, Titouan and de Visme, Marc and Perdrix, Simon},
	booktitle = {Proceedings of the 36th Annual ACM/IEEE Symposium on Logic in Computer Science},
	doi = {10.1109/LICS52264.2021.9470553},
	location = {Rome, Italy},
	publisher = {Association for Computing Machinery},
	series = {LICS '21},
	title = {Graphical Language with Delayed Trace: Picturing Quantum Computing with Finite Memory},
	year = {2021},
	bdsk-url-1 = {https://doi.org/10.1109/LICS52264.2021.9470553}}

@article{chiribella_informational,
	author = {Chiribella, Giulio and D'Ariano, Giacomo Mauro and Perinotti, Paolo},
	doi = {10.1103/PhysRevA.84.012311},
	issue = {1},
	journal = {Phys. Rev. A},
	pages = {012311},
	publisher = {American Physical Society},
	title = {Informational derivation of quantum theory},
	volume = {84},
	year = {2011},
	bdsk-url-1 = {https://doi.org/10.1103/PhysRevA.84.012311}}

@article{chiribella_purification,
	author = {Chiribella, Giulio and D'Ariano, Giacomo Mauro and Perinotti, Paolo},
	doi = {10.1103/PhysRevA.81.062348},
	issue = {6},
	journal = {Phys. Rev. A},
	pages = {062348},
	publisher = {American Physical Society},
	title = {Probabilistic theories with purification},
	volume = {81},
	year = {2010},
	bdsk-url-1 = {https://doi.org/10.1103/PhysRevA.81.062348}}

@article{chiribella_supermaps,
	author = {Chiribella, Giulio and D'Ariano, Giacomo Mauro and Perinotti, Paolo},
	doi = {10.1209/0295-5075/83/30004},
	journal = {{EPL} (Europhysics Letters)},
	number = {3},
	pages = {30004},
	publisher = {{IOP} Publishing},
	title = {Transforming quantum operations: Quantum supermaps},
	volume = {83},
	year = 2008,
	bdsk-url-1 = {https://doi.org/10.1209/0295-5075/83/30004}}

@article{chiribella_circuits,
	author = {Chiribella, Giulio and D'Ariano, Giacomo Mauro and Perinotti, Paolo},
	doi = {10.1103/physrevlett.101.060401},
	journal = {Physical Review Letters},
	number = {6},
	pages = {060401},
	publisher = {American Physical Society ({APS})},
	title = {Quantum Circuit Architecture},
	volume = {101},
	year = 2008,
	bdsk-url-1 = {https://doi.org/10.1103/physrevlett.101.060401}}

@article{chiribella_networks,
	author = {Chiribella, Giulio and D'Ariano, Giacomo Mauro and Perinotti, Paolo},
	doi = {10.1103/PhysRevA.80.022339},
	issue = {2},
	journal = {Phys. Rev. A},
	numpages = {20},
	pages = {022339},
	publisher = {American Physical Society},
	title = {Theoretical framework for quantum networks},
	volume = {80},
	year = {2009},
	bdsk-url-1 = {https://doi.org/10.1103/PhysRevA.80.022339}}

@article{chiribella_switch,
	author = {Chiribella, Giulio and D'Ariano, Giacomo Mauro and Perinotti, Paolo and Valiron, Beno\^it},
	doi = {10.1103/PhysRevA.88.022318},
	issue = {2},
	journal = {Phys. Rev. A},
	numpages = {15},
	pages = {022318},
	publisher = {American Physical Society},
	title = {Quantum computations without definite causal structure},
	volume = {88},
	year = {2013},
	bdsk-url-1 = {https://doi.org/10.1103/PhysRevA.88.022318}}

@article{chiribella_switch2,
	author = {Chiribella, Giulio},
	doi = {10.1103/PhysRevA.86.040301},
	issue = {4},
	journal = {Phys. Rev. A},
	pages = {040301},
	publisher = {American Physical Society},
	title = {Perfect discrimination of no-signalling channels via quantum superposition of causal structures},
	volume = {86},
	year = {2012},
	bdsk-url-1 = {https://doi.org/10.1103/PhysRevA.86.040301}}

@article{chu,
	author = {Chu, Po-Hsiang},
	note = {Appendix to \cite{barr}},
	title = {Constructing $\ast$-Autonomous Categories}}

@article{clarke_profunctor,
	author = {Clarke, Bryce and Elkins, Derek and Gibbons, Jeremy and Loregian, Fosco and Milewski, Bartosz and Pillmore, Emily and Rom{\'{a}}n, Mario},
	doi = {10.32408/compositionality-6-1},
	issn = {2631-4444},
	journal = {{Compositionality}},
	month = feb,
	pages = {1},
	publisher = {{Compositionality}},
	title = {Profunctor {O}ptics, a {C}ategorical {U}pdate},
	volume = {6},
	year = {2024},
	bdsk-url-1 = {https://doi.org/10.32408/compositionality-6-1}}

@article{cockett_distributive_cats,
	author = {Cockett, J.R.B. and Seely, R.A.G.},
	doi = {10.1016/0022-4049(95)00160-3},
	journal = {Journal of Pure and Applied Algebra},
	number = {2},
	pages = {133-173},
	title = {Weakly distributive categories},
	volume = {114},
	year = {1997},
	bdsk-url-1 = {https://doi.org/10.1016/0022-4049(95)00160-3}}

@article{cockett_distributive_functors,
	author = {Cockett, J.R.B. and Seely, R.A.G.},
	doi = {10.1016/S0022-4049(98)00110-8},
	journal = {Journal of Pure and Applied Algebra},
	number = {1},
	pages = {155-203},
	title = {Linearly distributive functors},
	volume = {143},
	year = {1999},
	bdsk-url-1 = {https://doi.org/10.1016/S0022-4049(98)00110-8}}

@article{coecke_causalcats,
	author = {Coecke, Bob and Lal, Raymond},
	doi = {10.1007/s10701-012-9646-8},
	journal = {Found Phys},
	pages = {458--501},
	title = {Causal Categories: Relativistically Interacting Processes},
	volume = 43,
	year = 2013,
	bdsk-url-1 = {https://doi.org/10.1007/s10701-012-9646-8}}

@article{coecke_cpinf,
	author = {Coecke, Bob and Heunen, Chris},
	doi = {10.1016/j.ic.2016.02.007},
	issn = {0890-5401},
	journal = {Information and Computation},
	note = {Quantum Physics and Logic},
	pages = {50-58},
	title = {Pictures of complete positivity in arbitrary dimension},
	volume = {250},
	year = {2016},
	bdsk-url-1 = {https://doi.org/10.1016/j.ic.2016.02.007}}

@article{coecke_picturalism,
	author = {Coecke, Bob},
	doi = {10.1080/00107510903257624},
	journal = {Contemporary Physics},
	number = {1},
	pages = {59-83},
	publisher = {Taylor & Francis},
	title = {Quantum picturalism},
	volume = {51},
	year = {2010},
	bdsk-url-1 = {https://doi.org/10.1080/00107510903257624}}

@article{coecke_resources,
	author = {Bob Coecke and Tobias Fritz and Robert W. Spekkens},
	doi = {10.1016/j.ic.2016.02.008},
	issn = {0890-5401},
	journal = {Information and Computation},
	pages = {59-86},
	title = {A mathematical theory of resources},
	volume = {250},
	year = {2016},
	bdsk-url-1 = {https://doi.org/10.1016/j.ic.2016.02.008}}

@article{coecke_phase,
	author = {B. Coecke and B. Edwards and R. Spekkens},
	doi = {10.1016/j.entcs.2011.01.021},
	journal = {Electronic Notes in Theoretical Computer Science},
	pages = {15-36},
	title = {Phase groups and the origin of non-locality for qubits},
	volume = {270},
	year = 2011,
	bdsk-url-1 = {https://doi.org/10.1016/j.entcs.2011.01.021}}

@article{coecke2016terminality,
	author = {Coecke, Bob},
	doi = {10.1007/s00354-016-0201-6},
	journal = {New Generation Computing},
	number = {1-2},
	pages = {69--85},
	publisher = {Springer},
	title = {Terminality implies no-signalling... and much more than that},
	volume = {34},
	year = {2016},
	bdsk-url-1 = {https://doi.org/10.1007/s00354-016-0201-6}}

@article{coecke_environment,
	author = {Coecke, Bob and Perdrix, Simon},
	doi = {10.2168/LMCS-8(4:14)2012},
	issue = 4,
	journal = {Logical Methods in Computer Science},
	title = {Environment and classical channels in categorical quantum mechanics},
	volume = 8,
	year = {2012},
	bdsk-url-1 = {https://doi.org/10.2168/LMCS-8(4:14)2012}}

@article{coecke_bases,
	author = {Coecke, Bob and Pavlovi{\'c}, Du{\v s}ko and Vicary, Jamie},
	doi = {10.1017/S0960129512000047},
	journal = {Mathematical Structures in Computer Science},
	number = {3},
	pages = {555-567},
	publisher = {Cambridge University Press},
	title = {A new description of orthogonal bases},
	volume = {23},
	year = {2013},
	bdsk-url-1 = {https://doi.org/10.1017/S0960129512000047}}

@article{coecke_classicality,
	author = {Coecke, Bob and Selby, John and Tull, Sean},
	doi = {10.4204/eptcs.266.7},
	journal = {EPTCS},
	pages = {104--118},
	title = {Two Roads to Classicality},
	volume = {266},
	year = {2018},
	bdsk-url-1 = {https://doi.org/10.4204/eptcs.266.7}}

@article{coecke_cp,
	author = {Coecke, Bob and Heunen, Chris and Kissinger, Aleks},
	doi = {10.1007/s11128-014-0837-4},
	journal = {Quantum Inf. Process.},
	pages = {5179--5209},
	title = {Categories of quantum and classical channels},
	volume = 15,
	year = 2016,
	bdsk-url-1 = {https://doi.org/10.1007/s11128-014-0837-4}}

@article{coecke_dilation,
	author = {Zwart, Maaike and Coecke, Bob},
	doi = {10.4204/EPTCS.266.9},
	journal = {EPTCS},
	pages = {133-146},
	title = {Double Dilation $\neq$ Double Mixing},
	volume = {266},
	year = 2018,
	bdsk-url-1 = {https://doi.org/10.4204/EPTCS.266.9}}

@article{coecke_double,
	author = {Coecke, Bob and Meichanetzidis, Konstantinos},
	journal = {arXiv preprint},
	title = {Meaning Updating of Density Matrices},
	volume = {arXiv:2001.00862v1},
	year = 2020}

@book{coecke_kissinger_2017,
	author = {Coecke, Bob and Kissinger, Aleks},
	doi = {10.1017/9781316219317},
	place = {Cambridge},
	publisher = {Cambridge University Press},
	title = {Picturing Quantum Processes: A First Course in Quantum Theory and Diagrammatic Reasoning},
	year = {2017},
	bdsk-url-1 = {https://doi.org/10.1017/9781316219317}}

@article{coecke_zx,
	author = {Coecke, Bob and Duncan, Ross},
	doi = {10.1088/1367-2630/13/4/043016},
	journal = {New Journal of Physics},
	number = {043016},
	title = {Interacting quantum observables: categorical algebra and diagrammatics},
	volume = {13},
	year = 2011,
	bdsk-url-1 = {https://doi.org/10.1088/1367-2630/13/4/043016}}

@article{coecke_mixed,
	author = {Coecke, Bob},
	doi = {https://doi.org/10.1016/j.entcs.2008.04.014},
	issn = {1571-0661},
	journal = {Electronic Notes in Theoretical Computer Science},
	note = {Proceedings of the 4th International Workshop on Quantum Programming Languages (QPL 2006)},
	pages = {3-13},
	title = {Axiomatic Description of Mixed States From Selinger's CPM-construction},
	volume = {210},
	year = {2008},
	bdsk-url-1 = {https://doi.org/10.1016/j.entcs.2008.04.014}}

@phdthesis{comeau,
	author = {Comeau, Marc},
	doi = {10.20381/ruor-5524},
	school = {University of Ottawa},
	title = {Premonoidal *-Categories and Algebraic Quantum Field Theory},
	year = 2012,
	bdsk-url-1 = {https://doi.org/10.20381/ruor-5524}}

@inproceedings{comfort_lagrangian,
	author = {Comfort, Cole and Kissinger, Aleks},
	doi = {10.48550/arXiv.2105.06244},
	journal = {APPLIED CATEGORY THEORY 2021},
	title = {A Graphical Calculus for Lagrangian Relations},
	year = {2021},
	bdsk-url-1 = {https://doi.org/10.48550/arXiv.2105.06244}}

@article{Cunningham_cp,
	author = {Cunningham, Oscar and Heunen, Chris},
	doi = {10.4204/eptcs.195.11},
	journal = {EPTCS},
	pages = {148--157},
	title = {Axiomatizing complete positivity},
	volume = {195},
	year = {2015},
	bdsk-url-1 = {https://doi.org/10.4204/eptcs.195.11}}

@inbook{dakic_entanglement,
	author = {Daki{\'c}, Borivoje and Brukner, {\v C}aslav},
	booktitle = {Deep Beauty: Understanding the Quantum World through Mathematical Innovation},
	doi = {10.1017/CBO9780511976971.011},
	editor = {Halvorson, HansEditor},
	pages = {365--392},
	place = {Cambridge},
	publisher = {Cambridge University Press},
	title = {Quantum Theory and Beyond: Is Entanglement Special?},
	year = {2011},
	bdsk-url-1 = {https://doi.org/10.1017/CBO9780511976971.011}}

@inproceedings{day,
	address = {Berlin, Heidelberg},
	author = {Day, Brian},
	booktitle = {Reports of the Midwest Category Seminar IV},
	doi = {10.1007/BFb0060438},
	pages = {1--38},
	publisher = {Springer Berlin Heidelberg},
	title = {On closed categories of functors},
	volume = 137,
	year = {1970},
	bdsk-url-1 = {https://doi.org/10.1007/BFb0060438}}

@phdthesis{day_thesis,
	author = {Day, Brian},
	doi = {10.26190/unsworks/8048},
	school = {University of New South Wales},
	title = {Construction of Biclosed Categories},
	year = 1970,
	bdsk-url-1 = {https://doi.org/10.26190/unsworks/8048}}

@article{day_fourier,
	author = {Day, Brian},
	journal = {Theory and Applications of Categories},
	number = 5,
	pages = {118-141},
	title = {Monoidal functor categories and graphic Fourier transforms},
	volume = 25,
	year = 2011}

@article{day_monoidal_monads,
	author = {Day, Brian},
	doi = {10.1017/S1446788700018929},
	journal = {Journal of the Australian Mathematical Society},
	number = {3},
	pages = {292--311},
	publisher = {Cambridge University Press},
	title = {Note on monoidal monads},
	volume = {23},
	year = {1977},
	bdsk-url-1 = {https://doi.org/10.1017/S1446788700018929}}

@article{day_monoidal_bicats,
	author = {Day, Brian and Street, Ross},
	doi = {10.1006/aima.1997.1649},
	journal = {Advances in Mathematics},
	number = {1},
	pages = {99-157},
	title = {Monoidal Bicategories and Hopf Algebroids},
	volume = {129},
	year = {1997},
	bdsk-url-1 = {https://doi.org/10.1006/aima.1997.1649}}

@inproceedings{day_centres,
	author = {Day, Brian and Panchadcharam, Elango and Street, Ross},
	booktitle = {Colloque International Charles Ehresmann: 100 ans},
	title = {On centres and lax centres for promonoidal categories},
	year = {2005}}

@article{density_cubes,
	author = {Daki\'c, Borivoje and Paterek, Tomasz and Brukner, \u{C}aslav},
	doi = {10.1088/1367-2630/16/2/023028},
	journal = {New Journal of Physics},
	number = 023028,
	title = {Density cubes and higher-order interference theories},
	volume = {16},
	year = 2014,
	bdsk-url-1 = {https://doi.org/10.1088/1367-2630/16/2/023028}}

@misc{earnshaw,
	author = {Earnshaw, Matt and Hefford, James and Rom{\'a}n, Mario},
	doi = {10.48550/ARXIV.2301.11867},
	publisher = {arXiv},
	title = {The Produoidal Algebra of Process Decomposition},
	year = {2023},
	bdsk-url-1 = {https://doi.org/10.48550/ARXIV.2301.11867}}

@article{eggeling,
	author = {T Eggeling and D Schlingemann and R. F Werner},
	doi = {10.1209/epl/i2002-00579-4},
	journal = {Europhysics Letters ({EPL})},
	month = {mar},
	number = {6},
	pages = {782--788},
	publisher = {{IOP} Publishing},
	title = {Semicausal operations are semilocalizable},
	volume = {57},
	year = 2002,
	bdsk-url-1 = {https://doi.org/10.1209/epl/i2002-00579-4}}

@article{elagin_equivariant,
	author = {Elagin, Alexey},
	journal = {arXiv preprint},
	primaryclass = {math.AG},
	title = {On equivariant triangulated categories},
	volume = {arXiv:1403.7027},
	year = {2015}}

@article{ellison1,
	author = {Ellison, William},
	journal = {S\'eminaire de th\'eorie des nombres de Bordeaux},
	pages = {1--8},
	publisher = {Laboratoire de th\'eorie des nombres - Universit\'e de Bordeaux I},
	title = {Waring's Problem for Fields},
	url = {www.numdam.org/item/STNB_1970-1971____A8_0/},
	year = {1970-1971},
	zbl = {0278.10046},
	bdsk-url-1 = {www.numdam.org/item/STNB_1970-1971____A8_0/}}

@article{ellison2,
	author = {William Ellison},
	journal = {arXiv preprint},
	primaryclass = {math.NT},
	title = {Waring's problem for fields},
	volume = {arXiv:1303.4818},
	year = {2013}}

@article{fiore,
	author = {Fiore, M. and Gambino, N. and Hyland, M. and Winskel G.},
	doi = {10.1007/s00029-017-0361-3},
	journal = {Selecta Mathematica},
	pages = {2791--2830},
	title = {Relative pseudomonads, Kleisli bicategories, and substitution monoidal structures},
	volume = 24,
	year = 2018,
	bdsk-url-1 = {https://doi.org/10.1007/s00029-017-0361-3}}

@article{fritz,
	author = {Tobias Fritz},
	doi = {10.1016/j.aim.2020.107239},
	journal = {Advances in Mathematics},
	month = aug,
	pages = {107239},
	publisher = {Elsevier {BV}},
	title = {A synthetic approach to Markov kernels, conditional independence and theorems on sufficient statistics},
	volume = {370},
	year = {2020},
	bdsk-url-1 = {https://doi.org/10.1016/j.aim.2020.107239}}

@article{foltz,
	author = {Foltz, Fran{\c c}ois and Lair, Christian and Kelly, Gregory M.},
	doi = {10.1016/0022-4049(80)90082-1},
	issue = 2,
	journal = {Journal of Pure and Applied Algebra},
	pages = {171-177},
	title = {Algebraic categories with few monoidal biclosed structures or none},
	volume = 17,
	year = 1980,
	bdsk-url-1 = {https://doi.org/10.1016/0022-4049(80)90082-1}}

@article{ganter_symmetric,
	author = {Ganter, Nora and Kapranov, Mikhail},
	doi = {10.1007/s00031-014-9255-z},
	journal = {Transformation Groups},
	pages = {57-103},
	title = {SYMMETRIC AND EXTERIOR POWERS OF CATEGORIES},
	volume = 19,
	year = 2014,
	bdsk-url-1 = {https://doi.org/10.1007/s00031-014-9255-z}}

@article{garner,
	author = {Garner, Richard and Franco, Ignacio L{\'o}pez},
	doi = {10.1016/j.jpaa.2015.09.003},
	journal = {Journal of Pure and Applied Algebra},
	number = {5},
	pages = {1707--1751},
	publisher = {Elsevier},
	title = {Commutativity},
	volume = {220},
	year = {2016},
	bdsk-url-1 = {https://doi.org/10.1016/j.jpaa.2015.09.003}}

@article{geroch,
	author = {Geroch,Robert},
	doi = {10.1063/1.1665157},
	journal = {Journal of Mathematical Physics},
	number = {2},
	pages = {437-449},
	title = {Domain of Dependence},
	volume = {11},
	year = {1970},
	bdsk-url-1 = {https://doi.org/10.1063/1.1665157}}

@article{girard_coherence_spaces,
	author = {Girard, Jean-Yves},
	journal = {Linear logic in computer science},
	pages = {346},
	publisher = {Cambridge University Press},
	title = {Between Logic and Quantic: a Tract},
	volume = {316},
	year = {2004}}

@misc{gogioso_church,
	author = {Gogioso, Stefano},
	doi = {10.48550/arXiv.1905.13117},
	eprint = {1905.13117},
	primaryclass = {quant-ph},
	title = {A Process-Theoretic Church of the Larger Hilbert Space},
	year = {2019},
	bdsk-url-1 = {https://doi.org/10.48550/arXiv.1905.13117}}

@article{gogioso_cpm,
	author = {Gogioso, Stefano},
	doi = {10.4204/EPTCS.287.8},
	journal = {EPTCS},
	pages = {145-162},
	title = {Higher-order CPM Constructions},
	volume = {287},
	year = 2019,
	bdsk-url-1 = {https://doi.org/10.4204/EPTCS.287.8}}

@article{gogioso_cpt,
	author = {Gogioso, Stefano and Scandolo, Carlo Maria},
	doi = {10.4204/EPTCS.266.23},
	journal = {EPTCS},
	pages = {367-385},
	title = {Categorical Probabilistic Theories},
	volume = {266},
	year = 2018,
	bdsk-url-1 = {https://doi.org/10.4204/EPTCS.266.23}}

@article{gogioso2015fourier,
	author = {Gogioso, Stefano and Zeng, William},
	journal = {arXiv Preprint},
	title = {Fourier transforms from strongly complementary observables},
	volume = {arXiv:1501.04995},
	year = {2015}}

@article{gogioso_fantastic,
	author = {Gogioso, Stefano},
	journal = {arXiv Preprint},
	title = {Fantastic Quantum Theories and Where to Find Them},
	volume = {arXiv:1703.10576},
	year = {2017}}

@article{gogioso_functorial,
	author = {Gogioso, Stefano and Stasinou, Maria E. and Coecke, Bob},
	doi = {10.3389/fphy.2021.534265},
	issn = {2296-424X},
	journal = {Frontiers in Physics},
	title = {Functorial Evolution of Quantum Fields},
	volume = {9},
	year = {2021},
	bdsk-url-1 = {https://doi.org/10.3389/fphy.2021.534265}}

@inproceedings{gogioso_hyper,
	author = {Gogioso, Stefano and Scandolo, Carlo Maria},
	booktitle = {Quantum Interaction},
	doi = {10.1007/978-3-030-35895-2_10},
	pages = {141-160},
	publisher = {Springer International Publishing},
	title = {Density Hypercubes, Higher Order Interference and Hyper-decoherence: A Categorical Approach},
	year = 2019,
	bdsk-url-1 = {https://doi.org/10.1007/978-3-030-35895-2_10}}

@article{gogioso_hiddensubgroup,
	author = {Gogioso, Stefano and Kissinger, Aleks},
	journal = {arXiv preprint},
	primaryclass = {quant-ph},
	title = {Fully graphical treatment of the quantum algorithm for the Hidden Subgroup Problem},
	volume = {arXiv:1701.08669},
	year = {2017}}

@misc{gorard,
	author = {Gorard, Jonathan and Namuduri, Manojna and Arsiwalla, Xerxes D.},
	doi = {10.48550/arXiv.2105.04057},
	eprint = {2105.04057},
	primaryclass = {cs.LO},
	title = {Fast Automated Reasoning over String Diagrams using Multiway Causal Structure},
	year = {2021},
	bdsk-url-1 = {https://doi.org/10.48550/arXiv.2105.04057}}

@article{guglielmi,
	author = {Guglielmi, Alessio},
	doi = {10.1145/1182613.1182614},
	journal = {ACM Transactions on Computational Logic},
	number = {1},
	title = {A system of interaction and structure},
	volume = {8},
	year = {2007},
	bdsk-url-1 = {https://doi.org/10.1145/1182613.1182614}}

@inproceedings{guglielmi_structures,
	author = {Guglielmi, Alessio and Stra{\ss}burger, Lutz},
	booktitle = {Computer Science Logic},
	doi = {10.1007/3-540-44802-0_5},
	editor = {Fribourg, Laurent},
	pages = {54--68},
	title = {Non-commutativity and MELL in the Calculus of Structures},
	year = {2001},
	bdsk-url-1 = {https://doi.org/10.1007/3-540-44802-0_5}}

@article{haag-kastler,
	author = {Haag, Rudolf and Kastler, Daniel},
	journal = {Journal of Mathematical Physics},
	number = {7},
	pages = {848--861},
	publisher = {American Institute of Physics},
	title = {An algebraic approach to quantum field theory},
	volume = {5},
	year = {1964}}

@inproceedings{hefford_coend,
	author = {Hefford, James and Comfort, Cole},
	booktitle = {Proceedings ACT 2022},
	doi = {10.4204/EPTCS.380.4},
	journal = {EPTCS},
	pages = {63-76},
	title = {{Coend Optics for Quantum Combs}},
	volume = 380,
	year = {2023},
	bdsk-url-1 = {https://doi.org/10.4204/EPTCS.380.4}}

@inproceedings{hefford_hypercubes,
	author = {Hefford, James and Gogioso, Stefano},
	booktitle = {Proceedings QPL 2020},
	doi = {10.4204/eptcs.340.7},
	journal = {EPTCS},
	pages = {141--159},
	publisher = {Open Publishing Association},
	title = {Hyper-decoherence in Density Hypercubes},
	volume = {340},
	year = 2021,
	bdsk-url-1 = {https://doi.org/10.4204/eptcs.340.7}}

@inproceedings{hefford_galois,
	author = {Hefford, James and Gogioso, Stefano},
	booktitle = {Proceedings QPL 2021},
	doi = {10.4204/eptcs.343.9},
	journal = {EPTCS},
	pages = {165--192},
	publisher = {Open Publishing Association},
	title = {{CPM} Categories for Galois Extensions},
	volume = {343},
	year = 2021,
	bdsk-url-1 = {https://doi.org/10.4204/eptcs.343.9}}

@inproceedings{hefford_spacetime,
	author = {Hefford, James and Kissinger, Aleks},
	booktitle = {Proceedings ACT 2022},
	doi = {10.4204/EPTCS.380.17},
	journal = {EPTCS},
	pages = {284-306},
	title = {{On the Pre- and Promonoidal Structure of Spacetime}},
	volume = 380,
	year = {2023},
	bdsk-url-1 = {https://doi.org/10.4204/EPTCS.380.17}}

@inproceedings{hefford_optics,
	author = {Hefford, James and Rom{\'a}n, Mario},
	booktitle = {Proceedings ACT 2023},
	date-added = {2024-01-21 20:24:10 +0900},
	date-modified = {2024-01-21 20:24:10 +0900},
	doi = {10.4204/eptcs.397.10},
	issn = {2075-2180},
	journal = {EPTCS},
	pages = {152-171},
	publisher = {Open Publishing Association},
	title = {Optics for Premonoidal Categories},
	url = {http://dx.doi.org/10.4204/EPTCS.397.10},
	volume = {397},
	year = {2023},
	bdsk-url-1 = {http://dx.doi.org/10.4204/EPTCS.397.10},
	bdsk-url-2 = {http://dx.doi.org/10.4204/eptcs.397.10}}

@inproceedings{hefford_supermaps,
	address = {New York, NY, USA},
	articleno = {43},
	author = {Hefford, James and Wilson, Matt},
	booktitle = {Proceedings of the 39th Annual ACM/IEEE Symposium on Logic in Computer Science},
	doi = {10.1145/3661814.3662123},
	location = {Tallinn, Estonia},
	numpages = {15},
	publisher = {Association for Computing Machinery},
	series = {LICS '24},
	title = {{A Profunctorial Semantics for Quantum Supermaps}},
	year = {2024},
	bdsk-url-1 = {https://doi.org/10.1145/3661814.3662123}}

@article{hermida_repmulticats,
	author = {Claudio Hermida},
	doi = {10.1006/aima.1999.1877},
	journal = {Advances in Mathematics},
	number = {2},
	pages = {164-225},
	title = {Representable Multicategories},
	volume = {151},
	year = {2000},
	bdsk-url-1 = {https://doi.org/10.1006/aima.1999.1877}}

@book{heunen_categories,
	author = {Heunen, Chris and Vicary, Jamie},
	doi = {10.1093/oso/9780198739623.001.0001},
	publisher = {Oxford University Press},
	title = {Categories for Quantum Theory: An Introduction},
	year = {2019},
	bdsk-url-1 = {https://doi.org/10.1093/oso/9780198739623.001.0001}}

@article{horne_mav,
	author = {Horne, Ross},
	journal = {Scientific Annals of Computer Science},
	number = {2},
	title = {The Consistency and Complexity of Multiplicative Additive System Virtual},
	volume = {25},
	year = {2015}}

@article{hu_tubes,
	author = {Nick Hu and Jamie Vicary},
	doi = {10.4204/eptcs.351.6},
	journal = {Electronic Proceedings in Theoretical Computer Science},
	month = {dec},
	pages = {84--97},
	publisher = {Open Publishing Association},
	title = {Traced Monoidal Categories as Algebraic Structures in {Prof}},
	volume = {351},
	year = 2021,
	bdsk-url-1 = {https://doi.org/10.4204/eptcs.351.6}}

@article{hyland_envelope,
	author = {J.M.E. Hyland},
	doi = {10.1016/S0168-0072(01)00075-6},
	journal = {Annals of Pure and Applied Logic},
	number = {1},
	pages = {43-78},
	title = {Proof theory in the abstract},
	volume = {114},
	year = {2002},
	bdsk-url-1 = {https://doi.org/10.1016/S0168-0072(01)00075-6}}

@article{jacobs_arrows,
	author = {Jacobs, Bart and Heunen, Chris and Hasuo, Ichiro},
	doi = {10.1017/S0956796809007308},
	journal = {Journal of Functional Programming},
	number = {3-4},
	pages = {403--438},
	publisher = {Cambridge University Press},
	title = {Categorical semantics for arrows},
	volume = {19},
	year = {2009},
	bdsk-url-1 = {https://doi.org/10.1017/S0956796809007308}}

@book{jacobson_algebra,
	author = {Jacobson, Nathan},
	publisher = {W. H. Freeman and Company},
	title = {Basic Algebra II: Second Edition},
	year = 1989}

@article{janelidze_actions,
	author = {Janelidze, G. and Kelly, G.M.},
	journal = {Theory and Applications of Categories},
	number = 4,
	pages = {61--91},
	title = {A Note On Actions of a Monoidal Category},
	volume = 9,
	year = 2001}

@article{joyal_street1,
	author = {Joyal, Andr{\'e} and Street, Ross},
	doi = {10.1016/0001-8708(91)90003-P},
	issn = {0001-8708},
	journal = {Advances in Mathematics},
	number = {1},
	pages = {55-112},
	title = {The geometry of tensor calculus, {I}},
	volume = {88},
	year = {1991},
	bdsk-url-1 = {https://doi.org/10.1016/0001-8708(91)90003-P}}

@article{joyal_street2,
	author = {Joyal, Andr{\'e} and Street, Ross},
	title = {The geometry of tensor calculus, {II}},
	year = 1991}

@book{kelly,
	author = {Kelly, Gregory},
	publisher = {Cambridge University Press},
	title = {Basic Concepts of Enriched Category Theory},
	year = 1982}

@article{kelly_maclane,
	author = {Kelly, Gregory},
	doi = {https://doi.org/10.1016/0021-8693(64)90018-3},
	journal = {Journal of Algebra},
	number = {4},
	pages = {397-402},
	title = {On {MacLane's} conditions for coherence of natural associativities, commutativities, etc.},
	volume = {1},
	year = {1964},
	bdsk-url-1 = {https://doi.org/10.1016/0021-8693(64)90018-3}}

@article{kissinger_phasegadgets,
	author = {Kissinger, Aleks and van de Wetering, John},
	journal = {arXiv preprint},
	title = {Reducing T-count with the ZX-calculus},
	volume = {arXiv:1903.10477},
	year = 2019}

@article{kissinger_caus,
	author = {Kissinger, Aleks and Uijlen, Sander},
	doi = {10.23638/LMCS-15(3:15)2019},
	issn = {18605974},
	issue = 3,
	journal = {Logical Methods in Computer Science},
	title = {{A categorical semantics for causal structure}},
	volume = 15,
	year = {2019},
	bdsk-url-1 = {https://doi.org/10.23638/LMCS-15(3:15)2019}}

@inproceedings{power02closed,
	author = {Power, John and Thielecke, Hayo},
	booktitle = {Automata, Languages and Programming: 26th International Colloquium, ICALP'99 Prague, Czech Republic, July 11--15, 1999 Proceedings},
	organization = {Springer},
	pages = {625--634},
	title = {Closed Freyd-and $\kappa$-categories},
	year = {2002}}

@article{braithwaitehedges,
	author = {Dylan Braithwaite and Jules Hedges},
	bibsource = {dblp computer science bibliography, https://dblp.org},
	biburl = {https://dblp.org/rec/journals/corr/abs-2209-14728.bib},
	doi = {10.48550/arXiv.2209.14728},
	eprint = {2209.14728},
	eprinttype = {arXiv},
	journal = {CoRR},
	timestamp = {Thu, 06 Oct 2022 14:41:30 +0200},
	title = {Dependent Bayesian Lenses: Categories of Bidirectional Markov Kernels with Canonical Bayesian Inversion},
	url = {https://doi.org/10.48550/arXiv.2209.14728},
	volume = {abs/2209.14728},
	year = {2022},
	bdsk-url-1 = {https://doi.org/10.48550/arXiv.2209.14728}}

@article{bolthedges,
	author = {Joe Bolt and Jules Hedges and Philipp Zahn},
	bibsource = {dblp computer science bibliography, https://dblp.org},
	biburl = {https://dblp.org/rec/journals/corr/abs-1910-03656.bib},
	eprint = {1910.03656},
	eprinttype = {arXiv},
	journal = {CoRR},
	timestamp = {Wed, 16 Oct 2019 16:25:53 +0200},
	title = {Bayesian open games},
	url = {http://arxiv.org/abs/1910.03656},
	volume = {abs/1910.03656},
	year = {2019},
	bdsk-url-1 = {http://arxiv.org/abs/1910.03656}}

@inproceedings{jeffrey97,
	author = {Alan Jeffrey},
	bibsource = {dblp computer science bibliography, https://dblp.org},
	biburl = {https://dblp.org/rec/journals/entcs/Jeffrey97.bib},
	booktitle = {Second Workshop on Higher-Order Operational Techniques in Semantics, {HOOTS} 1997, Stanford, CA, USA, December 8-12, 1997},
	doi = {10.1016/S1571-0661(05)80688-7},
	editor = {Andrew D. Gordon and Andrew M. Pitts and Carolyn L. Talcott},
	pages = {51},
	publisher = {Elsevier},
	series = {Electronic Notes in Theoretical Computer Science},
	timestamp = {Fri, 11 Nov 2022 13:33:56 +0100},
	title = {Premonoidal categories and flow graphs},
	url = {https://doi.org/10.1016/S1571-0661(05)80688-7},
	volume = {10},
	year = {1997},
	bdsk-url-1 = {https://doi.org/10.1016/S1571-0661(05)80688-7}}

@article{kronheimer,
	author = {Kronheimer, E. H. and Penrose, Roger},
	doi = {10.1017/S030500410004144X},
	journal = {Mathematical Proceedings of the Cambridge Philosophical Society},
	number = {2},
	pages = {481--501},
	publisher = {Cambridge University Press},
	title = {On the structure of causal spaces},
	volume = {63},
	year = {1967},
	bdsk-url-1 = {https://doi.org/10.1017/S030500410004144X}}

@article{lack_props,
	author = {Lack, Stephen},
	journal = {Theory and Applications of Categories},
	number = 9,
	pages = {147-163},
	title = {Composing PROPs},
	volume = 13,
	year = 2004}

@article{lack_shulman,
	author = {Lack, Stephen and Shulman, Michael},
	doi = {10.1016/j.aim.2011.08.014},
	journal = {Advances in Mathematics},
	number = {1},
	pages = {294-356},
	title = {Enhanced 2-categories and limits for lax morphisms},
	volume = {229},
	year = {2012},
	bdsk-url-1 = {https://doi.org/10.1016/j.aim.2011.08.014}}

@phdthesis{lal_causal,
	author = {Lal, Raymond},
	school = {Oxford University, UK},
	title = {Causal structure in categorical quantum mechanics},
	year = {2012}}

@article{langlois_brane,
	author = {Langlois, David},
	doi = {10.1143/PTPS.148.181},
	issn = {0375-9687},
	journal = {Progress of Theoretical Physics Supplement},
	pages = {181-212},
	title = {{Brane Cosmology}},
	volume = {148},
	year = {2002},
	bdsk-url-1 = {https://doi.org/10.1143/PTPS.148.181}}

@article{lee_interference,
	author = {Lee, Ciar\'an M. and Selby, John H.},
	doi = {10.1007/s10701-016-0045-4},
	journal = {Found Phys},
	pages = {89-112},
	title = {Higher-Order Interference in Extensions of Quantum Theory},
	volume = 47,
	year = 2017,
	bdsk-url-1 = {https://doi.org/10.1007/s10701-016-0045-4}}

@article{lee_nogo,
	author = {Lee, Ciar\'an M. and Selby, John H.},
	doi = {10.1098/rspa.2017.0732},
	journal = {Proc. R. Soc. A},
	number = 20170732,
	title = {A no-go theorem for theories that decohere to quantum mechanics},
	volume = {474},
	year = 2018,
	bdsk-url-1 = {https://doi.org/10.1098/rspa.2017.0732}}

@book{leinster_higher,
	author = {Leinster, Tom},
	collection = {London Mathematical Society Lecture Note Series},
	doi = {10.1017/CBO9780511525896},
	place = {Cambridge},
	publisher = {Cambridge University Press},
	series = {London Mathematical Society Lecture Note Series},
	title = {Higher Operads, Higher Categories},
	year = {2004},
	bdsk-url-1 = {https://doi.org/10.1017/CBO9780511525896}}

@book{levy_push,
	author = {Levy, Paul},
	doi = {10.1007/978-94-007-0954-6},
	publisher = {Springer Dordrecht},
	title = {Call-By-Push-Value},
	year = 2003,
	bdsk-url-1 = {https://doi.org/10.1007/978-94-007-0954-6}}

@book{loregian_coend,
	author = {Loregian, Fosco},
	collection = {London Mathematical Society Lecture Note Series},
	doi = {10.1017/9781108778657},
	place = {Cambridge},
	publisher = {Cambridge University Press},
	series = {London Mathematical Society Lecture Note Series},
	title = {(Co)end Calculus},
	year = {2021},
	bdsk-url-1 = {https://doi.org/10.1017/9781108778657}}

@article{loregian_fibration,
	author = {Fosco Loregian and Emily Riehl},
	doi = {10.1016/j.exmath.2019.02.004},
	journal = {Expositiones Mathematicae},
	month = {dec},
	number = {4},
	pages = {496--514},
	publisher = {Elsevier {BV}},
	title = {Categorical notions of fibration},
	volume = {38},
	year = 2020,
	bdsk-url-1 = {https://doi.org/10.1016/j.exmath.2019.02.004}}

@article{lorenz_unitary,
	author = {Lorenz, Robin and Barrett, Jonathan},
	doi = {10.22331/q-2021-07-28-511},
	issn = {2521-327X},
	journal = {{Quantum}},
	pages = {511},
	publisher = {{Verein zur F{\"{o}}rderung des Open Access Publizierens in den Quantenwissenschaften}},
	title = {Causal and compositional structure of unitary transformations},
	volume = {5},
	year = {2021},
	bdsk-url-1 = {https://doi.org/10.22331/q-2021-07-28-511}}

@article{lurie,
	author = {Lurie, Jacob},
	journal = {Current developments in mathematics},
	number = {1},
	pages = {129--280},
	publisher = {International Press of Boston},
	title = {On the classification of topological field theories},
	volume = {2008},
	year = {2008}}

@article{maclane_monoidal,
	author = {Mac Lane, Saunders},
	journal = {Rice University Studies},
	pages = {28-46},
	title = {Natural Associativity and Commutativity},
	volume = 49,
	year = 1963}

@article{malament,
	author = {Malament, David B.},
	doi = {10.1063/1.523436},
	journal = {Journal of Mathematical Physics},
	number = {7},
	pages = {1399-1404},
	title = {The class of continuous timelike curves determines the topology of spacetime},
	volume = {18},
	year = {1977},
	bdsk-url-1 = {https://doi.org/10.1063/1.523436}}

@article{mellies_tensorlogic,
	author = {Melli{\`e}s, Paul-Andr{\'e} and Tabareau, Nicolas},
	doi = {10.1016/j.apal.2009.07.018},
	journal = {Annals of Pure and Applied Logic},
	note = {The Third workshop on Games for Logic and Programming Languages (GaLoP)},
	number = {5},
	pages = {632-653},
	title = {Resource modalities in tensor logic},
	volume = {161},
	year = {2010},
	bdsk-url-1 = {https://doi.org/10.1016/j.apal.2009.07.018}}

@article{mellies_continuation,
	author = {Melli{\`e}s, Paul-Andr{\'e}},
	doi = {10.1017/S0960129515000328},
	journal = {Mathematical Structures in Computer Science},
	number = {5},
	pages = {651-680},
	publisher = {Cambridge University Press},
	title = {The parametric continuation monad},
	volume = {27},
	year = {2017},
	bdsk-url-1 = {https://doi.org/10.1017/S0960129515000328}}

@article{mellies_negation,
	author = {Melli{\`e}s, Paul-Andr{\'e}},
	doi = {10.1016/j.apal.2016.10.008},
	journal = {Annals of Pure and Applied Logic},
	note = {Eighth Games for Logic and Programming Languages Workshop (GaLoP)},
	number = {2},
	pages = {321-372},
	title = {A micrological study of negation},
	volume = {168},
	year = {2017},
	bdsk-url-1 = {https://doi.org/10.1016/j.apal.2016.10.008}}

@article{moggi,
	author = {Moggi, Eugenio},
	doi = {10.1016/0890-5401(91)90052-4},
	journal = {Information and Computation},
	number = {1},
	pages = {55-92},
	title = {Notions of computation and monads},
	volume = {93},
	year = {1991},
	bdsk-url-1 = {https://doi.org/10.1016/0890-5401(91)90052-4}}

@article{moliner_space,
	author = {Enrique Moliner, Pau and Heunen, Chris and Tull, Sean},
	doi = {10.4204/eptcs.266.25},
	journal = {Electronic Proceedings in Theoretical Computer Science},
	month = {feb},
	pages = {399--410},
	publisher = {Open Publishing Association},
	title = {Space in Monoidal Categories},
	volume = {266},
	year = 2018,
	bdsk-url-1 = {https://doi.org/10.4204/eptcs.266.25}}

@phdthesis{moliner_thesis,
	author = {Enrique Moliner, Pau},
	doi = {10.7488/era/1259},
	school = {The University of Edinburgh},
	title = {Space and time in monoidal categories},
	year = {2021},
	bdsk-url-1 = {https://doi.org/10.7488/era/1259}}

@article{myers,
	author = {Myers,David Jaz},
	journal = {arXiv preprint},
	primaryclass = {math.CT},
	title = {String Diagrams For Double Categories and Equipments},
	volume = {arXiv:1612.02762},
	year = {2018}}

@inproceedings{nguyen_pomset_bv,
	author = {Nguy{{\^e}}n, L T D and Stra{\ss}burger, Lutz},
	booktitle = {30th EACSL Annual Conference on Computer Science Logic (CSL 2022)},
	doi = {10.4230/LIPIcs.CSL.2022.32},
	pages = {32:1--32:17},
	title = {{BV and Pomset Logic Are Not the Same}},
	volume = {216},
	year = {2022},
	bdsk-url-1 = {https://doi.org/10.4230/LIPIcs.CSL.2022.32}}

@article{oreshkov,
	author = {Oreshkov, Ognyan and Costa, Fabio and Brukner, {\v C}aslav},
	doi = {10.1038/ncomms2076},
	journal = {Nature Communications},
	number = 1092,
	title = {Quantum correlations with no causal order},
	volume = 3,
	year = 2012,
	bdsk-url-1 = {https://doi.org/10.1038/ncomms2076}}

@article{pastro_street,
	author = {Pastro, Craig and Street, Ross},
	journal = {Theory and Applications of Categories},
	number = 4,
	pages = {61-75},
	title = {Doubles for Monoidal Categories},
	volume = 21,
	year = 2008}

@article{pavlovic_chu,
	author = {Pavlovi{\'c}, Du{\v s}ko},
	doi = {10.1017/S0960129596002046},
	journal = {Mathematical Structures in Computer Science},
	number = {1},
	pages = {49-73},
	title = {Chu I: cofree equivalences, dualities and *-autonomous categories},
	volume = {7},
	year = {1997},
	bdsk-url-1 = {https://doi.org/10.1017/S0960129596002046}}

@inbook{penrose,
	author = {Penrose, Roger},
	book = {Combinatorial Mathematics and its Applications},
	publisher = {Academic Press},
	title = {Applications of negative dimensional tensors},
	year = {1971}}

@article{piedeleu,
	author = {Piedeleu, Robin and Kartsaklis, Dimitri and Coecke, Bob and Sadrzadeh, Mehrnoosh},
	journal = {arXiv preprint},
	title = {Open System Categorical Quantum Semantics in Natural Language Processing},
	volume = {arXiv:1502.00831},
	year = 2015}

@inproceedings{plotkin_notions,
	author = {Plotkin, Gordon and Power, John},
	booktitle = {Foundations of Software Science and Computation Structures},
	editor = {Nielsen, Mogens and Engberg, Uffe},
	pages = {342--356},
	publisher = {Springer Berlin Heidelberg},
	title = {Notions of Computation Determine Monads},
	year = 2002}

@article{power_generic,
	author = {John Power},
	doi = {10.1016/j.tcs.2006.08.006},
	journal = {Theoretical Computer Science},
	number = {2},
	pages = {254-269},
	title = {Generic models for computational effects},
	volume = {364},
	year = {2006},
	bdsk-url-1 = {https://doi.org/10.1016/j.tcs.2006.08.006}}

@article{power_premonoidal,
	author = {Power, John and Robinson, Edmund},
	doi = {10.1017/S0960129597002375},
	journal = {Mathematical Structures in Computer Science},
	number = {5},
	pages = {453--468},
	publisher = {Cambridge University Press},
	title = {Premonoidal categories and notions of computation},
	volume = {7},
	year = {1997},
	bdsk-url-1 = {https://doi.org/10.1017/S0960129597002375}}

@article{power_structure,
	author = {John Power},
	doi = {10.1016/S0304-3975(00)00340-6},
	issn = {0304-3975},
	journal = {Theoretical Computer Science},
	note = {Mathematical Foundations of Programming Semantics 1996},
	number = {1},
	pages = {303-321},
	title = {Premonoidal categories as categories with algebraic structure},
	volume = {278},
	year = {2002},
	bdsk-url-1 = {https://doi.org/10.1016/S0304-3975(00)00340-6}}

@inproceedings{retore,
	author = {Retor{\'e}, Christian},
	booktitle = {Typed Lambda Calculi and Applications},
	pages = {300-318},
	title = {Pomset logic: A non-commutative extension of classical linear logic},
	year = 1997}

@phdthesis{retore_thesis,
	author = {Retor{\'e}, Christian},
	school = {{Universit{\'e} Paris-Diderot - Paris VII}},
	title = {{R{\'e}seaux et s{\'e}quents ordonn{\'e}s}},
	year = {1993}}

@misc{riley_optics,
	author = {Mitchell Riley},
	doi = {10.48550/arXiv.1809.00738},
	title = {Categories of Optics},
	year = {2018},
	bdsk-url-1 = {https://doi.org/10.48550/arXiv.1809.00738}}

@misc{roman_promonads,
	author = {Rom{\'a}n, Mario},
	doi = {10.48550/ARXIV.2205.07664},
	publisher = {arXiv},
	title = {Promonads and String Diagrams for Effectful Categories},
	year = {2022},
	bdsk-url-1 = {https://doi.org/10.48550/ARXIV.2205.07664}}

@misc{roman_comb,
	author = {Mario Rom{\'a}n},
	doi = {10.48550/arXiv.2003.06214},
	title = {Comb Diagrams for Discrete-Time Feedback},
	year = {2020},
	bdsk-url-1 = {https://doi.org/10.48550/arXiv.2003.06214}}

@phdthesis{roman_thesis,
	author = {Rom{\'a}n, Mario},
	doi = {10.23658/taltech.54/2023},
	school = {Tallinn University of Technology},
	title = {Monoidal Context Theory},
	year = {2023},
	bdsk-url-1 = {https://doi.org/10.23658/taltech.54/2023}}

@inproceedings{roman_coend,
	author = {Rom{\'a}n, Mario},
	booktitle = {Proceedings ACT 2020},
	doi = {10.4204/eptcs.333.5},
	issn = {2075-2180},
	journal = {EPTCS},
	month = {Feb},
	pages = {65--78},
	publisher = {Open Publishing Association},
	title = {Open Diagrams via Coend Calculus},
	volume = {333},
	year = {2021},
	bdsk-url-1 = {https://doi.org/10.4204/eptcs.333.5}}

@misc{roman_optics,
	author = {Rom{\'a}n, Mario},
	doi = {10.48550/arXiv.2001.08045},
	title = {Profunctor optics and traversals},
	year = 2020,
	bdsk-url-1 = {https://doi.org/10.48550/arXiv.2001.08045}}

@book{rotman_algebra,
	author = {Joseph J. Rotman},
	publisher = {Prentice Hall},
	title = {Advanced Modern Algebra},
	year = 2002}

@phdthesis{schommer_phd,
	author = {Schommer-Pries, Christopher J.},
	doi = {10.48550/ARXIV.1112.1000},
	publisher = {arXiv},
	school = {University of California, Berkeley},
	title = {The Classification of Two-Dimensional Extended Topological Field Theories},
	url = {https://arxiv.org/abs/1112.1000},
	year = {2009},
	bdsk-url-1 = {https://arxiv.org/abs/1112.1000},
	bdsk-url-2 = {https://doi.org/10.48550/ARXIV.1112.1000}}

@article{schumacher_locality,
	author = {Schumacher, Benjamin and Westmoreland, Michael D.},
	doi = {10.1007/s11128-004-3193-y},
	journal = {Quantum Inf Process},
	pages = {13-34},
	title = {Locality and Information Transfer in Quantum Operations},
	volume = 4,
	year = 2005,
	bdsk-url-1 = {https://doi.org/10.1007/s11128-004-3193-y}}

@article{seely_aut,
	author = {Seely, R.A.G.},
	journal = {Contemporary Mathematics},
	title = {Linear logic, $\ast$-autonomous categories and cofree coalgebras},
	volume = 92,
	year = 1989}

@article{Selby_coherence,
	author = {Selby, John H. and Lee, Ciar{\'{a}}n M.},
	doi = {10.22331/q-2020-09-11-319},
	issn = {2521-327X},
	journal = {{Quantum}},
	pages = {319},
	publisher = {{Verein zur F{\"{o}}rderung des Open Access Publizierens in den Quantenwissenschaften}},
	title = {Compositional resource theories of coherence},
	volume = {4},
	year = {2020},
	bdsk-url-1 = {https://doi.org/10.22331/q-2020-09-11-319}}

@article{selby_leaks,
	article-number = {174},
	author = {Selby, John H. and Coecke, Bob},
	doi = {10.3390/e19040174},
	journal = {Entropy},
	number = {4},
	title = {Leaks: Quantum, Classical, Intermediate and More},
	volume = {19},
	year = {2017},
	bdsk-url-1 = {https://doi.org/10.3390/e19040174}}

@phdthesis{selby_thesis,
	author = {Selby, John H.},
	school = {Imperial College London},
	title = {A process theoretic triptych},
	year = 2017,
	bdsk-file-1 = {YnBsaXN0MDDSAQIDBFxyZWxhdGl2ZVBhdGhZYWxpYXNEYXRhXxAnLi4vLi4vLi4vRG93bmxvYWRzL0lPUEVYUE9SVF9CSUItMTIuYmliTxEBbgAAAAABbgACAAAMTWFjaW50b3NoIEhEAAAAAAAAAAAAAAAAAAAAAAAAAEJEAAH/////FElPUEVYUE9SVF9CSUItMTIuYmliAAAAAAAAAAAAAAAAAAAAAAAAAAAAAAAAAAAAAAAAAAAAAAAAAAAAAAAAAP////8AAAAAAAAAAAAAAAAAAwACAAAKIGN1AAAAAAAAAAAAAAAAAAlEb3dubG9hZHMAAAIANC86VXNlcnM6bWF0dGhld3dpbHNvbjpEb3dubG9hZHM6SU9QRVhQT1JUX0JJQi0xMi5iaWIADgAqABQASQBPAFAARQBYAFAATwBSAFQAXwBCAEkAQgAtADEAMgAuAGIAaQBiAA8AGgAMAE0AYQBjAGkAbgB0AG8AcwBoACAASABEABIAMlVzZXJzL21hdHRoZXd3aWxzb24vRG93bmxvYWRzL0lPUEVYUE9SVF9CSUItMTIuYmliABMAAS8AABUAAgAU//8AAAAIAA0AGgAkAE4AAAAAAAACAQAAAAAAAAAFAAAAAAAAAAAAAAAAAAABwA==}}

@article{selinger_cpm,
	author = {Selinger, Peter},
	doi = {10.1016/j.entcs.2006.12.018},
	journal = {Electronic Notes in Theoretical Computer Science},
	pages = {139-163},
	title = {Dagger Compact Closed Categories and Completely Positive Maps},
	volume = {170},
	year = 2007,
	bdsk-url-1 = {https://doi.org/10.1016/j.entcs.2006.12.018}}

@article{selinger_idempotents,
	author = {Selinger, Peter},
	doi = {10.1016/j.entcs.2008.04.021},
	journal = {Electronic Notes in Theoretical Computer Science},
	pages = {107-122},
	title = {Idempotents in Dagger Categories: (Extended Abstract)},
	volume = {210},
	year = 2008,
	bdsk-url-1 = {https://doi.org/10.1016/j.entcs.2008.04.021}}

@misc{shapiro_duoidal,
	author = {Shapiro, Brandon T. and Spivak, David I.},
	doi = {10.48550/ARXIV.2210.01962},
	publisher = {arXiv},
	title = {Duoidal Structures for Compositional Dependence},
	year = {2022},
	bdsk-url-1 = {https://doi.org/10.48550/ARXIV.2210.01962}}

@article{shinder_groupactions,
	author = {Shinder, Evgeny},
	doi = {10.1007/s40879-017-0150-8},
	journal = {European Journal of Mathematics},
	pages = {413-422},
	title = {Group actions on categories and {Elagin's} theorem revisited},
	volume = 4,
	year = 2018,
	bdsk-url-1 = {https://doi.org/10.1007/s40879-017-0150-8}}

@misc{shulman_bicategories,
	author = {Shulman, Michael A.},
	doi = {10.48550/ARXIV.1004.0993},
	publisher = {arXiv},
	title = {Constructing symmetric monoidal bicategories},
	url = {https://arxiv.org/abs/1004.0993},
	year = {2010},
	bdsk-url-1 = {https://arxiv.org/abs/1004.0993},
	bdsk-url-2 = {https://doi.org/10.48550/ARXIV.1004.0993}}

@article{shulman_envelope,
	author = {Shulman, Michael},
	doi = {10.4204/eptcs.353.9},
	journal = {Electronic Proceedings in Theoretical Computer Science},
	pages = {175-194},
	publisher = {Open Publishing Association},
	title = {$\ast$-Autonomous Envelopes and Conservativity},
	volume = {353},
	year = {2021},
	bdsk-url-1 = {https://doi.org/10.4204/eptcs.353.9}}

@article{siegel,
	author = {Siegel, Carl},
	doi = {10.1007/BF01203627},
	journal = {Math Z},
	pages = {246-275},
	title = {Darstellung total positiver Zahlen durch Quadrate},
	volume = 11,
	year = 1921,
	bdsk-url-1 = {https://doi.org/10.1007/BF01203627}}

@inproceedings{SimmonsKissinger2022,
	address = {Dagstuhl, Germany},
	author = {Simmons, Will and Kissinger, Aleks},
	booktitle = {47th International Symposium on Mathematical Foundations of Computer Science (MFCS 2022)},
	doi = {10.4230/LIPIcs.MFCS.2022.80},
	editor = {Szeider, Stefan and Ganian, Robert and Silva, Alexandra},
	isbn = {978-3-95977-256-3},
	issn = {1868-8969},
	pages = {80:1--80:14},
	publisher = {Schloss Dagstuhl -- Leibniz-Zentrum f{\"u}r Informatik},
	series = {Leibniz International Proceedings in Informatics (LIPIcs)},
	title = {{Higher-Order Causal Theories Are Models of BV-Logic}},
	urn = {urn:nbn:de:0030-drops-168789},
	volume = {241},
	year = {2022},
	bdsk-url-1 = {https://doi.org/10.4230/LIPIcs.MFCS.2022.80}}

@misc{simmons_completelogic,
	archiveprefix = {arXiv},
	author = {Simmons, Will and Kissinger, Aleks},
	eprint = {2403.09297},
	title = {A complete logic for causal consistency},
	year = {2024}}

@article{sorkin_measure,
	author = {Sorkin, Rafael D.},
	doi = {10.1142/S021773239400294X},
	journal = {Mod. Phys. Lett. A},
	number = 33,
	pages = {3119-3127},
	title = {Quantum Mechanics as Quantum Measure Theory},
	volume = {9},
	year = 1994,
	bdsk-url-1 = {https://doi.org/10.1142/S021773239400294X}}

@inbook{sorkin_measure2,
	author = {Sorkin, Rafael D.},
	chapter = {Quantum Measure Theory and its Interpretation},
	pages = {229-251},
	publisher = {International Press, Cambridge Mass.},
	title = {Quantum Classical Correspondence: Proceedings of the 4th Drexel Symposium on Quantum Nonintegrability},
	year = 1997}

@article{spekkens_toy,
	author = {Spekkens, Robert W.},
	doi = {10.1103/PhysRevA.75.032110},
	issue = {3},
	journal = {Phys. Rev. A},
	pages = {032110},
	publisher = {American Physical Society},
	title = {Evidence for the epistemic view of quantum states: A toy theory},
	volume = {75},
	year = {2007},
	bdsk-url-1 = {https://doi.org/10.1103/PhysRevA.75.032110}}

@article{spivak2019generalized,
	author = {Spivak, David I},
	journal = {arXiv preprint arXiv:1908.02202},
	title = {Generalized Lens Categories via functors $\mathcal{C}^{\rm op}\to\mathsf{Cat}$},
	year = {2019}}

@article{stark_picalc,
	author = {Stark, Ian},
	doi = {10.1016/j.tcs.2007.09.024},
	journal = {Theoretical Computer Science},
	note = {Foundations of Software Science and Computational Structures},
	number = {2},
	pages = {248-270},
	title = {Free-algebra models for the $\pi$-calculus},
	volume = {390},
	year = {2008},
	bdsk-url-1 = {https://doi.org/10.1016/j.tcs.2007.09.024}}

@article{staton_cotensors,
	author = {Staton, Sam},
	doi = {10.1016/j.entcs.2009.07.103},
	journal = {Electronic Notes in Theoretical Computer Science},
	note = {Proceedings of the 25th Conference on Mathematical Foundations of Programming Semantics (MFPS 2009)},
	pages = {471-490},
	title = {Two Cotensors in One: Presentations of Algebraic Theories for Local State and Fresh Names},
	volume = {249},
	year = {2009},
	bdsk-url-1 = {https://doi.org/10.1016/j.entcs.2009.07.103}}

@article{staton_premulticategories,
	address = {New York, NY, USA},
	author = {Staton, Sam and Levy, Paul Blain},
	doi = {10.1145/2480359.2429091},
	issue_date = {January 2013},
	journal = {SIGPLAN Not.},
	number = {1},
	pages = {179--192},
	publisher = {Association for Computing Machinery},
	title = {Universal Properties of Impure Programming Languages},
	volume = {48},
	year = {2013},
	bdsk-url-1 = {https://doi.org/10.1145/2480359.2429091}}

@article{street_monads,
	author = {Ross Street},
	doi = {10.1016/0022-4049(72)90019-9},
	issn = {0022-4049},
	journal = {Journal of Pure and Applied Algebra},
	number = {2},
	pages = {149-168},
	title = {The formal theory of monads},
	volume = {2},
	year = {1972},
	bdsk-url-1 = {https://doi.org/10.1016/0022-4049(72)90019-9}}

@article{tambara,
	author = {Tambara, Daisuke},
	doi = {10.14492/hokmj/1285766362},
	journal = {Hokkaido Mathematical Journal},
	number = {2},
	pages = {379 -- 425},
	publisher = {Hokkaido University, Department of Mathematics},
	title = {{Distributors on a tensor category}},
	volume = {35},
	year = {2006},
	bdsk-url-1 = {https://doi.org/10.14492/hokmj/1285766362}}

@article{ududec_threeslit,
	author = {C. Ududec and H. Barnum and J. Emerson},
	issue = 3,
	journal = {Found. of Phys.},
	pages = {396-405},
	title = {Three Slit Experiments and the Structure of Quantum Theory},
	volume = {41},
	year = 2011}

@article{vicary_pseudomonoid,
	author = {Lawrence Dunn and Jamie Vicary},
	doi = {10.23638/LMCS-15(3:5)2019},
	journal = {{Logical Methods in Computer Science}},
	keywords = {Computer Science - Logic in Computer Science},
	month = Jul,
	title = {{Coherence for Frobenius pseudomonoids and the geometry of linear proofs}},
	volume = {{Volume 15, Issue 3}},
	year = {2019},
	bdsk-url-1 = {https://doi.org/10.23638/LMCS-15(3:5)2019}}

@inproceedings{vicary_topology,
	author = {Vicary, Jamie},
	booktitle = {2013 28th Annual ACM/IEEE Symposium on Logic in Computer Science},
	doi = {10.1109/LICS.2013.14},
	pages = {93-102},
	title = {Topological Structure of Quantum Algorithms},
	year = {2013},
	bdsk-url-1 = {https://doi.org/10.1109/LICS.2013.14}}

@article{weber,
	author = {Weber, Mark},
	journal = {Theory and Applications of Categories},
	number = 2,
	page = {24--65},
	title = {Free Products of Higher Operad Algebras},
	volume = 28,
	year = 2013}

@article{wechs,
	author = {Wechs, Julian and Dourdent, Hippolyte and Abbott, Alastair A. and Branciard, Cyril},
	doi = {10.1103/PRXQuantum.2.030335},
	issue = {3},
	journal = {PRX Quantum},
	numpages = {26},
	pages = {030335},
	publisher = {American Physical Society},
	title = {Quantum Circuits with Classical Versus Quantum Control of Causal Order},
	volume = {2},
	year = {2021},
	bdsk-url-1 = {https://doi.org/10.1103/PRXQuantum.2.030335}}

@misc{wetering_zx,
	author = {John van de Wetering},
	doi = {10.48550/arXiv.2012.13966},
	eprint = {2012.13966},
	title = {{ZX}-calculus for the working quantum computer scientist},
	year = {2020},
	bdsk-url-1 = {https://doi.org/10.48550/arXiv.2012.13966}}

@misc{wilson_locality,
	author = {Wilson, Matt and Chiribella, Giulio and Kissinger, Aleks},
	doi = {10.48550/ARXIV.2205.09844},
	publisher = {arXiv},
	title = {Quantum Supermaps are Characterized by Locality},
	year = {2022},
	bdsk-url-1 = {https://doi.org/10.48550/ARXIV.2205.09844}}

@misc{wilson_polycategories,
	author = {Wilson, Matt and Chiribella, Giulio},
	doi = {10.48550/ARXIV.2207.09180},
	publisher = {arXiv},
	title = {Free Polycategories for Unitary Supermaps of Arbitrary Dimension},
	year = {2022},
	bdsk-url-1 = {https://doi.org/10.48550/ARXIV.2207.09180}}

@article{wolff,
	author = {Wolff, Harvey},
	doi = {10.1016/0022-4049(74)90018-8},
	journal = {Journal of Pure and Applied Algebra},
	number = {2},
	pages = {123-135},
	title = {V-cat and V-graph},
	volume = {4},
	year = {1974},
	bdsk-url-1 = {https://doi.org/10.1016/0022-4049(74)90018-8}}

@article{zyczkowski_quartic,
	author = {\.{Z}yczkowski, Karol},
	doi = {10.1088/1751-8113/41/35/355302},
	journal = {J. Phys. A: Math. Theor.},
	number = 355302,
	title = {Quartic quantum theory: an extension of the standard quantum mechanics},
	volume = {41},
	year = 2008,
	bdsk-url-1 = {https://doi.org/10.1088/1751-8113/41/35/355302}}
