@inproceedings{SimmonsKissinger2022,
	address = {Dagstuhl, Germany},
	author = {Simmons, Will and Kissinger, Aleks},
	booktitle = {47th International Symposium on Mathematical Foundations of Computer Science (MFCS 2022)},
	doi = {10.4230/LIPIcs.MFCS.2022.80},
	editor = {Szeider, Stefan and Ganian, Robert and Silva, Alexandra},
	isbn = {978-3-95977-256-3},
	issn = {1868-8969},
	pages = {80:1--80:14},
	publisher = {Schloss Dagstuhl -- Leibniz-Zentrum f{\"u}r Informatik},
	series = {Leibniz International Proceedings in Informatics (LIPIcs)},
	title = {{Higher-Order Causal Theories Are Models of BV-Logic}},
	urn = {urn:nbn:de:0030-drops-168789},
	volume = {241},
	year = {2022},
	bdsk-url-1 = {https://doi.org/10.4230/LIPIcs.MFCS.2022.80}}

@article{atkey_bv,
	author = {Robert Atkey and Wen Kokke},
	doi = {10.46298/entics.14870},
	eid = 4,
	journal = {Electronic Notes in Theoretical Informatics and Computer Science},
	title = {A Semantic Proof of Generalised Cut Elimination for Deep Inference},
	volume = {Volume 4 - Proceedings of MFPS XL},
	year = {2024},
	bdsk-url-1 = {https://doi.org/10.46298/entics.14870}}

@article{barr,
	author = {Barr, Michael},
	journal = {Lecture Notes in Mathematics},
	title = {$\ast$-Autonomous categories},
	volume = 752,
	year = 1979}

@article{blute_BV,
	author = {Blute, Richard and Panangaden, Prakash and Slavnov, Sergey},
	doi = {10.1007/s10485-010-9241-0},
	journal = {Applied Categorical Structures},
	pages = {209-228},
	title = {Deep Inference and Probabilistic Coherence Spaces},
	volume = 20,
	year = 2012,
	bdsk-url-1 = {https://doi.org/10.1007/s10485-010-9241-0}}

@inbook{blute_logical_basis,
	author = {Blute, Richard F. and Guglielmi, Alessio and Ivanov, Ivan T. and Panangaden, Prakash and Stra{\ss}burger, Lutz},
	booktitle = {Categories and Types in Logic, Language, and Physics: Essays Dedicated to Jim Lambek on the Occasion of His 90th Birthday},
	doi = {10.1007/978-3-642-54789-8_6},
	pages = {90-107},
	title = {A Logical Basis for Quantum Evolution and Entanglement},
	year = 2014,
	bdsk-url-1 = {https://doi.org/10.1007/978-3-642-54789-8_6}}

@article{blute_quantum_causal_dynamics,
	author = {Blute, Richard and Ivanov, Ivan and Panangaden, Prakash},
	doi = {10.1023/A:1027335119549},
	journal = {International Journal of Theoretical Physics},
	pages = {2025-2041},
	title = {Discrete Quantum Causal Dynamics},
	volume = 42,
	year = 2003,
	bdsk-url-1 = {https://doi.org/10.1023/A:1027335119549}}

@article{chiribella_purification,
	author = {Chiribella, Giulio and D'Ariano, Giacomo Mauro and Perinotti, Paolo},
	doi = {10.1103/PhysRevA.81.062348},
	issue = {6},
	journal = {Phys. Rev. A},
	pages = {062348},
	publisher = {American Physical Society},
	title = {Probabilistic theories with purification},
	volume = {81},
	year = {2010},
	bdsk-url-1 = {https://doi.org/10.1103/PhysRevA.81.062348}}

@article{chu,
	author = {Chu, Po-Hsiang},
	note = {Appendix to \cite{barr}},
	title = {Constructing $\ast$-Autonomous Categories}}

@misc{earnshaw,
	author = {Earnshaw, Matt and Hefford, James and Rom{\'a}n, Mario},
	doi = {10.48550/ARXIV.2301.11867},
	publisher = {arXiv},
	title = {The Produoidal Algebra of Process Decomposition},
	year = {2023},
	bdsk-url-1 = {https://doi.org/10.48550/ARXIV.2301.11867}}

@article{garner,
	author = {Garner, Richard and Franco, Ignacio L{\'o}pez},
	doi = {10.1016/j.jpaa.2015.09.003},
	journal = {Journal of Pure and Applied Algebra},
	number = {5},
	pages = {1707--1751},
	publisher = {Elsevier},
	title = {Commutativity},
	volume = {220},
	year = {2016},
	bdsk-url-1 = {https://doi.org/10.1016/j.jpaa.2015.09.003}}

@article{girard_coherence_spaces,
	author = {Girard, Jean-Yves},
	journal = {Linear logic in computer science},
	pages = {346},
	publisher = {Cambridge University Press},
	title = {Between Logic and Quantic: a Tract},
	volume = {316},
	year = {2004}}

@article{gogioso_cpt,
	author = {Gogioso, Stefano and Scandolo, Carlo Maria},
	doi = {10.4204/EPTCS.266.23},
	journal = {EPTCS},
	pages = {367-385},
	title = {Categorical Probabilistic Theories},
	volume = {266},
	year = 2018,
	bdsk-url-1 = {https://doi.org/10.4204/EPTCS.266.23}}

@inproceedings{hefford_supermaps,
	address = {New York, NY, USA},
	articleno = {43},
	author = {Hefford, James and Wilson, Matt},
	booktitle = {Proceedings of the 39th Annual ACM/IEEE Symposium on Logic in Computer Science},
	doi = {10.1145/3661814.3662123},
	location = {Tallinn, Estonia},
	numpages = {15},
	publisher = {Association for Computing Machinery},
	series = {LICS '24},
	title = {{A Profunctorial Semantics for Quantum Supermaps}},
	year = {2024},
	bdsk-url-1 = {https://doi.org/10.1145/3661814.3662123}}

@article{kissinger_caus,
	author = {Kissinger, Aleks and Uijlen, Sander},
	doi = {10.23638/LMCS-15(3:15)2019},
	issn = {18605974},
	issue = 3,
	journal = {Logical Methods in Computer Science},
	title = {{A categorical semantics for causal structure}},
	volume = 15,
	year = {2019},
	bdsk-url-1 = {https://doi.org/10.23638/LMCS-15(3:15)2019}}

@phdthesis{roman_thesis,
	author = {Rom{\'a}n, Mario},
	doi = {10.23658/taltech.54/2023},
	school = {Tallinn University of Technology},
	title = {Monoidal Context Theory},
	year = {2023},
	bdsk-url-1 = {https://doi.org/10.23658/taltech.54/2023}}

@misc{wilson_locality,
	author = {Wilson, Matt and Chiribella, Giulio and Kissinger, Aleks},
	doi = {10.48550/ARXIV.2205.09844},
	publisher = {arXiv},
	title = {Quantum Supermaps are Characterized by Locality},
	year = {2022},
	bdsk-url-1 = {https://doi.org/10.48550/ARXIV.2205.09844}}

@misc{wilson_polycategories,
	author = {Wilson, Matt and Chiribella, Giulio},
	doi = {10.48550/ARXIV.2207.09180},
	publisher = {arXiv},
	title = {Free Polycategories for Unitary Supermaps of Arbitrary Dimension},
	year = {2022},
	bdsk-url-1 = {https://doi.org/10.48550/ARXIV.2207.09180}}

