@InProceedings{Zhang_2023_ICCV,
    author    = {Zhang, Yunpeng and Zhu, Zheng and Du, Dalong},
    title     = {OccFormer: Dual-path Transformer for Vision-based 3D Semantic Occupancy Prediction},
    booktitle = {ICCV},
    year      = {2023},
    pages     = {9433-9443}
}

@inproceedings{aicnet,
  title={Anisotropic convolutional networks for 3d semantic scene completion},
  author={Li, Jie and Han, Kai and Wang, Peng and Liu, Yu and Yuan, Xia},
  booktitle={CVPR},
  pages={3351--3359},
  year={2020}
}

@article{bevdet,
  title={Bevdet: High-performance multi-camera 3d object detection in bird-eye-view},
  author={Huang, Junjie and Huang, Guan and Zhu, Zheng and Du, Dalong},
  journal={arXiv preprint arXiv:2112.11790},
  year={2021}
}

@inproceedings{cao2022monoscene,
  title={Monoscene: Monocular 3d semantic scene completion},
  author={Cao, Anh-Quan and de Charette, Raoul},
  booktitle={CVPR},
  pages={3991--4001},
  year={2022}
}

@article{chen2023driving,
  title={Driving with llms: Fusing object-level vector modality for explainable autonomous driving},
  author={Chen, Long and Sinavski, Oleg and H{\"u}nermann, Jan and Karnsund, Alice and Willmott, Andrew James and Birch, Danny and Maund, Daniel and Shotton, Jamie},
  journal={arXiv preprint arXiv:2310.01957},
  year={2023}
}

@article{dewangan2023talk2bev,
  title={Talk2BEV: Language-enhanced Bird's-eye View Maps for Autonomous Driving},
  author={Dewangan, Vikrant and Choudhary, Tushar and Chandhok, Shivam and Priyadarshan, Shubham and Jain, Anushka and Singh, Arun K and Srivastava, Siddharth and Jatavallabhula, Krishna Murthy and Krishna, K Madhava},
  journal={arXiv preprint arXiv:2310.02251},
  year={2023}
}

@article{ding2023hilm,
  title={HiLM-D: Towards High-Resolution Hazard Identification and Intention Prediction for Autonomous Driving},
  author={Ding, Xinpeng and others},
  journal={arXiv preprint arXiv:2310.02933},
  year={2023}
}

@article{fu2023driving,
  title={Driving with Vision-Language Models: Enhancing Autonomous Vehicles with Multimodal AI},
  author={Fu, Kai and others},
  journal={arXiv preprint arXiv:2310.03021},
  year={2023}
}

@article{hu2023gaia,
  title={Gaia-1: A generative world model for autonomous driving},
  author={Hu, Anthony and Russell, Lloyd and Yeo, Hudson and Murez, Zak and Fedoseev, George and Kendall, Alex and Shotton, Jamie and Corrado, Gianluca},
  journal={arXiv preprint arXiv:2309.17080},
  year={2023}
}

@inproceedings{huang2023tri,
  title={Tri-perspective view for vision-based 3d semantic occupancy prediction},
  author={Huang, Yuanhui and Zheng, Wenzhao and Zhang, Yunpeng and Zhou, Jie and Lu, Jiwen},
  booktitle={CVPR},
  pages={9223--9232},
  year={2023}
}

@inproceedings{js3cnet,
  title={Sparse single sweep lidar point cloud segmentation via learning contextual shape priors from scene completion},
  author={Yan, Xu and Gao, Jiantao and Li, Jie and Zhang, Ruimao and Li, Zhen and Huang, Rui and Cui, Shuguang},
  booktitle={AAAI},
  volume={35},
  number={4},
  pages={3101--3109},
  year={2021}
}

@article{li2022bevdepth,
  title={Bevdepth: Acquisition of reliable depth for multi-view 3d object detection},
  author={Li, Yinhao and Ge, Zheng and Yu, Guanyi and Yang, Jinrong and Wang, Zengran and Shi, Yukang and Sun, Jianjian and Li, Zeming},
  journal={arXiv preprint arXiv:2206.10092},
  year={2022}
}

@inproceedings{li2022bevformer,
  title={Bevformer: Learning birdâ€™s-eye-view representation from multi-camera images via spatiotemporal transformers},
  author={Li, Zhiqi and Wang, Wenhai and Li, Hongyang and Xie, Enze and Sima, Chonghao and Lu, Tong and Qiao, Yu and Dai, Jifeng},
  booktitle={ECCV},
  pages={1--18},
  year={2022},
  organization={Springer}
}

@article{li2023blip,
  title={Blip-2: Bootstrapping language-image pre-training with frozen image encoders and large language models},
  author={Li, Junnan and Li, Dongxu and Savarese, Silvio and Hoi, Steven},
  journal={arXiv preprint arXiv:2301.12597},
  year={2023}
}

@inproceedings{li2023voxformer,
  title={Voxformer: Sparse voxel transformer for camera-based 3d semantic scene completion},
  author={Li, Yiming and Yu, Zhiding and Choy, Christopher and Xiao, Chaowei and Alvarez, Jose M and Fidler, Sanja and Feng, Chen and Anandkumar, Anima},
  booktitle={CVPR},
  pages={9087--9098},
  year={2023}
}

@inproceedings{liang2022bevfusion,
  title={BEVFusion: A Simple and Robust LiDAR-Camera Fusion Framework},
  author={Tingting Liang and Hongwei Xie and Kaicheng Yu and Zhongyu Xia and Zhiwei Lin and Yongtao Wang and Tao Tang and Bing Wang and Zhi Tang},
  booktitle={NeurIPS},
  year={2022}
}

@inproceedings{liu2022bevfusion,
  title={BEVFusion: Multi-Task Multi-Sensor Fusion with Unified Bird's-Eye View Representation},
  author={Liu, Zhijian and Tang, Haotian and Amini, Alexander and Yang, Xingyu and Mao, Huizi and Rus, Daniela and Han, Song},
  booktitle={ICRA},
  year={2023}
}

@article{liu2023visual,
  title={Visual instruction tuning},
  author={Liu, Haotian and Li, Chunyuan and Wu, Qingyang and Lee, Yong Jae},
  journal={arXiv preprint arXiv:2304.08485},
  year={2023}
}

@inproceedings{lmscnet,
  title={Lmscnet: Lightweight multiscale 3d semantic completion},
  author={Roldao, Luis and de Charette, Raoul and Verroust-Blondet, Anne},
  booktitle={3DV},
  year={2020},
}

@article{lu2023towards,
  title={Towards Generalizable Multi-Camera 3D Object Detection via Perspective Debiasing},
  author={Lu, Hao and Zhang, Yunpeng and Lian, Qing and Du, Dalong and Chen, Yingcong},
  journal={arXiv preprint arXiv:2310.11346},
  year={2023}
}

@article{lu2024gpt,
  title={GPT as Psychologist? Preliminary Evaluations for GPT-4V on Visual Affective Computing},
  author={Lu, Hao and Niu, Xuesong and Wang, Jiyao and Wang, Yin and Hu, Qingyong and Tang, Jiaqi and Zhang, Yuting and Yuan, Kaishen and Huang, Bin and Yu, Zitong and others},
  journal={2024 IEEE/CVF Conference on Computer Vision and Pattern Recognition (CVPR) workshop},
  year={2024}
}

@article{lu2024scaling,
  title={Scaling Multi-Camera 3D Object Detection through Weak-to-Strong Eliciting},
  author={Lu, Hao and Tang, Jiaqi and Xu, Xinli and Cao, Xu and Zhang, Yunpeng and Wang, Guoqing and Du, Dalong and Chen, Hao and Chen, Yingcong},
  journal={arXiv preprint arXiv:2404.06700},
  year={2024}
}

@inproceedings{ronneberger2015u,
  title={U-net: Convolutional networks for biomedical image segmentation},
  author={Ronneberger, Olaf and Fischer, Philipp and Brox, Thomas},
  booktitle={MICCAI},
  pages={234--241},
  year={2015},
  organization={Springer}
}

@inproceedings{sketch,
  title={3d sketch-aware semantic scene completion via semi-supervised structure prior},
  author={Chen, Xiaokang and Lin, Kwan-Yee and Qian, Chen and Zeng, Gang and Li, Hongsheng},
  booktitle={CVPR},
  pages={4193--4202},
  year={2020}
}

@inproceedings{song2017semantic,
  title={Semantic scene completion from a single depth image},
  author={Song, Shuran and Yu, Fisher and Zeng, Andy and Chang, Angel X and Savva, Manolis and Funkhouser, Thomas},
  booktitle={CVPR},
  pages={1746--1754},
  year={2017}
}

@article{tian2023occ3d,
  title={Occ3d: A large-scale 3d occupancy prediction benchmark for autonomous driving},
  author={Tian, Xiaoyu and Jiang, Tao and Yun, Longfei and Wang, Yue and Wang, Yilun and Zhao, Hang},
  journal={arXiv preprint arXiv:2304.14365},
  year={2023}
}

@inproceedings{tong2023scene,
  title={Scene as occupancy},
  author={Tong, Wenwen and Sima, Chonghao and Wang, Tai and Chen, Li and Wu, Silei and Deng, Hanming and Gu, Yi and Lu, Lewei and Luo, Ping and Lin, Dahua and others},
  booktitle={ICCV},
  pages={8406--8415},
  year={2023}
}

@inproceedings{wang2023openoccupancy,
  title={Openoccupancy: A large scale benchmark for surrounding semantic occupancy perception},
  author={Wang, Xiaofeng and Zhu, Zheng and Xu, Wenbo and Zhang, Yunpeng and Wei, Yi and Chi, Xu and Ye, Yun and Du, Dalong and Lu, Jiwen and Wang, Xingang},
  booktitle={ICCV},
  pages={17850--17859},
  year={2023}
}

@inproceedings{wei2023surroundocc,
  title={Surroundocc: Multi-camera 3d occupancy prediction for autonomous driving},
  author={Wei, Yi and Zhao, Linqing and Zheng, Wenzhao and Zhu, Zheng and Zhou, Jie and Lu, Jiwen},
  booktitle={ICCV},
  pages={21729--21740},
  year={2023}
}

@article{zhu2023minigpt,
  title={Minigpt-4: Enhancing vision-language understanding with advanced large language models},
  author={Zhu, Deyao and Chen, Jun and Shen, Xiaoqian and Li, Xiang and Elhoseiny, Mohamed},
  journal={arXiv preprint arXiv:2304.10592},
  year={2023}
}

