@article{liu2024rppg,
  title={rPPG-MAE: Self-supervised Pretraining with Masked Autoencoders for Remote Physiological Measurements},
  author={Liu, Xin and Zhang, Yuting and Yu, Zitong and Lu, Hao and Yue, Huanjing and Yang, Jingyu},
  journal={IEEE Transactions on Multimedia},
  year={2024},
  publisher={IEEE}
}
@article{langacker1987nouns,
  title={Nouns and verbs},
  author={Langacker, Ronald W},
  journal={Language},
  pages={53--94},
  year={1987},
  publisher={JSTOR}
}

@article{wunderlich1997cause,
  title={Cause and the structure of verbs},
  author={Wunderlich, Dieter},
  journal={Linguistic inquiry},
  pages={27--68},
  year={1997},
  publisher={JSTOR}
}

@inproceedings{vo2020identifying,
  title={Identifying Motion Entities in Natural Language and A Case Study for Named Entity Recognition},
  author={Vo, Ngoc Phuoc An and Manotas, Irene and Sheinin, Vadim and Popescu, Octavian},
  booktitle={Proceedings of the 28th International Conference on Computational Linguistics},
  pages={5250--5258},
  year={2020}
}

@article{cadiot2006semantics,
  title={The semantics of the motion verbs},
  author={Cadiot, Pierre and Lebas, Franck and Visetti, Yves-Marie},
  journal={Space in Languages: Linguistic Systems and Cognitive Categories},
  volume={66},
  pages={175},
  year={2006},
  publisher={John Benjamins Publishing}
}

@article{wu2022grit,
  title={Grit: A generative region-to-text transformer for object understanding},
  author={Wu, Jialian and Wang, Jianfeng and Yang, Zhengyuan and Gan, Zhe and Liu, Zicheng and Yuan, Junsong and Wang, Lijuan},
  journal={arXiv preprint arXiv:2212.00280},
  year={2022}
}

@misc{wu2023openvocabulary,
      title={Open-Vocabulary Video Anomaly Detection}, 
      author={Peng Wu and Xuerong Zhou and Guansong Pang and Yujia Sun and Jing Liu and Peng Wang and Yanning Zhang},
      year={2023},
      eprint={2311.07042},
      archivePrefix={arXiv},
      primaryClass={cs.CV}
}

@article{chan2008modeling,
  title={Modeling, clustering, and segmenting video with mixtures of dynamic textures},
  author={Chan, Antoni B and Vasconcelos, Nuno},
  journal={IEEE transactions on pattern analysis and machine intelligence},
  volume={30},
  number={5},
  pages={909--926},
  year={2008},
  publisher={IEEE}
}

@inproceedings{wang2010anomaly,
  title={Anomaly detection in crowd scene},
  author={Wang, Shu and Miao, Zhenjiang},
  booktitle={IEEE 10th International Conference on Signal Processing Proceedings},
  pages={1220--1223},
  year={2010},
  organization={IEEE}
}

@INPROCEEDINGS{liu2018ano_pred, 
        author={W. Liu and W. Luo, D. Lian and S. Gao}, 
        booktitle={2018 IEEE Conference on Computer Vision and Pattern Recognition (CVPR)}, 
        title={Future Frame Prediction for Anomaly Detection -- A New Baseline}, 
        year={2018} 
}

@article{wu1994verb,
  title={Verb semantics and lexical selection},
  author={Wu, Zhibiao and Palmer, Martha},
  journal={arXiv preprint cmp-lg/9406033},
  year={1994}
}

@inproceedings{papineni2002bleu,
  title={Bleu: a method for automatic evaluation of machine translation},
  author={Papineni, Kishore and Roukos, Salim and Ward, Todd and Zhu, Wei-Jing},
  booktitle={Proceedings of the 40th annual meeting of the Association for Computational Linguistics},
  pages={311--318},
  year={2002}
}

@article{zhang2023llamaadapter,
  title = {LLaMA-Adapter: Efficient Fine-tuning of Language Models with Zero-init Attention},
  author={Zhang, Renrui and Han, Jiaming and Liu, Chris and Gao, Peng and Zhou, Aojun and Hu, Xiangfei and Yan, Shilin and Lu, Pan and Li, Hongsheng and Qiao, Yu},
  journal={arXiv preprint arXiv:2303.16199},
  year={2023}
}

@InProceedings{Bain21,
  author       = "Max Bain and Arsha Nagrani and G{\"u}l Varol and Andrew Zisserman",
  title        = "Frozen in Time: A Joint Video and Image Encoder for End-to-End Retrieval",
  booktitle    = "IEEE International Conference on Computer Vision",
  year         = "2021",
}



@inproceedings{farneback2000fast,
  title={Fast and accurate motion estimation using orientation tensors and parametric motion models},
  author={Farneback, Gunnar},
  booktitle={Proceedings 15th International Conference on Pattern Recognition. ICPR-2000},
  volume={1},
  pages={135--139},
  year={2000},
  organization={IEEE}
}

@article{Fang2022EVAET,
  title={EVA: Exploring the Limits of Masked Visual Representation Learning at Scale},
  author={Yuxin Fang and Wen Wang and Binhui Xie and Quan-Sen Sun and Ledell Yu Wu and Xinggang Wang and Tiejun Huang and Xinlong Wang and Yue Cao},
  journal={2023 IEEE/CVF Conference on Computer Vision and Pattern Recognition (CVPR)},
  year={2022},
  pages={19358-19369},
  url={https://api.semanticscholar.org/CorpusID:253510587}
}

@inproceedings{Li2023BLIP2BL,
  title={BLIP-2: Bootstrapping Language-Image Pre-training with Frozen Image Encoders and Large Language Models},
  author={Junnan Li and Dongxu Li and Silvio Savarese and Steven C. H. Hoi},
  booktitle={International Conference on Machine Learning},
  year={2023},
  url={https://api.semanticscholar.org/CorpusID:256390509}
}

@article{lin2023video,
  title={Video-LLaVA: Learning United Visual Representation by Alignment Before Projection},
  author={Lin, Bin and Zhu, Bin and Ye, Yang and Ning, Munan and Jin, Peng and Yuan, Li},
  journal={arXiv preprint arXiv:2311.10122},
  year={2023}
}

@article{Maaz2023VideoChatGPT,
        title={Video-ChatGPT: Towards Detailed Video Understanding via Large Vision and Language Models},
        author={Muhammad Maaz, Hanoona Rasheed, Salman Khan and Fahad Khan},
        journal={ArXiv 2306.05424},
        year={2023}
}

@misc{yuan2023surveillance,
      title={Towards Surveillance Video-and-Language Understanding: New Dataset, Baselines, and Challenges}, 
      author={Tongtong Yuan and Xuange Zhang and Kun Liu and Bo Liu and Chen Chen and Jian Jin and Zhenzhen Jiao},
      year={2023},
      eprint={2309.13925},
      archivePrefix={arXiv},
      primaryClass={cs.CV}
}

@article{huang2023tag2text,
  title={Tag2text: Guiding vision-language model via image tagging},
  author={Huang, Xinyu and Zhang, Youcai and Ma, Jinyu and Tian, Weiwei and Feng, Rui and Zhang, Yuejie and Li, Yaqian and Guo, Yandong and Zhang, Lei},
  journal={arXiv preprint arXiv:2303.05657},
  year={2023}
}

@article{wang2022internvideo,
  title={Internvideo: General video foundation models via generative and discriminative learning},
  author={Wang, Yi and Li, Kunchang and Li, Yizhuo and He, Yinan and Huang, Bingkun and Zhao, Zhiyu and Zhang, Hongjie and Xu, Jilan and Liu, Yi and Wang, Zun and others},
  journal={arXiv preprint arXiv:2212.03191},
  year={2022}
}

@article{achiam2023gpt,
  title={Gpt-4 technical report},
  author={Achiam, Josh and Adler, Steven and Agarwal, Sandhini and Ahmad, Lama and Akkaya, Ilge and Aleman, Florencia Leoni and Almeida, Diogo and Altenschmidt, Janko and Altman, Sam and Anadkat, Shyamal and others},
  journal={arXiv preprint arXiv:2303.08774},
  year={2023}
}

@article{li2023videochat,
  title={Videochat: Chat-centric video understanding},
  author={Li, KunChang and He, Yinan and Wang, Yi and Li, Yizhuo and Wang, Wenhai and Luo, Ping and Wang, Yali and Wang, Limin and Qiao, Yu},
  journal={arXiv preprint arXiv:2305.06355},
  year={2023}
}

@article{liu2023visual,
  title={Visual instruction tuning},
  author={Liu, Haotian and Li, Chunyuan and Wu, Qingyang and Lee, Yong Jae},
  journal={arXiv preprint arXiv:2304.08485},
  year={2023}
}

@article{lv2024video,
  title={Video Anomaly Detection and Explanation via Large Language Models},
  author={Lv, Hui and Sun, Qianru},
  journal={arXiv preprint arXiv:2401.05702},
  year={2024}
}

@article{yao2022dota,
  title={DoTA: unsupervised detection of traffic anomaly in driving videos},
  author={Yao, Yu and Wang, Xizi and Xu, Mingze and Pu, Zelin and Wang, Yuchen and Atkins, Ella and Crandall, David J},
  journal={IEEE transactions on pattern analysis and machine intelligence},
  volume={45},
  number={1},
  pages={444--459},
  year={2022},
  publisher={IEEE}
}

@inproceedings{acsintoae2022ubnormal,
  title={Ubnormal: New benchmark for supervised open-set video anomaly detection},
  author={Acsintoae, Andra and Florescu, Andrei and Georgescu, Mariana-Iuliana and Mare, Tudor and Sumedrea, Paul and Ionescu, Radu Tudor and Khan, Fahad Shahbaz and Shah, Mubarak},
  booktitle={Proceedings of the IEEE/CVF Conference on Computer Vision and Pattern Recognition},
  pages={20143--20153},
  year={2022}
}

@article{damonlpsg2023videollama,
  author = {Zhang, Hang and Li, Xin and Bing, Lidong},
  title = {Video-LLaMA: An Instruction-tuned Audio-Visual Language Model for Video Understanding},
  year = 2023,
  journal = {arXiv preprint arXiv:2306.02858},
  url = {https://arxiv.org/abs/2306.02858}
}

@article{touvron2023llama,
  title={Llama 2: Open foundation and fine-tuned chat models},
  author={Touvron, Hugo and Martin, Louis and Stone, Kevin and Albert, Peter and Almahairi, Amjad and Babaei, Yasmine and Bashlykov, Nikolay and Batra, Soumya and Bhargava, Prajjwal and Bhosale, Shruti and others},
  journal={arXiv preprint arXiv:2307.09288},
  year={2023}
}

@inproceedings{lu2013abnormal,
  title={Abnormal event detection at 150 fps in matlab},
  author={Lu, Cewu and Shi, Jianping and Jia, Jiaya},
  booktitle={Proceedings of the IEEE international conference on computer vision},
  pages={2720--2727},
  year={2013}
}

@article{xu2015learning,
  title={Learning deep representations of appearance and motion for anomalous event detection},
  author={Xu, Dan and Ricci, Elisa and Yan, Yan and Song, Jingkuan and Sebe, Nicu},
  journal={arXiv preprint arXiv:1510.01553},
  year={2015}
}

@inproceedings{sultani2018real,
  title={Real-world anomaly detection in surveillance videos},
  author={Sultani, Waqas and Chen, Chen and Shah, Mubarak},
  booktitle={Proceedings of the IEEE conference on computer vision and pattern recognition},
  pages={6479--6488},
  year={2018}
}

@article{pu2023learning,
  title={Learning Prompt-Enhanced Context Features for Weakly-Supervised Video Anomaly Detection},
  author={Pu, Yujiang and Wu, Xiaoyu and Wang, Shengjin},
  journal={arXiv preprint arXiv:2306.14451},
  year={2023}
}

@inproceedings{dubey20193d,
  title={3d resnet with ranking loss function for abnormal activity detection in videos},
  author={Dubey, Shikha and Boragule, Abhijeet and Jeon, Moongu},
  booktitle={2019 International Conference on Control, Automation and Information Sciences (ICCAIS)},
  pages={1--6},
  year={2019},
  organization={IEEE}
}

@article{lu2024gpt,
  title={GPT as Psychologist? Preliminary Evaluations for GPT-4V on Visual Affective Computing},
  author={Lu, Hao and Niu, Xuesong and Wang, Jiyao and Wang, Yin and Hu, Qingyong and Tang, Jiaqi and Zhang, Yuting and Yuan, Kaishen and Huang, Bin and Yu, Zitong and others},
  journal={2024 IEEE/CVF Conference on Computer Vision and Pattern Recognition (CVPR) workshop},
  year={2024}
}

@article{he2018anomaly,
  title={An anomaly-introduced learning method for abnormal event detection},
  author={He, Chengkun and Shao, Jie and Sun, Jiayu},
  journal={Multimedia Tools and Applications},
  volume={77},
  pages={29573--29588},
  year={2018},
  publisher={Springer}
}

@inproceedings{li2022self,
  title={Self-training multi-sequence learning with transformer for weakly supervised video anomaly detection},
  author={Li, Shuo and Liu, Fang and Jiao, Licheng},
  booktitle={Proceedings of the AAAI Conference on Artificial Intelligence},
  volume={36},
  number={2},
  pages={1395--1403},
  year={2022}
}

@inproceedings{tian2021weakly,
  title={Weakly-supervised video anomaly detection with robust temporal feature magnitude learning},
  author={Tian, Yu and Pang, Guansong and Chen, Yuanhong and Singh, Rajvinder and Verjans, Johan W and Carneiro, Gustavo},
  booktitle={Proceedings of the IEEE/CVF international conference on computer vision},
  pages={4975--4986},
  year={2021}
}

@article{wu2021learning,
  title={Learning causal temporal relation and feature discrimination for anomaly detection},
  author={Wu, Peng and Liu, Jing},
  journal={IEEE Transactions on Image Processing},
  volume={30},
  pages={3513--3527},
  year={2021},
  publisher={IEEE}
}

@inproceedings{zaheer2020claws,
  title={Claws: Clustering assisted weakly supervised learning with normalcy suppression for anomalous event detection},
  author={Zaheer, Muhammad Zaigham and Mahmood, Arif and Astrid, Marcella and Lee, Seung-Ik},
  booktitle={Computer Vision--ECCV 2020: 16th European Conference, Glasgow, UK, August 23--28, 2020, Proceedings, Part XXII 16},
  pages={358--376},
  year={2020},
  organization={Springer}
}

@article{zhu2019motion,
  title={Motion-aware feature for improved video anomaly detection},
  author={Zhu, Yi and Newsam, Shawn},
  journal={arXiv preprint arXiv:1907.10211},
  year={2019}
}

@article{li2023blip,
  title={Blip-2: Bootstrapping language-image pre-training with frozen image encoders and large language models},
  author={Li, Junnan and Li, Dongxu and Savarese, Silvio and Hoi, Steven},
  journal={arXiv preprint arXiv:2301.12597},
  year={2023}
}

@article{zhu2023minigpt,
  title={Minigpt-4: Enhancing vision-language understanding with advanced large language models},
  author={Zhu, Deyao and Chen, Jun and Shen, Xiaoqian and Li, Xiang and Elhoseiny, Mohamed},
  journal={arXiv preprint arXiv:2304.10592},
  year={2023}
}

@inproceedings{senet,
  title={Squeeze-and-excitation networks},
  author={Hu, Jie and Shen, Li and Sun, Gang},
  booktitle={Proceedings of the IEEE conference on computer vision and pattern recognition},
  pages={7132--7141},
  year={2018}
}

@inproceedings{zhang2023occformer,
  title={Occformer: Dual-path transformer for vision-based 3d semantic occupancy prediction},
  author={Zhang, Yunpeng and Zhu, Zheng and Du, Dalong},
  booktitle={Proceedings of the IEEE/CVF International Conference on Computer Vision},
  pages={9433--9443},
  year={2023}
}

@article{team2023gemini,
  title={Gemini: a family of highly capable multimodal models},
  author={Team, Gemini and Anil, Rohan and Borgeaud, Sebastian and Wu, Yonghui and Alayrac, Jean-Baptiste and Yu, Jiahui and Soricut, Radu and Schalkwyk, Johan and Dai, Andrew M and Hauth, Anja and others},
  journal={arXiv preprint arXiv:2312.11805},
  year={2023}
}

@inproceedings{mescheder2019occupancy,
  title={Occupancy networks: Learning 3d reconstruction in function space},
  author={Mescheder, Lars and Oechsle, Michael and Niemeyer, Michael and Nowozin, Sebastian and Geiger, Andreas},
  booktitle={Proceedings of the IEEE/CVF conference on computer vision and pattern recognition},
  pages={4460--4470},
  year={2019}
}

@article{razavi2019vqvae2,
  title={Generating diverse high-fidelity images with vq-vae-2},
  author={Razavi, Ali and Van den Oord, Aaron and Vinyals, Oriol},
  journal={Advances in neural information processing systems},
  volume={32},
  year={2019}
}

@misc{TeslaAutopilot,
  author = {Tesla},
  title = {The Future of Driving: Autopilot and Full Self-Driving Capabilities},
  howpublished = {\url{https://www.youtube.com/watch?v=ODSJsviD_SU&ab_channel=Tesla}},
  year = {2022}
}

@article{zeng2021pangu,
  title={PanGu-$\alpha$: Large-scale Autoregressive Pretrained Chinese Language Models with Auto-parallel Computation},
  author={Zeng, Wei and Ren, Xiaozhe and Su, Teng and Wang, Hui and Liao, Yi and Wang, Zhiwei and Jiang, Xin and Yang, ZhenZhang and Wang, Kaisheng and Zhang, Xiaoda and others},
  journal={arXiv preprint arXiv:2104.12369},
  year={2021}
}

@inproceedings{shubodh2024lip,
  title={Lip-loc: Lidar image pretraining for cross-modal localization},
  author={Shubodh, Sai and Omama, Mohammad and Zaidi, Husain and Parihar, Udit Singh and Krishna, Madhava},
  booktitle={Proceedings of the IEEE/CVF Winter Conference on Applications of Computer Vision},
  pages={948--957},
  year={2024}
}

@article{dewangan2023talk2bev,
  title={Talk2BEV: Language-enhanced Bird's-eye View Maps for Autonomous Driving},
  author={Dewangan, Vikrant and Choudhary, Tushar and Chandhok, Shivam and Priyadarshan, Shubham and Jain, Anushka and Singh, Arun K and Srivastava, Siddharth and Jatavallabhula, Krishna Murthy and Krishna, K Madhava},
  journal={arXiv preprint arXiv:2310.02251},
  year={2023}
}

@inproceedings{tang2023thma,
  title={Thma: Tencent hd map ai system for creating hd map annotations},
  author={Tang, Kun and Cao, Xu and Cao, Zhipeng and Zhou, Tong and Li, Erlong and Liu, Ao and Zou, Shengtao and Liu, Chang and Mei, Shuqi and Sizikova, Elena and others},
  booktitle={Proceedings of the AAAI Conference on Artificial Intelligence},
  volume={37},
  number={13},
  pages={15585--15593},
  year={2023}
}

@article{chen2023driving,
  title={Driving with llms: Fusing object-level vector modality for explainable autonomous driving},
  author={Chen, Long and Sinavski, Oleg and H{\"u}nermann, Jan and Karnsund, Alice and Willmott, Andrew James and Birch, Danny and Maund, Daniel and Shotton, Jamie},
  journal={arXiv preprint arXiv:2310.01957},
  year={2023}
}

@article{drapal2023gpt_law,
  title={Using large language models to support thematic analysis in empirical legal studies},
  author={Dr{\'a}pal, Jakub and Westermann, Hannes and Savelka, Jaromir},
  journal={arXiv preprint arXiv:2310.18729},
  year={2023}
}

@article{irons2023gpt_science,
  title={Exploring the Impacts of ChatGPT on Future Scientific Work},
  author={Irons, Jessica and Mason, Claire and Cooper, Patrick and Sidra, Sidra and Reeson, Andrew and Paris, C{\'e}cile},
  year={2023},
  publisher={SocArXiv}
}

@article{rao2023gpt_med,
  title={Evaluating ChatGPT as an adjunct for radiologic decision-making},
  author={Rao, Arya and Kim, John and Kamineni, Meghana and Pang, Michael and Lie, Winston and Succi, Marc D},
  journal={MedRxiv},
  pages={2023--02},
  year={2023},
  publisher={Cold Spring Harbor Laboratory Press}
}

@article{qin2023gpt_general,
  title={Is chatgpt a general-purpose natural language processing task solver?},
  author={Qin, Chengwei and Zhang, Aston and Zhang, Zhuosheng and Chen, Jiaao and Yasunaga, Michihiro and Yang, Diyi},
  journal={arXiv preprint arXiv:2302.06476},
  year={2023}
}

@article{ding2023hilm,
  title={HiLM-D: Towards High-Resolution Hazard Identification and Intention Prediction for Autonomous Driving},
  author={Ding, Xinpeng and others},
  journal={arXiv preprint arXiv:2310.02933},
  year={2023}
}

@article{fu2023driving,
  title={Driving with Vision-Language Models: Enhancing Autonomous Vehicles with Multimodal AI},
  author={Fu, Kai and others},
  journal={arXiv preprint arXiv:2310.03021},
  year={2023}
}

@article{chen2023challenge1,
  title={End-to-end autonomous driving: Challenges and frontiers},
  author={Chen, Li and Wu, Penghao and Chitta, Kashyap and Jaeger, Bernhard and Geiger, Andreas and Li, Hongyang},
  journal={arXiv preprint arXiv:2306.16927},
  year={2023}
}

@article{chib2023recent,
  title={Recent advancements in end-to-end autonomous driving using deep learning: A survey},
  author={Chib, Pranav Singh and Singh, Pravendra},
  journal={IEEE Transactions on Intelligent Vehicles},
  year={2023},
  publisher={IEEE}
}

@article{sima2023drivelm,
  title={Drivelm: Driving with graph visual question answering},
  author={Sima, Chonghao and Renz, Katrin and Chitta, Kashyap and Chen, Li and Zhang, Hanxue and Xie, Chengen and Luo, Ping and Geiger, Andreas and Li, Hongyang},
  journal={arXiv preprint arXiv:2312.14150},
  year={2023}
}

@article{zheng2023occworld,
  title={Occworld: Learning a 3d occupancy world model for autonomous driving},
  author={Zheng, Wenzhao and Chen, Weiliang and Huang, Yuanhui and Zhang, Borui and Duan, Yueqi and Lu, Jiwen},
  journal={arXiv preprint arXiv:2311.16038},
  year={2023}
}

@article{everingham2010pascal_iou,
  title={The PASCAL Visual Object Classes (VOC) Challenge},
  author={Everingham, Mark and Van Gool, Luc and Williams, Christopher KI and Winn, John and Zisserman, Andrew},
  journal={International Journal of Computer Vision},
  volume={88},
  number={2},
  pages={303--338},
  year={2010},
  publisher={Springer}
}

@article{cheng2021multiscale_miou,
  title={Multiscale IoU: A metric for evaluation of salient object detection with fine structures},
  author={Cheng, Taiheng and others},
  journal={arXiv preprint arXiv:2105.14572},
  year={2021}
}

@inproceedings{hu2023_uniad,
 title={Planning-oriented Autonomous Driving}, 
 author={Yihan Hu and Jiazhi Yang and Li Chen and Keyu Li and Chonghao Sima and Xizhou Zhu and Siqi Chai and Senyao Du and Tianwei Lin and Wenhai Wang and Lewei Lu and Xiaosong Jia and Qiang Liu and Jifeng Dai and Yu Qiao and Hongyang Li},
 booktitle={Proceedings of the IEEE/CVF Conference on Computer Vision and Pattern Recognition},
 year={2023},
}

@inproceedings{jiang2023vad,
  title={Vad: Vectorized scene representation for efficient autonomous driving},
  author={Jiang, Bo and Chen, Shaoyu and Xu, Qing and Liao, Bencheng and Chen, Jiajie and Zhou, Helong and Zhang, Qian and Liu, Wenyu and Huang, Chang and Wang, Xinggang},
  booktitle={Proceedings of the IEEE/CVF International Conference on Computer Vision},
  pages={8340--8350},
  year={2023}
}

@inproceedings{occnet,
  title={Scene as occupancy},
  author={Tong, Wenwen and Sima, Chonghao and Wang, Tai and Chen, Li and Wu, Silei and Deng, Hanming and Gu, Yi and Lu, Lewei and Luo, Ping and Lin, Dahua and others},
  booktitle={Proceedings of the IEEE/CVF International Conference on Computer Vision},
  pages={8406--8415},
  year={2023}
}

@inproceedings{FF,
  title={Safe local motion planning with self-supervised freespace forecasting},
  author={Hu, Peiyun and Huang, Aaron and Dolan, John and Held, David and Ramanan, Deva},
  booktitle={Proceedings of the IEEE/CVF Conference on Computer Vision and Pattern Recognition},
  pages={12732--12741},
  year={2021}
}

@inproceedings{NMP,
  title={End-to-end interpretable neural motion planner},
  author={Zeng, Wenyuan and Luo, Wenjie and Suo, Simon and Sadat, Abbas and Yang, Bin and Casas, Sergio and Urtasun, Raquel},
  booktitle={Proceedings of the IEEE/CVF Conference on Computer Vision and Pattern Recognition},
  pages={8660--8669},
  year={2019}
}

@inproceedings{IL,
  title={Maximum margin planning},
  author={Ratliff, Nathan D and Bagnell, J Andrew and Zinkevich, Martin A},
  booktitle={Proceedings of the 23rd international conference on Machine learning},
  pages={729--736},
  year={2006}
}

@article{li2023fbocc,
  title={Fb-occ: 3d occupancy prediction based on forward-backward view transformation},
  author={Li, Zhiqi and Yu, Zhiding and Austin, David and Fang, Mingsheng and Lan, Shiyi and Kautz, Jan and Alvarez, Jose M},
  journal={arXiv preprint arXiv:2307.01492},
  year={2023}
}

@article{shi2019variational,
  title={Variational mixture-of-experts autoencoders for multi-modal deep generative models},
  author={Shi, Yuge and Paige, Brooks and Torr, Philip and others},
  journal={Advances in neural information processing systems},
  volume={32},
  year={2019}
}

@article{hu2023gaia,
  title={Gaia-1: A generative world model for autonomous driving},
  author={Hu, Anthony and Russell, Lloyd and Yeo, Hudson and Murez, Zak and Fedoseev, George and Kendall, Alex and Shotton, Jamie and Corrado, Gianluca},
  journal={arXiv preprint arXiv:2309.17080},
  year={2023}
}

@inproceedings{berman2018lovasz,
  title={The lov{\'a}sz-softmax loss: A tractable surrogate for the optimization of the intersection-over-union measure in neural networks},
  author={Berman, Maxim and Triki, Amal Rannen and Blaschko, Matthew B},
  booktitle={Proceedings of the IEEE conference on computer vision and pattern recognition},
  pages={4413--4421},
  year={2018}
}

@inproceedings{berman2018lovasz,
  title={The lov{\'a}sz-softmax loss: A tractable surrogate for the optimization of the intersection-over-union measure in neural networks},
  author={Berman, Maxim and Triki, Amal Rannen and Blaschko, Matthew B},
  booktitle={Proceedings of the IEEE conference on computer vision and pattern recognition},
  pages={4413--4421},
  year={2018}
}

@article{ye2023mplug,
  title={mplug-owl: Modularization empowers large language models with multimodality},
  author={Ye, Qinghao and Xu, Haiyang and Xu, Guohai and Ye, Jiabo and Yan, Ming and Zhou, Yiyang and Wang, Junyang and Hu, Anwen and Shi, Pengcheng and Shi, Yaya and others},
  journal={arXiv preprint arXiv:2304.14178},
  year={2023}
}

@article{maaz2023video,
  title={Video-ChatGPT: Towards Detailed Video Understanding via Large Vision and Language Models},
  author={Maaz, Muhammad and Rasheed, Hanoona and Khan, Salman and Khan, Fahad Shahbaz},
  journal={arXiv preprint arXiv:2306.05424},
  year={2023}
}

@article{luo2023valley,
  title={Valley: Video Assistant with Large Language model Enhanced abilitY},
  author={Luo, Ruipu and Zhao, Ziwang and Yang, Min and Dong, Junwei and Qiu, Minghui and Lu, Pengcheng and Wang, Tao and Wei, Zhongyu},
  journal={arXiv preprint arXiv:2306.07207},
  year={2023}
}

@article{su2023pandagpt,
  title={Pandagpt: One model to instruction-follow them all},
  author={Su, Yixuan and Lan, Tian and Li, Huayang and Xu, Jialu and Wang, Yan and Cai, Deng},
  journal={arXiv preprint arXiv:2305.16355},
  year={2023}
}

@article{vit,
  title={An image is worth 16x16 words: Transformers for image recognition at scale},
  author={Dosovitskiy, Alexey and Beyer, Lucas and Kolesnikov, Alexander and Weissenborn, Dirk and Zhai, Xiaohua and Unterthiner, Thomas and Dehghani, Mostafa and Minderer, Matthias and Heigold, Georg and Gelly, Sylvain and others},
  journal={arXiv preprint arXiv:2010.11929},
  year={2020}
}

@inproceedings{uvit,
  title={All are worth words: A vit backbone for diffusion models},
  author={Bao, Fan and Nie, Shen and Xue, Kaiwen and Cao, Yue and Li, Chongxuan and Su, Hang and Zhu, Jun},
  booktitle={Proceedings of the IEEE/CVF Conference on Computer Vision and Pattern Recognition},
  pages={22669--22679},
  year={2023}
}



@article{Lin2017FocalLF,
  title={Focal Loss for Dense Object Detection},
  author={Tsung-Yi Lin and Priya Goyal and Ross B. Girshick and Kaiming He and Piotr Doll{\'a}r},
  journal={ICCV},
  year={2017},
}


@inproceedings{Tian2019FCOSFC,
  title={Fcos: Fully convolutional one-stage object detection},
  author={Tian, Zhi and Shen, Chunhua and Chen, Hao and He, Tong},
  booktitle={ICCV},
  pages={9627--9636},
  year={2019}
}

@article{Zhou2019ObjectsAP,
  title={Objects as Points},
  author={Xingyi Zhou and Dequan Wang and Philipp Kr{\"a}henb{\"u}hl},
  journal={arXiv},
  year={2019},
}

@article{Law2018CornerNetDO,
  title={CornerNet: Detecting Objects as Paired Keypoints},
  author={Hei Law and Jia Deng},
  journal={ECCV},
  year={2018},
}



@article{fastrcnn,
  title={Fast {R-CNN}},
  author={Ross B. Girshick},
  journal={CVPR},
  year={2014},
}

@article{Girshick2014RichFH,
  title={Rich Feature Hierarchies for Accurate Object Detection and Semantic Segmentation},
  author={Ross B. Girshick and Jeff Donahue and Trevor Darrell and Jitendra Malik},
  journal={CVPR},
  year={2014},
}

@article{Girshick2014RichFH,
  title={Rich Feature Hierarchies for Accurate Object Detection and Semantic Segmentation},
  author={Ross B. Girshick and Jeff Donahue and Trevor Darrell and J. Malik},
  journal={CVPR},
  year={2014},
}


@article{He2017MaskR,
  title={Mask R-CNN},
  author={Kaiming He and Georgia Gkioxari and Piotr Doll{\'a}r and Ross B. Girshick},
  journal={ICCV},
  year={2017},
}

@article{Ren2015FasterRT,
  title={Faster {R-CNN}: Towards Real-Time Object Detection with Region Proposal Networks},
  author={Shaoqing Ren and Kaiming He and Ross B. Girshick and J. Sun},
  journal={TPAMI},
  year={2015},
}

@article{carion2020endtoend,
      title={{DETR}: End-to-End Object Detection with Transformers}, 
      author={Nicolas Carion and Francisco Massa and Gabriel Synnaeve and Nicolas Usunier and Alexander Kirillov and Sergey Zagoruyko},
      journal={ECCV},
      year={2020},
}

@article{Zhu2021DeformableDD,
  title={{Deformable DETR}: Deformable Transformers for End-to-End Object Detection},
  author={Xizhou Zhu and Weijie Su and Lewei Lu and Bin Li and Xiaogang Wang and Jifeng Dai},
  journal={ICLR},
  year={2021},
}

@article{Sun2020SparseRE,
  title={{Sparse R-CNN}: End-to-End Object Detection with Learnable Proposals},
  author={Pei Sun and Rufeng Zhang and Yi Jiang and T. Kong and Chenfeng Xu and W. Zhan and M. Tomizuka and L. Li and Zehuan Yuan and C. Wang and Ping Luo},
  journal={CVPR},
  year={2021},
}

@article{Gao2021FastCO,
  title={Fast Convergence of DETR with Spatially Modulated Co-Attention},
  author={Peng Gao and Minghang Zheng and Xiaogang Wang and Jifeng Dai and Hongsheng Li},
  journal={ICCV},
  year={2021},
}

@article{Yao2021EfficientDI,
  title={{Efficient DETR}: Improving End-to-End Object Detector with Dense Prior},
  author={Z. Yao and Jiangbo Ai and Boxun Li and Chi Zhang},
  journal={arXiv},
  year={2021},
}

@article{dosovitskiy2020image,
  title={An image is worth 16x16 words: Transformers for image recognition at scale},
  author={Dosovitskiy, Alexey and Beyer, Lucas and Kolesnikov, Alexander and Weissenborn, Dirk and Zhai, Xiaohua and Unterthiner, Thomas and Dehghani, Mostafa and Minderer, Matthias and Heigold, Georg and Gelly, Sylvain and others},
  journal={arXiv preprint arXiv:2010.11929},
  year={2020}
}

@inproceedings{he2016deep,
  title={Deep residual learning for image recognition},
  author={He, Kaiming and Zhang, Xiangyu and Ren, Shaoqing and Sun, Jian},
  booktitle={CVPR},
  pages={770--778},
  year={2016}
}

@article{Vaswani2017AttentionIA,
  title={Attention is All you Need},
  author={Ashish Vaswani and Noam M. Shazeer and Niki Parmar and Jakob Uszkoreit and Llion Jones and Aidan N. Gomez and Lukasz Kaiser and Illia Polosukhin},
  journal={NeurIPS},
  year={2017},
}

@article{Rezatofighi2019GeneralizedIO,
  title={Generalized Intersection Over Union: A Metric and a Loss for Bounding Box Regression},
  author={S. H. Rezatofighi and Nathan Tsoi and JunYoung Gwak and Amir Sadeghian and I. Reid and S. Savarese},
  journal={CVPR},
  year={2019},
}

@article{Everingham2009ThePV,
  title={The Pascal Visual Object Classes (VOC) Challenge},
  author={M. Everingham and L. Gool and Christopher K. I. Williams and J. Winn and Andrew Zisserman},
  journal={IJCV},
  year={2009},
}


@inproceedings{Sun2021WhatMF,
  title={{OneNet}: What Makes for End-to-End Object Detection?},
  author={Peize Sun and Yi Jiang and Enze Xie and Wenqi Shao and Zehuan Yuan and Changhu Wang and Ping Luo},
  booktitle={ICML},
  year={2021}
}

@article{Kuhn1955TheHM,
  title={The Hungarian method for the assignment problem},
  author={H. Kuhn},
  journal={Naval Research Logistics Quarterly},
  year={1955},
}

@article{Yu2018DeepLA,
  title={Deep Layer Aggregation},
  author={F. Yu and Dequan Wang and Trevor Darrell},
  journal={CVPR},
  year={2018},
}

%%%%%%%%%%%%%%%%%%%%%%%%%%%%%%%%%%%%%%%%
% 3d detection

@inproceedings{qi2017pointnet++,
  title={Pointnet++: Deep hierarchical feature learning on point sets in a metric space},
  author={Qi, Charles R and Yi, Li and Su, Hao and Guibas, Leonidas J},
  booktitle={NeurIPS},
  volume={30},
  year={2017}
}

@inproceedings{Zhou2018VoxelNetEL,
  title={Voxelnet: End-to-end learning for point cloud based 3d object detection},
  author={Zhou, Yin and Tuzel, Oncel},
  booktitle={CVPR},
  pages={4490--4499},
  year={2018}
}

@inproceedings{radford2021learning,
  title={Learning transferable visual models from natural language supervision},
  author={Radford, Alec and others},
  booktitle={Proceedings of the International Conference on Machine Learning},
  pages={8748--8763},
  year={2021},
  organization={PMLR}
}




@article{Sindagi2019MVXNetMV,
  title={{MVX-Net}: Multimodal VoxelNet for 3D Object Detection},
  author={Vishwanath A. Sindagi and Yin Zhou and Oncel Tuzel},
  journal={ICRA},
  year={2019},
}

@inproceedings{Lang2019PointPillarsFE,
  title={Pointpillars: Fast encoders for object detection from point clouds},
  author={Lang, Alex H and Vora, Sourabh and Caesar, Holger and Zhou, Lubing and Yang, Jiong and Beijbom, Oscar},
  booktitle={CVPR},
  pages={12697--12705},
  year={2019}
}


@inproceedings{Vora2020PointPaintingSF,
  title={Pointpainting: Sequential fusion for 3d object detection},
  author={Vora, Sourabh and Lang, Alex H and Helou, Bassam and Beijbom, Oscar},
  booktitle={CVPR},
  pages={4604--4612},
  year={2020}
}

@article{Yan2018SECONDSE,
  title={{SECOND}: Sparsely Embedded Convolutional Detection},
  author={Yan Yan and Yuxing Mao and B. Li},
  journal={Sensors},
  year={2018},
}

@inproceedings{Shi2019PointRCNN3O,
  title={3d object proposal generation and detection from point cloud},
  author={Shi, S and Wang, X and Li, H Pointrcnn and others},
  booktitle={CVPR},
  pages={16--20},
  year={2019}
}

@article{Shi2020PVRCNNPF,
  title={{PV-RCNN}: Point-Voxel Feature Set Abstraction for 3D Object Detection},
  author={Shaoshuai Shi and Chaoxu Guo and Li Jiang and Zhe Wang and Jianping Shi and Xiaogang Wang and Hongsheng Li},
  journal={CVPR},
  year={2020},
}

@article{Yang2019STDS3,
  title={{STD}: Sparse-to-Dense 3D Object Detector for Point Cloud},
  author={Zetong Yang and Y. Sun and Shu Liu and Xiaoyong Shen and Jiaya Jia},
  journal={ICCV},
  year={2019},
}

@article{Yang20203DSSDP3,
  title={{3DSSD}: Point-Based 3D Single Stage Object Detector},
  author={Zetong Yang and Y. Sun and Shu Liu and Jiaya Jia},
  journal={CVPR},
  year={2020},
}

@article{Shi2021FromPT,
  title={{From Points to Parts}: 3D Object Detection From Point Cloud With Part-Aware and Part-Aggregation Network},
  author={Shaoshuai Shi and Zhe Wang and Jianping Shi and Xiaogang Wang and Hongsheng Li},
  journal={TPAMI},
  year={2021},
}


@inproceedings{Yin2020Centerbased3O,
  title={Center-based 3d object detection and tracking},
  author={Yin, Tianwei and Zhou, Xingyi and Krahenbuhl, Philipp},
  booktitle={CVPR},
  pages={11784--11793},
  year={2021}
}

@inproceedings{Qi2017PointNetDL,
  title={Pointnet: Deep learning on point sets for 3d classification and segmentation},
  author={Qi, Charles R and Su, Hao and Mo, Kaichun and Guibas, Leonidas J},
  booktitle={CVPR},
  pages={652--660},
  year={2017}
}

@article{Yang2018PIXORR3,
  title={{PIXOR}: Real-time 3D Object Detection from Point Clouds},
  author={Binh Yang and Wenjie Luo and R. Urtasun},
  journal={CVPR},
  year={2018},
}

@article{Qi2019DeepHV,
  title={Deep Hough Voting for 3D Object Detection in Point Clouds},
  author={C. Qi and O. Litany and Kaiming He and L. Guibas},
  journal={ICCV},
  year={2019},
}

@article{Zhou2019EndtoEndMF,
  title={{MVF}: End-to-End Multi-View Fusion for 3D Object Detection in LiDAR Point Clouds},
  author={Yin Zhou and Pei Sun and Y. Zhang and Dragomir Anguelov and J. Gao and Tom Y. Ouyang and James Guo and Jiquan Ngiam and Vijay Vasudevan},
  journal={CoRL},
  year={2019},
}

@article{Zhu2019ClassbalancedGA,
  title={Class-balanced Grouping and Sampling for Point Cloud 3D Object Detection},
  author={Benjin Zhu and Zhengkai Jiang and Xiangxin Zhou and Zeming Li and Gang Yu},
  journal={arXiv},
  year={2019},
}

@article{Zhu2020SSNSS,
  title={{SSN}: Shape Signature Networks for Multi-class Object Detection from Point Clouds},
  author={Xinge Zhu and Yuexin Ma and Tai Wang and Yan Xu and Jianping Shi and Dahua Lin},
  journal={ECCV},
  year={2020}
}

@article{Chen2020ObjectAH,
  title={{Object as Hotspots}: An Anchor-Free 3D Object Detection Approach via Firing of Hotspots},
  author={Qi Chen and Lin Sun and Zhixin Wang and K. Jia and A. Yuille},
  journal={ECCV},
  year={2020}
}

@article{Pan20203DOD,
  title={3D Object Detection with Pointformer},
  author={Xuran Pan and Zhuofan Xia and Shiji Song and L. Li and Gao Huang},
  journal={CVPR},
  year={2021},
}

@article{Liu2021GroupFree3O,
  title={Group-Free 3D Object Detection via Transformers},
  author={Ze Liu and Zheng Zhang and Yue Cao and Han Hu and Xin Tong},
  journal={ICCV},
  year={2021},
}


@inproceedings{Wang2021PointAugmentingCA,
  title={Pointaugmenting: Cross-modal augmentation for 3d object detection},
  author={Wang, Chunwei and Ma, Chao and Zhu, Ming and Yang, Xiaokang},
  booktitle={CVPR},
  pages={11794--11803},
  year={2021}
}

@article{Chen2020EveryVC,
  title={{Every View Counts}: Cross-View Consistency in 3D Object Detection with Hybrid-Cylindrical-Spherical Voxelization},
  author={Qi Chen and Lin Sun and Ernest C. H. Cheung and A. Yuille},
  journal={NeurIPS},
  year={2020}
}


@inproceedings{Xu2021FusionPaintingMF,
  title={Fusionpainting: Multimodal fusion with adaptive attention for 3d object detection},
  author={Xu, Shaoqing and Zhou, Dingfu and Fang, Jin and Yin, Junbo and Bin, Zhou and Zhang, Liangjun},
  booktitle={ITSC},
  pages={3047--3054},
  year={2021},
  organization={IEEE}
}

@article{Mao2021VoxelTF,
  title={Voxel Transformer for 3D Object Detection},
  author={Jiageng Mao and Yujing Xue and Minzhe Niu and Haoyue Bai and Jiashi Feng and Xiaodan Liang and Hang Xu and Chunjing Xu},
  journal={ICCV},
  year={2021}
}

@article{Sheng2021Improving3O,
  title={Improving 3D Object Detection with Channel-wise Transformer},
  author={Hualian Sheng and Sijia Cai and Yuan Liu and Bing Deng and Jianqiang Huang and Xiansheng Hua and Min-Jian Zhao},
  journal={ICCV},
  year={2021},
}

@inproceedings{Shin2019RoarNetAR,
  title={Roarnet: A robust 3d object detection based on region approximation refinement},
  author={Shin, Kiwoo and Kwon, Youngwook Paul and Tomizuka, Masayoshi},
  booktitle={IV},
  pages={2510--2515},
  year={2019},
  organization={IEEE}
}

@article{Qi2020ImVoteNetB3,
  title={{ImVoteNet}: Boosting 3D Object Detection in Point Clouds With Image Votes},
  author={C. Qi and Xinlei Chen and O. Litany and L. Guibas},
  journal={CVPR},
  year={2020},
}


@inproceedings{Yoo20203DCVFGJ,
  title={3d-cvf: Generating joint camera and lidar features using cross-view spatial feature fusion for 3d object detection},
  author={Yoo, Jin Hyeok and Kim, Yecheol and Kim, Jisong and Choi, Jun Won},
  booktitle={ECCV},
  pages={720--736},
  year={2020},
  organization={Springer}
}

@article{Huang2020EPNetEP,
  title={{EPNet}: Enhancing Point Features with Image Semantics for 3D Object Detection},
  author={Tengteng Huang and Zhe Liu and Xiwu Chen and X. Bai},
  journal={ECCV},
  year={2020}
}

@article{Xie2020PIRCNNAE,
  title={{PI-RCNN}: An Efficient Multi-sensor 3D Object Detector with Point-based Attentive Cont-conv Fusion Module},
  author={Liang Xie and Chao Xiang and Zhengxu Yu and Guodong Xu and Zheng Yang and Deng Cai and Xiaofei He},
  journal={AAAI},
  year={2020}
}

@article{Liang2019MultiTaskMF,
  title={Multi-Task Multi-Sensor Fusion for 3D Object Detection},
  author={Ming Liang and Binh Yang and Yun Chen and Rui Hu and R. Urtasun},
  journal={CVPR},
  year={2019},
}

@inproceedings{Chen2017Multiview3O,
  title={Multi-view 3D Object Detection Network for Autonomous Driving},
  author={Xiaozhi Chen and Huimin Ma and Jixiang Wan and B. Li and Tian Xia},
  booktitle={CVPR},
  year={2017},
}

@article{Ku2018Joint3P,
  title={Joint 3D Proposal Generation and Object Detection from View Aggregation},
  author={Jason Ku and Melissa Mozifian and Jungwook Lee and Ali Harakeh and Steven L. Waslander},
  journal={IROS},
  year={2018},
}

@article{Liang2018DeepCF,
  title={Deep Continuous Fusion for Multi-sensor 3D Object Detection},
  author={Ming Liang and Binh Yang and Shenlong Wang and R. Urtasun},
  journal={ECCV},
  year={2018}
}

@article{misra20213detr,
    title={{An End-to-End Transformer Model for 3D Object Detection}},
    author={Misra, Ishan and Girdhar, Rohit and Joulin, Armand},
    journal={ICCV},
    year={2021},
}


@inproceedings{Qi2018FrustumPF,
  title={Frustum pointnets for 3d object detection from rgb-d data},
  author={Qi, Charles R and Liu, Wei and Wu, Chenxia and Su, Hao and Guibas, Leonidas J},
  booktitle={CVPR},
  pages={918--927},
  year={2018}
}

@inproceedings{zeng2022lift,
  title={Lift: Learning 4d lidar image fusion transformer for 3d object detection},
  author={Zeng, Yihan and Zhang, Da and Wang, Chunwei and Miao, Zhenwei and Liu, Ting and Zhan, Xin and Hao, Dayang and Ma, Chao},
  booktitle={CVPR},
  pages={17172--17181},
  year={2022}
}

@article{jiao2022msmdfusion,
  title={MSMDFusion: Fusing LiDAR and Camera at Multiple Scales with Multi-Depth Seeds for 3D Object Detection},
  author={Jiao, Yang and Jie, Zequn and Chen, Shaoxiang and Chen, Jingjing and Wei, Xiaolin and Ma, Lin and Jiang, Yu-Gang},
  journal={arXiv preprint arXiv:2209.03102},
  year={2022}
}

@article{Zhou2019IoULF,
  title={IoU Loss for 2D/3D Object Detection},
  author={Dingfu Zhou and Jin Fang and Xibin Song and Chenye Guan and Junbo Yin and Yuchao Dai and Ruigang Yang},
  journal={3DV},
  year={2019},
}

@article{Yang20213DMAN3M,
  title={{3D-MAN}: 3D Multi-frame Attention Network for Object Detection},
  author={Zetong Yang and Yin Zhou and Zhifeng Chen and Jiquan Ngiam},
  journal={CVPR},
  year={2021}
}

@article{Zhao2021LIFSegLA,
  title={{LIF-Seg}: LiDAR and Camera Image Fusion for 3D LiDAR Semantic Segmentation},
  author={Lin Zhao and Hui Zhou and Xinge Zhu and Xiao Song and Hongsheng Li and Wenbing Tao},
  journal={arXiv},
  year={2021},
}

@article{jiang2023symphonize,
  title={Symphonize 3d semantic scene completion with contextual instance queries},
  author={Jiang, Haoyi and Cheng, Tianheng and Gao, Naiyu and Zhang, Haoyang and Liu, Wenyu and Wang, Xinggang},
  journal={CVPR},
  year={2024}
}

@inproceedings{Wang2020PillarbasedOD,
  title={Pillar-based Object Detection for Autonomous Driving},
  author={Yue Wang and Alireza Fathi and Abhijit Kundu and David A. Ross and Caroline Pantofaru and Thomas A. Funkhouser and Justin M. Solomon},
  booktitle={ECCV},
  year={2020}
}

@article{Li2021LiDARRA,
  title={{LiDAR R-CNN}: An Efficient and Universal 3D Object Detector},
  author={Zhichao Li and Feng Wang and Naiyan Wang},
  journal={CVPR},
  year={2021},
}

@article{lu2023towards,
  title={Towards Generalizable Multi-Camera 3D Object Detection via Perspective Debiasing},
  author={Lu, Hao and Zhang, Yunpeng and Lian, Qing and Du, Dalong and Chen, Yingcong},
  journal={arXiv preprint arXiv:2310.11346},
  year={2023}
}

@article{lu2024scaling,
  title={Scaling Multi-Camera 3D Object Detection through Weak-to-Strong Eliciting},
  author={Lu, Hao and Tang, Jiaqi and Xu, Xinli and Cao, Xu and Zhang, Yunpeng and Wang, Guoqing and Du, Dalong and Chen, Hao and Chen, Yingcong},
  journal={arXiv preprint arXiv:2404.06700},
  year={2024}
}

@article{tang2024sparseocc,
  title={SparseOcc: Rethinking Sparse Latent Representation for Vision-Based Semantic Occupancy Prediction},
  author={Tang, Pin and Wang, Zhongdao and Wang, Guoqing and Zheng, Jilai and Ren, Xiangxuan and Feng, Bailan and Ma, Chao},
  journal={arXiv preprint arXiv:2404.09502},
  year={2024}
}

@inproceedings{behley2019semantickitti,
  title={Semantickitti: A dataset for semantic scene understanding of lidar sequences},
  author={Behley, Jens and Garbade, Martin and Milioto, Andres and Quenzel, Jan and Behnke, Sven and Stachniss, Cyrill and Gall, Jurgen},
  booktitle={ICCV},
  pages={9297--9307},
  year={2019}
}

%%%%%%%%%%%%%%%%%%%%%%%%%%%%%%%%%%%%%%%%
% dataset

@inproceedings{caesar2020nuscenes,
  title={nuscenes: A multimodal dataset for autonomous driving},
  author={Caesar, Holger and Bankiti, Varun and Lang, Alex H and Vora, Sourabh and Liong, Venice Erin and Xu, Qiang and Krishnan, Anush and Pan, Yu and Baldan, Giancarlo and Beijbom, Oscar},
  booktitle={CVPR},
  pages={11621--11631},
  year={2020}
}

@misc{mmdet3d2020,
    title={{MMDetection3D: OpenMMLab} next-generation platform for general {3D} object detection},
    author={MMDetection3D Contributors},
    howpublished = {\url{https://github.com/open-mmlab/mmdetection3d}},
    year={2020}
}

@article{paszke2017automatic,
  title={Automatic differentiation in PyTorch},
  author={Paszke, Adam and Gross, Sam and Chintala, Soumith and Chanan, Gregory and Yang, Edward and DeVito, Zachary and Lin, Zeming and Desmaison, Alban and Antiga, Luca and Lerer, Adam},
  journal={NeurIPS-W},
  year={2017}
}

@inproceedings{ji2023ddp,
  title={Ddp: Diffusion model for dense visual prediction},
  author={Ji, Yuanfeng and Chen, Zhe and Xie, Enze and Hong, Lanqing and Liu, Xihui and Liu, Zhaoqiang and Lu, Tong and Li, Zhenguo and Luo, Ping},
  booktitle={ICCV},
  pages={21741--21752},
  year={2023}
}

@inproceedings{nichol2021improved,
  title={Improved denoising diffusion probabilistic models},
  author={Nichol, Alexander Quinn and Dhariwal, Prafulla},
  booktitle={ICML},
  pages={8162--8171},
  year={2021},
  organization={PMLR}
}

@inproceedings{hu2023planning,
  title={Planning-oriented autonomous driving},
  author={Hu, Yihan and Yang, Jiazhi and Chen, Li and Li, Keyu and Sima, Chonghao and Zhu, Xizhou and Chai, Siqi and Du, Senyao and Lin, Tianwei and Wang, Wenhai and others},
  booktitle={CVPR},
  pages={17853--17862},
  year={2023}
}

@article{loquercio2020general,
  title={A general framework for uncertainty estimation in deep learning},
  author={Loquercio, Antonio and Segu, Mattia and Scaramuzza, Davide},
  journal={IEEE Robotics and Automation Letters},
  volume={5},
  number={2},
  pages={3153--3160},
  year={2020},
  publisher={IEEE}
}

@inproceedings{harakeh2020bayesod,
  title={Bayesod: A bayesian approach for uncertainty estimation in deep object detectors},
  author={Harakeh, Ali and Smart, Michael and Waslander, Steven L},
  booktitle={ICRA},
  pages={87--93},
  year={2020},
  organization={IEEE}
}

@article{kingma2014adam,
  title={Adam: A method for stochastic optimization},
  author={Kingma, Diederik P and Ba, Jimmy},
  journal={arXiv preprint arXiv:1412.6980},
  year={2014}
}

@inproceedings{berman2018lovasz,
  title={The lov{\'a}sz-softmax loss: A tractable surrogate for the optimization of the intersection-over-union measure in neural networks},
  author={Berman, Maxim and Triki, Amal Rannen and Blaschko, Matthew B},
  booktitle={CVPR},
  pages={4413--4421},
  year={2018}
}

@inproceedings{jia2023driveadapter,
  title={Driveadapter: Breaking the coupling barrier of perception and planning in end-to-end autonomous driving},
  author={Jia, Xiaosong and Gao, Yulu and Chen, Li and Yan, Junchi and Liu, Patrick Langechuan and Li, Hongyang},
  booktitle={CVPR},
  pages={7953--7963},
  year={2023}
}

@inproceedings{wang2023openoccupancy,
  title={Openoccupancy: A large scale benchmark for surrounding semantic occupancy perception},
  author={Wang, Xiaofeng and Zhu, Zheng and Xu, Wenbo and Zhang, Yunpeng and Wei, Yi and Chi, Xu and Ye, Yun and Du, Dalong and Lu, Jiwen and Wang, Xingang},
  booktitle={ICCV},
  pages={17850--17859},
  year={2023}
}

@inproceedings{huang2023tri,
  title={Tri-perspective view for vision-based 3d semantic occupancy prediction},
  author={Huang, Yuanhui and Zheng, Wenzhao and Zhang, Yunpeng and Zhou, Jie and Lu, Jiwen},
  booktitle={CVPR},
  pages={9223--9232},
  year={2023}
}

@article{goodfellow2014generative,
  title={Generative adversarial nets},
  author={Goodfellow, Ian and Pouget-Abadie, Jean and Mirza, Mehdi and Xu, Bing and Warde-Farley, David and Ozair, Sherjil and Courville, Aaron and Bengio, Yoshua},
  journal={NeurIPS},
  volume={27},
  year={2014}
}

@inproceedings{ronneberger2015u,
  title={U-net: Convolutional networks for biomedical image segmentation},
  author={Ronneberger, Olaf and Fischer, Philipp and Brox, Thomas},
  booktitle={MICCAI},
  pages={234--241},
  year={2015},
  organization={Springer}
}

@article{saxena2023monocular,
  title={Monocular depth estimation using diffusion models},
  author={Saxena, Saurabh and Kar, Abhishek and Norouzi, Mohammad and Fleet, David J},
  journal={arXiv preprint arXiv:2302.14816},
  year={2023}
}

@InProceedings{Zhang_2023_ICCV,
    author    = {Zhang, Yunpeng and Zhu, Zheng and Du, Dalong},
    title     = {OccFormer: Dual-path Transformer for Vision-based 3D Semantic Occupancy Prediction},
    booktitle = {ICCV},
    year      = {2023},
    pages     = {9433-9443}
}


@inproceedings{sketch,
  title={3d sketch-aware semantic scene completion via semi-supervised structure prior},
  author={Chen, Xiaokang and Lin, Kwan-Yee and Qian, Chen and Zeng, Gang and Li, Hongsheng},
  booktitle={CVPR},
  pages={4193--4202},
  year={2020}
}




@inproceedings{aicnet,
  title={Anisotropic convolutional networks for 3d semantic scene completion},
  author={Li, Jie and Han, Kai and Wang, Peng and Liu, Yu and Yuan, Xia},
  booktitle={CVPR},
  pages={3351--3359},
  year={2020}
}

@inproceedings{lmscnet,
  title={Lmscnet: Lightweight multiscale 3d semantic completion},
  author={Roldao, Luis and de Charette, Raoul and Verroust-Blondet, Anne},
  booktitle={3DV},
  year={2020},
}

@inproceedings{song2017semantic,
  title={Semantic scene completion from a single depth image},
  author={Song, Shuran and Yu, Fisher and Zeng, Andy and Chang, Angel X and Savva, Manolis and Funkhouser, Thomas},
  booktitle={CVPR},
  pages={1746--1754},
  year={2017}
}

@inproceedings{li2023voxformer,
  title={Voxformer: Sparse voxel transformer for camera-based 3d semantic scene completion},
  author={Li, Yiming and Yu, Zhiding and Choy, Christopher and Xiao, Chaowei and Alvarez, Jose M and Fidler, Sanja and Feng, Chen and Anandkumar, Anima},
  booktitle={CVPR},
  pages={9087--9098},
  year={2023}
}

@article{jang2016categorical,
  title={Categorical reparameterization with gumbel-softmax},
  author={Jang, Eric and Gu, Shixiang and Poole, Ben},
  journal={arXiv preprint arXiv:1611.01144},
  year={2016}
}

@inproceedings{tong2023scene,
  title={Scene as occupancy},
  author={Tong, Wenwen and Sima, Chonghao and Wang, Tai and Chen, Li and Wu, Silei and Deng, Hanming and Gu, Yi and Lu, Lewei and Luo, Ping and Lin, Dahua and others},
  booktitle={ICCV},
  pages={8406--8415},
  year={2023}
}

@article{tian2023occ3d,
  title={Occ3d: A large-scale 3d occupancy prediction benchmark for autonomous driving},
  author={Tian, Xiaoyu and Jiang, Tao and Yun, Longfei and Wang, Yue and Wang, Yilun and Zhao, Hang},
  journal={arXiv preprint arXiv:2304.14365},
  year={2023}
}

@inproceedings{wei2023surroundocc,
  title={Surroundocc: Multi-camera 3d occupancy prediction for autonomous driving},
  author={Wei, Yi and Zhao, Linqing and Zheng, Wenzhao and Zhu, Zheng and Zhou, Jie and Lu, Jiwen},
  booktitle={ICCV},
  pages={21729--21740},
  year={2023}
}

@inproceedings{js3cnet,
  title={Sparse single sweep lidar point cloud segmentation via learning contextual shape priors from scene completion},
  author={Yan, Xu and Gao, Jiantao and Li, Jie and Zhang, Ruimao and Li, Zhen and Huang, Rui and Cui, Shuguang},
  booktitle={AAAI},
  volume={35},
  number={4},
  pages={3101--3109},
  year={2021}
}

@inproceedings{
zhu2021deformable,
title={Deformable DETR: Deformable Transformers for End-to-End Object Detection},
author={Xizhou Zhu and Weijie Su and Lewei Lu and Bin Li and Xiaogang Wang and Jifeng Dai},
booktitle={ICLR},
year={2021},
url={https://openreview.net/forum?id=gZ9hCDWe6ke}
}

@inproceedings{cao2022monoscene,
  title={Monoscene: Monocular 3d semantic scene completion},
  author={Cao, Anh-Quan and de Charette, Raoul},
  booktitle={CVPR},
  pages={3991--4001},
  year={2022}
}

@inproceedings{adam,
  author    = {Diederik P. Kingma and
               Jimmy Ba},
  title     = {Adam: {A} Method for Stochastic Optimization},
  booktitle = {ICLR},
  year      = {2015},
}

@inproceedings{sohl2015deep,
  title={Deep unsupervised learning using nonequilibrium thermodynamics},
  author={Sohl-Dickstein, Jascha and Weiss, Eric and Maheswaranathan, Niru and Ganguli, Surya},
  booktitle={ICML},
  pages={2256--2265},
  year={2015},
  organization={PMLR}
}

@article{ho2020denoising,
  title={Denoising diffusion probabilistic models},
  author={Ho, Jonathan and Jain, Ajay and Abbeel, Pieter},
  journal={NeurIPS},
  volume={33},
  pages={6840--6851},
  year={2020}
}

@article{song2020denoising,
  title={Denoising diffusion implicit models},
  author={Song, Jiaming and Meng, Chenlin and Ermon, Stefano},
  journal={arXiv preprint arXiv:2010.02502},
  year={2020}
}

@article{nichol2021glide,
  title={Glide: Towards photorealistic image generation and editing with text-guided diffusion models},
  author={Nichol, Alex and Dhariwal, Prafulla and Ramesh, Aditya and Shyam, Pranav and Mishkin, Pamela and McGrew, Bob and Sutskever, Ilya and Chen, Mark},
  journal={arXiv preprint arXiv:2112.10741},
  year={2021}
}

@article{amit2021segdiff,
  title={Segdiff: Image segmentation with diffusion probabilistic models},
  author={Amit, Tomer and Nachmani, Eliya and Shaharbany, Tal and Wolf, Lior},
  journal={arXiv preprint arXiv:2112.00390},
  year={2021}
}
@article{chen2022generalist,
  title={A generalist framework for panoptic segmentation of images and videos},
  author={Chen, Ting and Li, Lala and Saxena, Saurabh and Hinton, Geoffrey and Fleet, David J},
  journal={arXiv preprint arXiv:2210.06366},
  year={2022}
}

@article{saxena2023depthgen,
  title={Monocular Depth Estimation using Diffusion Models},
  author={Saurabh Saxena and Abhishek Kar and Mohammad Norouzi and David J. Fleet},
  journal={arXiv preprint arXiv:2302.14816},
  year={2023}
}

@inproceedings{chen2023diffusiondet,
  title={Diffusiondet: Diffusion model for object detection},
  author={Chen, Shoufa and Sun, Peize and Song, Yibing and Luo, Ping},
  booktitle={ICCV},
  pages={19830--19843},
  year={2023}
}

@article{wu2022medsegdiff,
  title={MedSegDiff: Medical Image Segmentation with Diffusion Probabilistic Model},
  author={Wu, Junde and Fang, Huihui and Zhang, Yu and Yang, Yehui and Xu, Yanwu},
  journal={arXiv preprint arXiv:2211.00611},
  year={2022}
}
@inproceedings{wolleb2022diffusion,
  title={Diffusion models for implicit image segmentation ensembles},
  author={Wolleb, Julia and Sandk{\"u}hler, Robin and Bieder, Florentin and Valmaggia, Philippe and Cattin, Philippe C},
  booktitle={MIDL},
  pages={1336--1348},
  year={2022}
}

@inproceedings{saharia2022palette,
  title={Palette: Image-to-image diffusion models},
  author={Saharia, Chitwan and Chan, William and Chang, Huiwen and Lee, Chris and Ho, Jonathan and Salimans, Tim and Fleet, David and Norouzi, Mohammad},
  booktitle={SIGGRAPH},
  pages={1--10},
  year={2022}
}

@article{kingma2013auto,
  title={Auto-encoding variational bayes},
  author={Kingma, Diederik P and Welling, Max},
  journal={arXiv preprint arXiv:1312.6114},
  year={2013}
}

@inproceedings{rombach2022high,
  title={High-resolution image synthesis with latent diffusion models},
  author={Rombach, Robin and Blattmann, Andreas and Lorenz, Dominik and Esser, Patrick and Ommer, Bj{\"o}rn},
  booktitle={CVPR},
  pages={10684--10695},
  year={2022}
}


@inproceedings{geiger2012we,
  title={Are we ready for autonomous driving? the kitti vision benchmark suite},
  author={Geiger, Andreas and Lenz, Philip and Urtasun, Raquel},
  booktitle={CVPR},
  pages={3354--3361},
  year={2012}
}

@article{karras2020nonleaky,
  title={Training generative adversarial networks with limited data},
  author={Karras, Tero and Aittala, Miika and Hellsten, Janne and Laine, Samuli and Lehtinen, Jaakko and Aila, Timo},
  journal={Advances in neural information processing systems},
  volume={33},
  pages={12104--12114},
  year={2020}
}


@inproceedings{Sun2020ScalabilityIP,
  title={Scalability in perception for autonomous driving: Waymo open dataset},
  author={Sun, Pei and Kretzschmar, Henrik and Dotiwalla, Xerxes and Chouard, Aurelien and Patnaik, Vijaysai and Tsui, Paul and Guo, James and Zhou, Yin and Chai, Yuning and Caine, Benjamin and others},
  booktitle={CVPR},
  pages={2446--2454},
  year={2020}
}

@article{Liu2021SuppressandRefineFF,
  title={Suppress-and-Refine Framework for End-to-End 3D Object Detection},
  author={Zili Liu and Guodong Xu and Honghui Yang and Minghao Chen and Kuoliang Wu and Zheng Yang and Haifeng Liu and Deng Cai},
  journal={arXiv},
  year={2021}
}

@article{Wang2021ObjectD3,
  title={{Object DGCNN}: 3D Object Detection using Dynamic Graphs},
  author={Yue Wang and Justin Solomon},
  journal={NeurIPS},
  year={2021}
}

@article{Zhang2020MultiModalityCA,
  title={Multi-Modality Cut and Paste for 3D Object Detection},
  author={Wenwei Zhang and Zhe Wang and Chen Change Loy},
  journal={arXiv},
  year={2020},
}


@article{Yin2021MVP,
  title={Multimodal virtual point 3d detection},
  author={Yin, Tianwei and Zhou, Xingyi and Kr{\"a}henb{\"u}hl, Philipp},
  journal={NeurIPS},
  volume={34},
  pages={16494--16507},
  year={2021}
}

@article{Fan2021RangeDetID,
  title={{RangeDet}: In Defense of Range View for LiDAR-based 3D Object Detection},
  author={Lue Fan and Xuan Xiong and Feng Wang and Naiyan Wang and Zhaoxiang Zhang},
  journal={ICCV},
  year={2021},
}

@article{Sun2021RSNRS,
  title={{RSN}: Range Sparse Net for Efficient, Accurate LiDAR 3D Object Detection},
  author={Pei Sun and Weiyue Wang and Yuning Chai and Gamaleldin F. Elsayed and Alex Bewley and Xiao Zhang and Cristian Sminchisescu and Drago Anguelov},
  journal={CVPR},
  year={2021},
}


@article{Zeng2021AlphaTrack,
  title={Cross-Modal 3D Object Detection and Tracking for Auto-Driving},
  author={Yihan Zeng and Chao Ma and Ming Zhu and Zhiming Fan and Xiaokang Yang},
  journal={IROS},
  year={2021},
}

@article{Kim2021EagerMOT3M,
  title={{EagerMOT}: 3D Multi-Object Tracking via Sensor Fusion},
  author={Aleksandr Kim and Aljosa Osep and Laura Leal-Taix{\'e}},
  journal={ICRA},
  year={2021},
}

@article{Ngiam2019StarNetTC,
  title={StarNet: Targeted Computation for Object Detection in Point Clouds},
  author={Jiquan Ngiam and Benjamin Caine and Wei Han and Brandon Yang and Yuning Chai and Pei Sun and Yin Zhou and Xinyu Yi and Ouais Alsharif and Patrick Nguyen and Z. Chen and Jonathon Shlens and Vijay Vasudevan},
  journal={arXiv},
  year={2019},
}

@article{Meyer2019SensorFF,
  title={Sensor Fusion for Joint 3D Object Detection and Semantic Segmentation},
  author={Gregory P. Meyer and Jake Charland and Darshan Hegde and Ankita Gajanan Laddha and Carlos Vallespi-Gonzalez},
  journal={CVPRW},
  year={2019},
}

@article{chen2022futr3d,
  title={Futr3d: A unified sensor fusion framework for 3d detection},
  author={Chen, Xuanyao and Zhang, Tianyuan and Wang, Yue and Wang, Yilun and Zhao, Hang},
  journal={arXiv preprint arXiv:2203.10642},
  year={2022}
}

@inproceedings{yang2022deepinteraction,
  title={DeepInteraction: 3D Object Detection via Modality Interaction},
  author={Yang, Zeyu and Chen, Jiaqi and Miao, Zhenwei and Li, Wei and Zhu, Xiatian and Zhang, Li},
  booktitle={NeurIPS},
  year={2022}
}

%%%%%%%%%%%%%%%%%%%%%%%%%%%%%%%%%%%%%%%%
% others

@article{Sarlin2020SuperGlueLF,
  title={{SuperGlue}: Learning Feature Matching With Graph Neural Networks},
  author={Paul-Edouard Sarlin and Daniel DeTone and Tomasz Malisiewicz and Andrew Rabinovich},
  journal={CVPR},
  year={2020},
}


@article{Sun2021LoFTRDL,
  title={{LoFTR}: Detector-Free Local Feature Matching with Transformers},
  author={Jiaming Sun and Zehong Shen and Yuang Wang and Hujun Bao and Xiaowei Zhou},
  journal={CVPR},
  year={2021}
}

@article{Roddick2019OrthographicFT,
  title={Orthographic Feature Transform for Monocular 3D Object Detection},
  author={Thomas Roddick and Alex Kendall and R. Cipolla},
  journal={BMVC},
  year={2019}
}

@article{Roddick2020PredictingSM,
  title={Predicting Semantic Map Representations From Images Using Pyramid Occupancy Networks},
  author={Thomas Roddick and R. Cipolla},
  journal={CVPR},
  year={2020},
}


@inproceedings{Philion2020LiftSS,
  title={Lift, splat, shoot: Encoding images from arbitrary camera rigs by implicitly unprojecting to 3d},
  author={Philion, Jonah and Fidler, Sanja},
  booktitle={ECCV},
  pages={194--210},
  year={2020},
  organization={Springer}
}

@article{Loshchilov2019DecoupledWD,
  title={Decoupled Weight Decay Regularization},
  author={I. Loshchilov and F. Hutter},
  journal={ICLR},
  year={2019}
}


@article{Srivastava2014DropoutAS,
  title={Dropout: a simple way to prevent neural networks from overfitting},
  author={Nitish Srivastava and Geoffrey E. Hinton and A. Krizhevsky and Ilya Sutskever and R. Salakhutdinov},
  journal={J. Mach. Learn. Res.},
  year={2014},
}

@article{Cai2018CascadeRD,
  title={{Cascade R-CNN}: {D}elving {I}nto {H}igh {Q}uality {O}bject {D}etection},
  author={Zhaowei Cai and Nuno Vasconcelos},
  journal={CVPR},
  year={2018},
}

@article{Chen2019HybridTC,
  title={Hybrid {T}ask {C}ascade for {I}nstance {S}egmentation},
  author={Kai Chen and Jiangmiao Pang and Jiaqi Wang and Yu Xiong and Xiaoxiao Li and Shuyang Sun and Wansen Feng and Ziwei Liu and Jianping Shi and Wanli Ouyang and Chen Change Loy and Dahua Lin},
  journal={CVPR},
  year={2019},
}

@inproceedings{liu2022bevfusion,
  title={BEVFusion: Multi-Task Multi-Sensor Fusion with Unified Bird's-Eye View Representation},
  author={Liu, Zhijian and Tang, Haotian and Amini, Alexander and Yang, Xingyu and Mao, Huizi and Rus, Daniela and Han, Song},
  booktitle={ICRA},
  year={2023}
}

@inproceedings{zhang2020polarnet,
  title={Polarnet: An improved grid representation for online lidar point clouds semantic segmentation},
  author={Zhang, Yang and Zhou, Zixiang and David, Philip and Yue, Xiangyu and Xi, Zerong and Gong, Boqing and Foroosh, Hassan},
  booktitle={CVPR},
  pages={9601--9610},
  year={2020}
}

@inproceedings{zhu2021cylindrical,
  title={Cylindrical and asymmetrical 3d convolution networks for lidar segmentation},
  author={Zhu, Xinge and Zhou, Hui and Wang, Tai and Hong, Fangzhou and Ma, Yuexin and Li, Wei and Li, Hongsheng and Lin, Dahua},
  booktitle={CVPR},
  pages={9939--9948},
  year={2021}
}


@inproceedings{liang2022bevfusion,
  title={BEVFusion: A Simple and Robust LiDAR-Camera Fusion Framework},
  author={Tingting Liang and Hongwei Xie and Kaicheng Yu and Zhongyu Xia and Zhiwei Lin and Yongtao Wang and Tao Tang and Bing Wang and Zhi Tang},
  booktitle={NeurIPS},
  year={2022}
}

@inproceedings{bai2022transfusion,
  title={Transfusion: Robust lidar-camera fusion for 3d object detection with transformers},
  author={Bai, Xuyang and Hu, Zeyu and Zhu, Xinge and Huang, Qingqiu and Chen, Yilun and Fu, Hongbo and Tai, Chiew-Lan},
  booktitle={CVPR},
  pages={1090--1099},
  year={2022}
}

@article{li2022bevdepth,
  title={Bevdepth: Acquisition of reliable depth for multi-view 3d object detection},
  author={Li, Yinhao and Ge, Zheng and Yu, Guanyi and Yang, Jinrong and Wang, Zengran and Shi, Yukang and Sun, Jianjian and Li, Zeming},
  journal={arXiv preprint arXiv:2206.10092},
  year={2022}
}

@inproceedings{li2022bevformer,
  title={Bevformer: Learning bird’s-eye-view representation from multi-camera images via spatiotemporal transformers},
  author={Li, Zhiqi and Wang, Wenhai and Li, Hongyang and Xie, Enze and Sima, Chonghao and Lu, Tong and Qiao, Yu and Dai, Jifeng},
  booktitle={ECCV},
  pages={1--18},
  year={2022},
  organization={Springer}
}

@article{bevdet,
  title={Bevdet: High-performance multi-camera 3d object detection in bird-eye-view},
  author={Huang, Junjie and Huang, Guan and Zhu, Zheng and Du, Dalong},
  journal={arXiv preprint arXiv:2112.11790},
  year={2021}
}

@inproceedings{lin2004rouge,
  title     = {{ROUGE}: A Package for Automatic Evaluation of Summaries},
  author    = {Lin, Chin-Yew},
  booktitle = {Text Summarization Branches Out: Proceedings of the ACL-04 Workshop},
  pages     = {74--81},
  year      = {2004},
  organization = {Association for Computational Linguistics}
}

@inproceedings{vedantam2015cider,
  title     = {{CIDEr}: Consensus-based Image Description Evaluation},
  author    = {Vedantam, Ramakrishna and Zitnick, C. Lawrence and Parikh, Devi},
  booktitle = {Proceedings of the IEEE Conference on Computer Vision and Pattern Recognition (CVPR)},
  pages     = {4566--4575},
  year      = {2015},
  organization = {IEEE}
}

@article{openai2023gpt4,
  title     = {{GPT-4} Technical Report},
  author    = {OpenAI},
  journal   = {arXiv preprint arXiv:2303.08774},
  year      = {2023},
  url       = {https://arxiv.org/abs/2303.08774}
}


@inproceedings{liu2021swin,
  title={Swin transformer: Hierarchical vision transformer using shifted windows},
  author={Liu, Ze and Lin, Yutong and Cao, Yue and Hu, Han and Wei, Yixuan and Zhang, Zheng and Lin, Stephen and Guo, Baining},
  booktitle={CVPR},
  pages={10012--10022},
  year={2021}
}

@inproceedings{lin2017feature,
  title={Feature pyramid networks for object detection},
  author={Lin, Tsung-Yi and Doll{\'a}r, Piotr and Girshick, Ross and He, Kaiming and Hariharan, Bharath and Belongie, Serge},
  booktitle={CVPR},
  pages={2117--2125},
  year={2017}
}

@inproceedings{graham20183d,
  title={3d semantic segmentation with submanifold sparse convolutional networks},
  author={Graham, Benjamin and Engelcke, Martin and Van Der Maaten, Laurens},
  booktitle={CVPR},
  pages={9224--9232},
  year={2018}
}