@article{b32,
  title={Opportunities for neuromorphic computing algorithms and applications},
  author={Schuman, Catherine D and Kulkarni, Shruti R and Parsa, Maryam and Mitchell, J Parker and Kay, Bill and others},
  journal={Nature Computational Science},
  volume={2},
  number={1},
  pages={10--19},
  year={2022},
  publisher={Nature Publishing Group}
}

@techreport{b35,
  title={Low Precision and Efficient Programming Languages for Sustainable AI: Final Report for the Summer Project of 2024},
  author={de Oliveira Silva, Jo{\~a}o Vitor and Tahmid, Tokey and da Silva Pereira, Weslley},
  year={2024},
  institution={National Renewable Energy Laboratory (NREL), Golden, CO (United States)}
}

