

@article{b1
,author={Yamazaki, K. and Vo-Ho, V. K. and Bulsara, D. and Le, N.}
,year=2022
,title={Spiking neural networks and their applications: A review}
,journal={Brain Sciences}
,volume=12
,number=7
,pages=863
}

@inproceedings{b2
,author={Cuevas-Arteaga, B. and Dominguez-Morales, J. P. and
  Rostro-Gonzalez, H. and Espinal, A. and Jimenez-Fernandez, A. F.
    and Gomez-Rodriguez, F. and Linares-Barranco, A.}
,year=2017
,title={A {SpiNNaker} application: design, implementation and validation
  of {SCPGs}}
,booktitle={In Advances in Computational Intelligence: 14th International Work-Conference on Artificial Neural Networks, IWANN 2017, Proceedings, Part I}
,address={Cadiz, Spain}
,month={June 14-16}
,volume=14
,pages={548-559}
,publisher={Springer International Publishing}
}

@article{b3
,author={Strohmer, B. and Manoonpong, P. and Larsen, L. B.}
,year=2020
,title={Flexible spiking {CPGs} for online manipulation during hexapod walking}
,journal={Frontiers in Neurorobotics}
,volume=14
,number=41
}

@article{b4
,author={Furber, S. B. and Galluppi, F. and Temple, S. and Plana, L. A.}
,year=2014
,title={The {SpiNNaker} project}
,journal={Proceedings of the IEEE}
,volume=102
,number=5
,pages={652-665}
}

@inproceedings{b5
,author={Donati, E. and Corradi, F. and Stefanini, C. and Indiveri, G.}
,year=2014
,month={October}
,title={A spiking implementation of the lamprey's Central Pattern
  Generator in neuromorphic {VLSI}}
,booktitle={2014 IEEE Biomedical Circuits and Systems Conference
  (BioCAS) Proceedings}
,pages={512-515}
,publisher={IEEE}
}

@article{b6
,author={Angelidis, E. and Buchholz, E. and Arreguit, J. and Rougé, A.
  and Stewart, T. and von Arnim, A. and Ijspeert, A.}
,year=2021
,title={A spiking central pattern generator for the control of a
  simulated lamprey robot running on {SpiNNaker} and {Loihi}
  neuromorphic boards}
,journal={Neuromorphic Computing and Engineering}
,volume=1
,number=1
,pages=014005
}

@inproceedings{b7
,author={Dupeyroux, J. and Hagenaars, J. J. and Paredes-Vallés, F. and
  de Croon, G. C.}
,year=2021
,month={May}
,title={Neuromorphic control for optic-flow-based landing of {MAVs}
  using the {Loihi} processor}
,booktitle={2021 IEEE International Conference on Robotics and
  Automation (ICRA)}
,pages={96-102}
,publisher={IEEE}
}

@inproceedings{b8
,author={Stagsted, R. K. and Vitale, A. and Renner, A. and Larsen, L. B.
  and Christensen, A. L. and Sandamirskaya, Y.}
,year=2020
,month={October}
,title={Event-based {PID} controller fully realized in neuromorphic
  hardware: A one {DoF} study}
,booktitle={2020 IEEE/RSJ international conference on intelligent robots
  and systems (IROS)}
,pages={10939-10944}
,publisher={IEEE}
}

@inproceedings{b9
,author={Galluppi, F. and Conradt, J. and Stewart, T. and Eliasmith, C.  and Horiuchi, T. and Tapson, J. and Etienne-Cummings, R.}
,year=2012
,month={November}
,title={Live Demo: Spiking {ratSLAM}: Rat hippocampus cells in spiking
  neural hardware}
,booktitle={2012 IEEE Biomedical Circuits and Systems Conference (BioCAS)}
,pages={91-91}
,publisher={IEEE}
}

@inproceedings{b10
,author={Tang, G. and Michmizos, K. P.}
,year=2018
,month={July}
,title={Gridbot: An autonomous robot controlled by a spiking neural
  network mimicking the brain's navigational system}
,booktitle={Proceedings of the International Conference on Neuromorphic Systems}
,pages={1-8}
}

@article{b11
,author={Bing, Z. and Baumann, I. and Jiang, Z. and Huang, K. and Cai, C. and Knoll, A.}
,year=2019
,title={Supervised learning in SNN via reward-modulated spike-timing-dependent plasticity for a target reaching vehicle}
,journal={Frontiers in Neurorobotics}
,volume=13
,number=18
}

@article{b12
,author={Tang, G. and Kumar, N. and Michmizos, K. P.}
,year=2020
,title={Reinforcement co-Learning of Deep and Spiking Neural Networks
  for Energy-Efficient Mapless Navigation with Neuromorphic Hardware}
,journal={arXiv preprint}
,volume={2003.01157}
}

@inproceedings{b13
,author={Tang, G. and Kumar, N. and Yoo, R. and Michmizos, K.}
,year=2021
,month={October}
,title={Deep reinforcement learning with population-coded spiking neural
  network for continuous control}
,booktitle={Conference on Robot Learning}
,pages={2016-2029}
,note={PMLR}
}

@article{b14
,author={Lillicrap, T. P. and Hunt, J. J. and Pritzel, A. and Heess, N.
  and Erez, T. and Tassa, Y. and  Wierstra, D.}
,year=2015
,title={Continuous control with deep reinforcement learning}
,journal={arXiv preprint}
,volume={1509.02971}
}

@inproceedings{b15
,author={Fujimoto, S. and Hoof, H. and Meger, D.}
,year=2018
,month={July}
,title={Addressing function approximation error in actor-critic methods}
,booktitle={International conference on machine learning}
,pages={1587-1596}
,note={PMLR}
}

@inproceedings{b16
,author={Haarnoja, T. and Zhou, A. and Abbeel, P. and Levine, S.}
,year=2018
,month={July}
,title={Soft actor-critic: Off-policy maximum entropy deep reinforcement
  learning with a stochastic actor}
,booktitle={International conference on machine learning}
,pages={1861-1870}
,note={PMLR}
}

@article{b17
,author={Schulman, J. and Wolski, F. and Dhariwal, P. and Radford, A.
  and Klimov, O.}
,year=2017
,title={Proximal policy optimization algorithms}
,journal={arXiv preprint}
,volume={1707.06347}
}

@article{b18
,author={Davies, M. and Srinivasa and N., Lin and T. H., Chinya and G.,
  Cao and Y., Choday and S. H. and Wang, H.}
,year=2018
,title={Loihi: A neuromorphic manycore processor with on-chip learning}
,journal={IEEE Micro}
,volume=38
,number=1
,pages={82-99}
}

@techreport{b19
,author={Ramakrishnaiah, V. and Schram, M. and Suetterlein, J. and
  Flynn, T. and Fujimoto, T. and Gawande, N. and Yoo, S.}
,year=2022
,title={EXARL-Easily eXtendable Architecture for Reinforcement Learning}
,institution={Brookhaven National Lab.(BNL), Pacific Northwest National Lab.(PNNL), Los Alamos National Lab.(LANL)}
,address={Upton, NY, USA and Richland, WA, USA and Los Alamos, NM, USA}
}

@article{b20
,author={Micikevicius, P. and Narang, S. and Alben, J. and Diamos, G.
  and Elsen, E. and Garcia, D. and Wu, H.}
,year=2017
,title={Mixed precision training}
,journal={arXiv preprint}
,volume={1710.03740}
}

@article{b21
,author={Dalcin, L. and Fang, Y. L. L.}
,year=2021
,title={mpi4py: Status update after 12 years of development}
,journal={Computing in Science \& Engineering}
,volume=23
,number=4
,pages={47-54}
}

@inproceedings{b22
,author={Todorov, Emanuel and Erez, Tom and Tassa, Yuval}
,year={2012}
,title={{MuJoCo:} A physics engine for model-based control}
,organization={IEEE}
,booktitle={2012 IEEE/RSJ International Conference on Intelligent Robots and Systems}
,pages={5026--5033}
,doi={10.1109/IROS.2012.6386109}
}

@misc{b23,
author={Hill, Ashley and Raffin, Antonin and Ernestus, Maximilian and Gleave, Adam and Kanervisto, Anssi and Traore, Rene and Dhariwal, Prafulla and Hesse, Christopher and Klimov, Oleg and Nichol, Alex and Plappert, Matthias and Radford, Alec and Schulman, John and Sidor, Szymon and Wu, Yuhuai}
,title={Stable Baselines}
,year=2018
,note={{Github} repository under MIT license}
,howpublished={Repo at \url{https://github.com/hill-a/stable-baselines} and documentation at \url{https://stable-baselines.readthedocs.io/}}
}

@article{b24,
  title={The TAU parallel performance system},
  author={Shende, Sameer S and Malony, Allen D},
  journal={The International Journal of High Performance Computing Applications},
  volume={20},
  number={2},
  pages={287--311},
  year={2006},
  publisher={Sage Publications Sage CA: Thousand Oaks, CA}
}

@article{b25,
  title={A leaky integrate-and-fire laser neuron for ultrafast cognitive computing},
  author={Nahmias, Mitchell A and Shastri, Bhavin J and Tait, Alexander N and Prucnal, Paul R},
  journal={IEEE journal of selected topics in quantum electronics},
  volume={19},
  number={5},
  pages={1--12},
  year={2013},
  publisher={IEEE}
}

@article{b26,
  title={Gymnasium: A Standard Interface for Reinforcement Learning Environments},
  author={Towers, Mark and Kwiatkowski, Ariel and Terry, Jordan and Balis, John U and De Cola, Gianluca and Deleu, Tristan and Goul{\~a}o, Manuel and Kallinteris, Andreas and Krimmel, Markus and KG, Arjun and others},
  journal={arXiv preprint arXiv:2407.17032},
  year={2024}
}

@article{b27,
  title={Green artificial intelligence initiatives: Potentials and challenges},
  author={Alzoubi, Yehia Ibrahim and Mishra, Alok},
  journal={Journal of Cleaner Production},
  pages={143090},
  year={2024},
  publisher={Elsevier}
}

@article{b28,
  title={A survey of neuromorphic computing and neural networks in hardware},
  author={Schuman, Catherine D and Potok, Thomas E and Patton, Robert M and Birdwell, J Douglas and Dean, Mark E and Rose, Garrett S and Plank, James S},
  journal={arXiv preprint arXiv:1705.06963},
  year={2017}
}

@article{b29,
  title={Opportunities for neuromorphic computing algorithms and applications},
  author={Schuman, Catherine D and Kulkarni, Shruti R and Parsa, Maryam and Mitchell, J Parker and Kay, Bill and others},
  journal={Nature Computational Science},
  volume={2},
  number={1},
  pages={10--19},
  year={2022},
  publisher={Nature Publishing Group}
}

@article{b30,
  title={Neuronal population coding of movement direction},
  author={Georgopoulos, Apostolos P and Schwartz, Andrew B and Kettner, Ronald E},
  journal={Science},
  volume={233},
  number={4771},
  pages={1416--1419},
  year={1986},
  publisher={American Association for the Advancement of Science}
}

@article{b31,
  title={MPI: a standard message passing interface},
  author={Walker, David W and Dongarra, Jack J},
  journal={Supercomputer},
  volume={12},
  pages={56--68},
  year={1996},
  publisher={ASFRA BV}
}

@article{b32,
  title={Opportunities for neuromorphic computing algorithms and applications},
  author={Schuman, Catherine D and Kulkarni, Shruti R and Parsa, Maryam and Mitchell, J Parker and Kay, Bill and others},
  journal={Nature Computational Science},
  volume={2},
  number={1},
  pages={10--19},
  year={2022},
  publisher={Nature Publishing Group}
}

@inproceedings{b33,
  title={Towards Scalable and Efficient Spiking Reinforcement Learning for Continuous
    Control Tasks},
  author="{Tahmid}, Tokey and Mark Gates and Piotr Luszczek and Catherine D. Schuman",
  booktitle={Proceedings of the International Conference on Neuromorphic Systems (To appear in)},
  year={2024},
  organization={IEEE}
}

@conference{b34,
booktitle = "Low Precision for Lower Energy Consumption: Preprint",
title={Low Precision for Lower Energy Consumption: Preprint},
keywords = "energy efficiency, low-precision, mixed-precision",
author = "{da Silva Pereira}, Weslley and Joao Silva and Tokey Tahmid",
year = "2024",
language = "American English",
note = "ASCR Workshop on Energy-Efficient Computing for Science ; Conference date: 09-09-2024 Through 12-09-2024",
}

@techreport{b35,
  title={Low Precision and Efficient Programming Languages for Sustainable AI: Final Report for the Summer Project of 2024},
  author={de Oliveira Silva, Jo{\~a}o Vitor and Tahmid, Tokey and da Silva Pereira, Weslley},
  year={2024},
  institution={National Renewable Energy Laboratory (NREL), Golden, CO (United States)}
}