@article{adolf2018rosettaantibodydesign,
  title={RosettaAntibodyDesign (RAbD): A general framework for computational antibody design},
  author={Adolf-Bryfogle, Jared and Kalyuzhniy, Oleks and Kubitz, Michael and Weitzner, Brian D and Hu, Xiaozhen and Adachi, Yumiko and Schief, William R and Dunbrack Jr, Roland L},
  journal={PLoS computational biology},
  volume={14},
  number={4},
  pages={e1006112},
  year={2018},
  publisher={Public Library of Science San Francisco, CA USA}
}

@article{frazer2021disease,
  title={Disease variant prediction with deep generative models of evolutionary data},
  author={Frazer, Jonathan and Notin, Pascal and Dias, Mafalda and Gomez, Aidan and Min, Joseph K and Brock, Kelly and Gal, Yarin and Marks, Debora S},
  journal={Nature},
  volume={599},
  number={7883},
  pages={91--95},
  year={2021},
  publisher={Nature Publishing Group UK London}
}

@article{jin2021iterative,
  title={Iterative refinement graph neural network for antibody sequence-structure co-design},
  author={Jin, Wengong and Wohlwend, Jeremy and Barzilay, Regina and Jaakkola, Tommi},
  journal={arXiv preprint arXiv:2110.04624},
  year={2021}
}

@article{kong2022conditional,
  title={Conditional antibody design as 3d equivariant graph translation},
  author={Kong, Xiangzhe and Huang, Wenbing and Liu, Yang},
  journal={arXiv preprint arXiv:2208.06073},
  year={2022}
}

@article{lapidoth2015abdesign,
  title={Abdesign: A n algorithm for combinatorial backbone design guided by natural conformations and sequences},
  author={Lapidoth, Gideon D and Baran, Dror and Pszolla, Gabriele M and Norn, Christoffer and Alon, Assaf and Tyka, Michael D and Fleishman, Sarel J},
  journal={Proteins: Structure, Function, and Bioinformatics},
  volume={83},
  number={8},
  pages={1385--1406},
  year={2015},
  publisher={Wiley Online Library}
}

@article{liu2023predicting,
  title={Predicting mutational effects on protein-protein binding via a side-chain diffusion probabilistic model},
  author={Liu, Shiwei and Zhu, Tian and Ren, Milong and Yu, Chungong and Bu, Dongbo and Zhang, Haicang},
  journal={arXiv preprint arXiv:2310.19849},
  year={2023}
}

@article{luo2021ecnet,
  title={ECNet is an evolutionary context-integrated deep learning framework for protein engineering},
  author={Luo, Yunan and Jiang, Guangde and Yu, Tianhao and Liu, Yang and Vo, Lam and Ding, Hantian and Su, Yufeng and Qian, Wesley Wei and Zhao, Huimin and Peng, Jian},
  journal={Nature communications},
  volume={12},
  number={1},
  pages={5743},
  year={2021},
  publisher={Nature Publishing Group UK London}
}

@article{luo2022antigen,
  title={Antigen-specific antibody design and optimization with diffusion-based generative models for protein structures},
  author={Luo, Shitong and Su, Yufeng and Peng, Xingang and Wang, Sheng and Peng, Jian and Ma, Jianzhu},
  journal={Advances in Neural Information Processing Systems},
  volume={35},
  pages={9754--9767},
  year={2022}
}

@article{luo2023rotamer,
  title={Rotamer Density Estimator is an Unsupervised Learner of the Effect of Mutations on Protein-Protein Interaction},
  author={Luo, Shitong and Su, Yufeng and Wu, Zuofan and Su, Chenpeng and Peng, Jian and Ma, Jianzhu},
  journal={bioRxiv},
  pages={2023--02},
  year={2023},
  publisher={Cold Spring Harbor Laboratory}
}

@article{meier2021language,
  title={Language models enable zero-shot prediction of the effects of mutations on protein function},
  author={Meier, Joshua and Rao, Roshan and Verkuil, Robert and Liu, Jason and Sercu, Tom and Rives, Alex},
  journal={Advances in Neural Information Processing Systems},
  volume={34},
  pages={29287--29303},
  year={2021}
}

@article{mo2024multi,
  title={Multi-level Interaction Modeling for Protein Mutational Effect Prediction},
  author={Mo, Yuanle and Hong, Xin and Gao, Bowen and Jia, Yinjun and Lan, Yanyan},
  journal={arXiv preprint arXiv:2405.17802},
  year={2024}
}

@inproceedings{notin2022tranception,
  title={Tranception: protein fitness prediction with autoregressive transformers and inference-time retrieval},
  author={Notin, Pascal and Dias, Mafalda and Frazer, Jonathan and Hurtado, Javier Marchena and Gomez, Aidan N and Marks, Debora and Gal, Yarin},
  booktitle={International Conference on Machine Learning},
  pages={16990--17017},
  year={2022},
  organization={PMLR}
}

@article{park2016simultaneous,
  title={Simultaneous optimization of biomolecular energy functions on features from small molecules and macromolecules},
  author={Park, Hahnbeom and Bradley, Philip and Greisen Jr, Per and Liu, Yuan and Mulligan, Vikram Khipple and Kim, David E and Baker, David and DiMaio, Frank},
  journal={Journal of chemical theory and computation},
  volume={12},
  number={12},
  pages={6201--6212},
  year={2016},
  publisher={ACS Publications}
}

@article{schymkowitz2005foldx,
  title={The FoldX web server: an online force field},
  author={Schymkowitz, Joost and Borg, Jesper and Stricher, Francois and Nys, Robby and Rousseau, Frederic and Serrano, Luis},
  journal={Nucleic acids research},
  volume={33},
  number={suppl\_2},
  pages={W382--W388},
  year={2005},
  publisher={Oxford University Press}
}

@article{wu2024learning,
  title={Learning to Predict Mutation Effects of Protein-Protein Interactions by Microenvironment-aware Hierarchical Prompt Learning},
  author={Wu, Lirong and Tian, Yijun and Lin, Haitao and Huang, Yufei and Li, Siyuan and Chawla, Nitesh V and Li, Stan Z},
  journal={arXiv preprint arXiv:2405.10348},
  year={2024}
}

@article{wu2024relation,
  title={Relation-Aware Equivariant Graph Networks for Epitope-Unknown Antibody Design and Specificity Optimization},
  author={Wu, Lirong and Lin, Haitao and Huang, Yufei and Gao, Zhangyang and Tan, Cheng and Liu, Yunfan and Wu, Tailin and Li, Stan Z},
  journal={arXiv preprint arXiv:2501.00013},
  year={2024}
}

