% Use this file for citations not found in the ACL Anthology (contained in "anthology.bib").

@book{Aho:72,
    author  = {Alfred V. Aho and Jeffrey D. Ullman},
    title   = {The Theory of Parsing, Translation and Compiling},
    year    = "1972",
    volume  = "1",
    publisher = {Prentice-Hall},
    address = {Englewood Cliffs, NJ}
}

@book{APA:83,
    author  = {{American Psychological Association}},
    title   = {Publications Manual},
    year    = "1983",
    publisher = {American Psychological Association},
    address = {Washington, DC}
}

@article{Chandra:81,
	author = {Ashok K. Chandra and Dexter C. Kozen and Larry J. Stockmeyer},
	year = "1981",
	title = {Alternation},
	journal = {Journal of the Association for Computing Machinery},
	volume = "28",
	number = "1",
	pages = "114--133",
	doi = "10.1145/322234.322243",
}

@inproceedings{andrew2007scalable,
  title={Scalable training of {L1}-regularized log-linear models},
  author={Andrew, Galen and Gao, Jianfeng},
  booktitle={Proceedings of the 24th International Conference on Machine Learning},
  pages={33--40},
  year={2007},
}

@article{li2023stablellava,
  title={Stablellava: Enhanced visual instruction tuning with synthesized image-dialogue data},
  author={Li, Yanda and Zhang, Chi and Yu, Gang and Wang, Zhibin and Fu, Bin and Lin, Guosheng and Shen, Chunhua and Chen, Ling and Wei, Yunchao},
  journal={arXiv preprint arXiv:2308.10253},
  year={2023}
}

@book{Gusfield:97,
    author  = {Dan Gusfield},
    title   = {Algorithms on Strings, Trees and Sequences},
    year    = "1997",
    publisher = {Cambridge University Press},
    address = {Cambridge, UK}
}

@article{rasooli-tetrault-2015,
    author    = {Mohammad Sadegh Rasooli and Joel R. Tetreault},
    title     = {Yara Parser: {A} Fast and Accurate Dependency Parser},
    journal   = {Computing Research Repository},
    volume    = {arXiv:1503.06733},
    year      = {2015},
    url       = {http://arxiv.org/abs/1503.06733},
    note    = {version 2}
}

@article{Ando2005,
	Acmid = {1194905},
	Author = {Ando, Rie Kubota and Zhang, Tong},
	Issn = {1532-4435},
	Issue_Date = {12/1/2005},
	Journal = {Journal of Machine Learning Research},
	Month = dec,
	Numpages = {37},
	Pages = {1817--1853},
	Publisher = {JMLR.org},
	Title = {A Framework for Learning Predictive Structures from Multiple Tasks and Unlabeled Data},
	Volume = {6},
	Year = {2005}
}

%-------------------------------------------------------
@article{chen2021dataset,
  title={A dataset for answering time-sensitive questions},
  author={Chen, Wenhu and Wang, Xinyi and Wang, William Yang},
  journal={arXiv preprint arXiv:2108.06314},
  year={2021}
}

@article{kwiatkowski2019natural,
  title={Natural questions: a benchmark for question answering research},
  author={Kwiatkowski, Tom and Palomaki, Jennimaria and Redfield, Olivia and Collins, Michael and Parikh, Ankur and Alberti, Chris and Epstein, Danielle and Polosukhin, Illia and Devlin, Jacob and Lee, Kenton and others},
  journal={Transactions of the Association for Computational Linguistics},
  volume={7},
  pages={453--466},
  year={2019},
  publisher={MIT Press}
}

@article{zhang2021situatedqa,
  title={SituatedQA: Incorporating extra-linguistic contexts into QA},
  author={Zhang, Michael JQ and Choi, Eunsol},
  journal={arXiv preprint arXiv:2109.06157},
  year={2021}
}

@article{tan2023towards,
  title={Towards Benchmarking and Improving the Temporal Reasoning Capability of Large Language Models},
  author={Tan, Qingyu and Ng, Hwee Tou and Bing, Lidong},
  journal={arXiv preprint arXiv:2306.08952},
  year={2023}
}

@article{dhingra2022time,
  title={Time-aware language models as temporal knowledge bases},
  author={Dhingra, Bhuwan and Cole, Jeremy R and Eisenschlos, Julian Martin and Gillick, Daniel and Eisenstein, Jacob and Cohen, William W},
  journal={Transactions of the Association for Computational Linguistics},
  volume={10},
  pages={257--273},
  year={2022},
  publisher={MIT Press}
}

@inproceedings{liska2022streamingqa,
  title={Streamingqa: A benchmark for adaptation to new knowledge over time in question answering models},
  author={Liska, Adam and Kocisky, Tomas and Gribovskaya, Elena and Terzi, Tayfun and Sezener, Eren and Agrawal, Devang and Cyprien De Masson, Dâ€™Autume and Scholtes, Tim and Zaheer, Manzil and Young, Susannah and others},
  booktitle={International Conference on Machine Learning},
  pages={13604--13622},
  year={2022},
  organization={PMLR}
}

@article{min2020ambigqa,
  title={AmbigQA: Answering ambiguous open-domain questions},
  author={Min, Sewon and Michael, Julian and Hajishirzi, Hannaneh and Zettlemoyer, Luke},
  journal={arXiv preprint arXiv:2004.10645},
  year={2020}
}

@article{roberts2020much,
  title={How much knowledge can you pack into the parameters of a language model?},
  author={Roberts, Adam and Raffel, Colin and Shazeer, Noam},
  journal={arXiv preprint arXiv:2002.08910},
  year={2020}
}

@article{fevry2020entities,
  title={Entities as experts: Sparse memory access with entity supervision},
  author={F{\'e}vry, Thibault and Soares, Livio Baldini and FitzGerald, Nicholas and Choi, Eunsol and Kwiatkowski, Tom},
  journal={arXiv preprint arXiv:2004.07202},
  year={2020}
}

@article{izacard2020leveraging,
  title={Leveraging passage retrieval with generative models for open domain question answering},
  author={Izacard, Gautier and Grave, Edouard},
  journal={arXiv preprint arXiv:2007.01282},
  year={2020}
}

@article{zaheer2020big,
  title={Big bird: Transformers for longer sequences},
  author={Zaheer, Manzil and Guruganesh, Guru and Dubey, Kumar Avinava and Ainslie, Joshua and Alberti, Chris and Ontanon, Santiago and Pham, Philip and Ravula, Anirudh and Wang, Qifan and Yang, Li and others},
  journal={Advances in neural information processing systems},
  volume={33},
  pages={17283--17297},
  year={2020}
}

@article{vrandevcic2014wikidata,
  title={Wikidata: a free collaborative knowledgebase},
  author={Vrande{\v{c}}i{\'c}, Denny and Kr{\"o}tzsch, Markus},
  journal={Communications of the ACM},
  volume={57},
  number={10},
  pages={78--85},
  year={2014},
  publisher={ACM New York, NY, USA}
}

@article{wei2021finetuned,
  title={Finetuned language models are zero-shot learners},
  author={Wei, Jason and Bosma, Maarten and Zhao, Vincent Y and Guu, Kelvin and Yu, Adams Wei and Lester, Brian and Du, Nan and Dai, Andrew M and Le, Quoc V},
  journal={arXiv preprint arXiv:2109.01652},
  year={2021}
}

@article{ouyang2022training,
  title={Training language models to follow instructions with human feedback},
  author={Ouyang, Long and Wu, Jeffrey and Jiang, Xu and Almeida, Diogo and Wainwright, Carroll and Mishkin, Pamela and Zhang, Chong and Agarwal, Sandhini and Slama, Katarina and Ray, Alex and others},
  journal={Advances in Neural Information Processing Systems},
  volume={35},
  pages={27730--27744},
  year={2022}
}

@inproceedings{jia2018tequila,
  title={Tequila: Temporal question answering over knowledge bases},
  author={Jia, Zhen and Abujabal, Abdalghani and Saha Roy, Rishiraj and Str{\"o}tgen, Jannik and Weikum, Gerhard},
  booktitle={Proceedings of the 27th ACM international conference on information and knowledge management},
  pages={1807--1810},
  year={2018}
}

@inproceedings{jia2021complex,
  title={Complex temporal question answering on knowledge graphs},
  author={Jia, Zhen and Pramanik, Soumajit and Saha Roy, Rishiraj and Weikum, Gerhard},
  booktitle={Proceedings of the 30th ACM international conference on information \& knowledge management},
  pages={792--802},
  year={2021}
}

@article{saxena2021question,
  title={Question answering over temporal knowledge graphs},
  author={Saxena, Apoorv and Chakrabarti, Soumen and Talukdar, Partha},
  journal={arXiv preprint arXiv:2106.01515},
  year={2021}
}

@inproceedings{antol2015vqa,
  title={Vqa: Visual question answering},
  author={Antol, Stanislaw and Agrawal, Aishwarya and Lu, Jiasen and Mitchell, Margaret and Batra, Dhruv and Zitnick, C Lawrence and Parikh, Devi},
  booktitle={Proceedings of the IEEE international conference on computer vision},
  pages={2425--2433},
  year={2015}
}

@inproceedings{das2017visual,
  title={Visual dialog},
  author={Das, Abhishek and Kottur, Satwik and Gupta, Khushi and Singh, Avi and Yadav, Deshraj and Moura, Jos{\'e} MF and Parikh, Devi and Batra, Dhruv},
  booktitle={Proceedings of the IEEE conference on computer vision and pattern recognition},
  pages={326--335},
  year={2017}
}

@article{seo2017visual,
  title={Visual reference resolution using attention memory for visual dialog},
  author={Seo, Paul Hongsuck and Lehrmann, Andreas and Han, Bohyung and Sigal, Leonid},
  journal={Advances in neural information processing systems},
  volume={30},
  year={2017}
}

@article{kottur2019clevr,
  title={Clevr-dialog: A diagnostic dataset for multi-round reasoning in visual dialog},
  author={Kottur, Satwik and Moura, Jos{\'e} MF and Parikh, Devi and Batra, Dhruv and Rohrbach, Marcus},
  journal={arXiv preprint arXiv:1903.03166},
  year={2019}
}

@article{mostafazadeh2017image,
  title={Image-grounded conversations: Multimodal context for natural question and response generation},
  author={Mostafazadeh, Nasrin and Brockett, Chris and Dolan, Bill and Galley, Michel and Gao, Jianfeng and Spithourakis, Georgios P and Vanderwende, Lucy},
  journal={arXiv preprint arXiv:1701.08251},
  year={2017}
}

@article{shuster2018image,
  title={Image chat: Engaging grounded conversations},
  author={Shuster, Kurt and Humeau, Samuel and Bordes, Antoine and Weston, Jason},
  journal={arXiv preprint arXiv:1811.00945},
  year={2018}
}

@article{meng2020openvidial,
  title={Openvidial: A large-scale, open-domain dialogue dataset with visual contexts},
  author={Meng, Yuxian and Wang, Shuhe and Han, Qinghong and Sun, Xiaofei and Wu, Fei and Yan, Rui and Li, Jiwei},
  journal={arXiv preprint arXiv:2012.15015},
  year={2020}
}

@article{zheng2021mmchat,
  title={MMChat: Multi-modal chat dataset on social media},
  author={Zheng, Yinhe and Chen, Guanyi and Liu, Xin and Sun, Jian},
  journal={arXiv preprint arXiv:2108.07154},
  year={2021}
}

@article{wang2021openvidial,
  title={Openvidial 2.0: A larger-scale, open-domain dialogue generation dataset with visual contexts},
  author={Wang, Shuhe and Meng, Yuxian and Li, Xiaoya and Sun, Xiaofei and Ouyang, Rongbin and Li, Jiwei},
  journal={arXiv preprint arXiv:2109.12761},
  year={2021}
}

@article{zang2021photochat,
  title={Photochat: A human-human dialogue dataset with photo sharing behavior for joint image-text modeling},
  author={Zang, Xiaoxue and Liu, Lijuan and Wang, Maria and Song, Yang and Zhang, Hao and Chen, Jindong},
  journal={arXiv preprint arXiv:2108.01453},
  year={2021}
}

@article{feng2022mmdialog,
  title={Mmdialog: A large-scale multi-turn dialogue dataset towards multi-modal open-domain conversation},
  author={Feng, Jiazhan and Sun, Qingfeng and Xu, Can and Zhao, Pu and Yang, Yaming and Tao, Chongyang and Zhao, Dongyan and Lin, Qingwei},
  journal={arXiv preprint arXiv:2211.05719},
  year={2022}
}

@inproceedings{jang2022call,
  title={Call for customized conversation: Customized conversation grounding persona and knowledge},
  author={Jang, Yoonna and Lim, Jungwoo and Hur, Yuna and Oh, Dongsuk and Son, Suhyune and Lee, Yeonsoo and Shin, Donghoon and Kim, Seungryong and Lim, Heuiseok},
  booktitle={Proceedings of the AAAI Conference on Artificial Intelligence},
  volume={36},
  number={10},
  pages={10803--10812},
  year={2022}
}

@article{ahn2023mpchat,
  title={Mpchat: Towards multimodal persona-grounded conversation},
  author={Ahn, Jaewoo and Song, Yeda and Yun, Sangdoo and Kim, Gunhee},
  journal={arXiv preprint arXiv:2305.17388},
  year={2023}
}

@article{xu2022long,
  title={Long time no see! open-domain conversation with long-term persona memory},
  author={Xu, Xinchao and Gou, Zhibin and Wu, Wenquan and Niu, Zheng-Yu and Wu, Hua and Wang, Haifeng and Wang, Shihang},
  journal={arXiv preprint arXiv:2203.05797},
  year={2022}
}

@inproceedings{kwon2023and,
  title={What, when, and how to ground: Designing user persona-aware conversational agents for engaging dialogue},
  author={Kwon, Deuksin and Lee, Sunwoo and Kim, Ki Hyun and Lee, Seojin and Kim, Taeyoon and Davis, Eric},
  booktitle={Proceedings of the 61st Annual Meeting of the Association for Computational Linguistics (Volume 5: Industry Track)},
  pages={707--719},
  year={2023}
}

@article{ren2023timechat,
  title={TimeChat: A Time-sensitive Multimodal Large Language Model for Long Video Understanding},
  author={Ren, Shuhuai and Yao, Linli and Li, Shicheng and Sun, Xu and Hou, Lu},
  journal={arXiv preprint arXiv:2312.02051},
  year={2023}
}

@inproceedings{radford2021learning,
  title={Learning transferable visual models from natural language supervision},
  author={Radford, Alec and Kim, Jong Wook and Hallacy, Chris and Ramesh, Aditya and Goh, Gabriel and Agarwal, Sandhini and Sastry, Girish and Askell, Amanda and Mishkin, Pamela and Clark, Jack and others},
  booktitle={International conference on machine learning},
  pages={8748--8763},
  year={2021},
  organization={PMLR}
}

@article{wei2023menatqa,
  title={Menatqa: A new dataset for testing the temporal comprehension and reasoning abilities of large language models},
  author={Wei, Yifan and Su, Yisong and Ma, Huanhuan and Yu, Xiaoyan and Lei, Fangyu and Zhang, Yuanzhe and Zhao, Jun and Liu, Kang},
  journal={arXiv preprint arXiv:2310.05157},
  year={2023}
}

@article{reimers2019sentence,
  title={Sentence-bert: Sentence embeddings using siamese bert-networks},
  author={Reimers, Nils and Gurevych, Iryna},
  journal={arXiv preprint arXiv:1908.10084},
  year={2019}
}

@article{vaswani2017attention,
  title={Attention is all you need},
  author={Vaswani, Ashish and Shazeer, Noam and Parmar, Niki and Uszkoreit, Jakob and Jones, Llion and Gomez, Aidan N and Kaiser, {\L}ukasz and Polosukhin, Illia},
  journal={Advances in neural information processing systems},
  volume={30},
  year={2017}
}

@article{dosovitskiy2020image,
  title={An image is worth 16x16 words: Transformers for image recognition at scale},
  author={Dosovitskiy, Alexey and Beyer, Lucas and Kolesnikov, Alexander and Weissenborn, Dirk and Zhai, Xiaohua and Unterthiner, Thomas and Dehghani, Mostafa and Minderer, Matthias and Heigold, Georg and Gelly, Sylvain and others},
  journal={arXiv preprint arXiv:2010.11929},
  year={2020}
}

@article{devlin2018bert,
  title={Bert: Pre-training of deep bidirectional transformers for language understanding},
  author={Devlin, Jacob and Chang, Ming-Wei and Lee, Kenton and Toutanova, Kristina},
  journal={arXiv preprint arXiv:1810.04805},
  year={2018}
}

@article{radford2018improving,
  title={Improving language understanding by generative pre-training},
  author={Radford, Alec and Narasimhan, Karthik and Salimans, Tim and Sutskever, Ilya and others},
  year={2018},
  publisher={OpenAI}
}

@article{kingma2014adam,
  title={Adam: A method for stochastic optimization},
  author={Kingma, Diederik P and Ba, Jimmy},
  journal={arXiv preprint arXiv:1412.6980},
  year={2014}
}

@article{lee2021constructing,
  title={Constructing multi-modal dialogue dataset by replacing text with semantically relevant images},
  author={Lee, Nyoungwoo and Shin, Suwon and Choo, Jaegul and Choi, Ho-Jin and Myaeng, Sung-Hyun},
  journal={arXiv preprint arXiv:2107.08685},
  year={2021}
}

@article{zhong2020towards,
  title={Towards persona-based empathetic conversational models},
  author={Zhong, Peixiang and Zhang, Chen and Wang, Hao and Liu, Yong and Miao, Chunyan},
  journal={arXiv preprint arXiv:2004.12316},
  year={2020}
}

@inproceedings{wen2021automatically,
  title={Automatically select emotion for response via personality-affected emotion transition},
  author={Wen, Zhiyuan and Cao, Jiannong and Yang, Ruosong and Liu, Shuaiqi and Shen, Jiaxing},
  booktitle={Findings of the Association for Computational Linguistics: ACL-IJCNLP 2021},
  pages={5010--5020},
  year={2021}
}
@article{yang2024enhancing,
  title={Enhancing Temporal Sensitivity and Reasoning for Time-Sensitive Question Answering},
  author={Yang, Wanqi and Li, Yanda and Fang, Meng and Chen, Ling},
  journal={arXiv preprint arXiv:2409.16909},
  year={2024}
}
@article{achiam2023gpt,
  title={Gpt-4 technical report},
  author={Achiam, Josh and Adler, Steven and Agarwal, Sandhini and Ahmad, Lama and Akkaya, Ilge and Aleman, Florencia Leoni and Almeida, Diogo and Altenschmidt, Janko and Altman, Sam and Anadkat, Shyamal and others},
  journal={arXiv preprint arXiv:2303.08774},
  year={2023}
}
@inproceedings{yang2024continual,
  title={Continual learning for temporal-sensitive question answering},
  author={Yang, Wanqi and Xu, Yunqiu and Li, Yanda and Wang, Kunze and Huang, Binbin and Chen, Ling},
  booktitle={2024 International Joint Conference on Neural Networks (IJCNN)},
  pages={1--9},
  year={2024},
  organization={IEEE}
}