@article{ahn2023mpchat,
  title={Mpchat: Towards multimodal persona-grounded conversation},
  author={Ahn, Jaewoo and Song, Yeda and Yun, Sangdoo and Kim, Gunhee},
  journal={arXiv preprint arXiv:2305.17388},
  year={2023}
}

@inproceedings{antol2015vqa,
  title={Vqa: Visual question answering},
  author={Antol, Stanislaw and Agrawal, Aishwarya and Lu, Jiasen and Mitchell, Margaret and Batra, Dhruv and Zitnick, C Lawrence and Parikh, Devi},
  booktitle={Proceedings of the IEEE international conference on computer vision},
  pages={2425--2433},
  year={2015}
}

@article{chen2021dataset,
  title={A dataset for answering time-sensitive questions},
  author={Chen, Wenhu and Wang, Xinyi and Wang, William Yang},
  journal={arXiv preprint arXiv:2108.06314},
  year={2021}
}

@inproceedings{das2017visual,
  title={Visual dialog},
  author={Das, Abhishek and Kottur, Satwik and Gupta, Khushi and Singh, Avi and Yadav, Deshraj and Moura, Jos{\'e} MF and Parikh, Devi and Batra, Dhruv},
  booktitle={Proceedings of the IEEE conference on computer vision and pattern recognition},
  pages={326--335},
  year={2017}
}

@article{dhingra2022time,
  title={Time-aware language models as temporal knowledge bases},
  author={Dhingra, Bhuwan and Cole, Jeremy R and Eisenschlos, Julian Martin and Gillick, Daniel and Eisenstein, Jacob and Cohen, William W},
  journal={Transactions of the Association for Computational Linguistics},
  volume={10},
  pages={257--273},
  year={2022},
  publisher={MIT Press}
}

@article{feng2022mmdialog,
  title={Mmdialog: A large-scale multi-turn dialogue dataset towards multi-modal open-domain conversation},
  author={Feng, Jiazhan and Sun, Qingfeng and Xu, Can and Zhao, Pu and Yang, Yaming and Tao, Chongyang and Zhao, Dongyan and Lin, Qingwei},
  journal={arXiv preprint arXiv:2211.05719},
  year={2022}
}

@article{fevry2020entities,
  title={Entities as experts: Sparse memory access with entity supervision},
  author={F{\'e}vry, Thibault and Soares, Livio Baldini and FitzGerald, Nicholas and Choi, Eunsol and Kwiatkowski, Tom},
  journal={arXiv preprint arXiv:2004.07202},
  year={2020}
}

@article{izacard2020leveraging,
  title={Leveraging passage retrieval with generative models for open domain question answering},
  author={Izacard, Gautier and Grave, Edouard},
  journal={arXiv preprint arXiv:2007.01282},
  year={2020}
}

@inproceedings{jang2022call,
  title={Call for customized conversation: Customized conversation grounding persona and knowledge},
  author={Jang, Yoonna and Lim, Jungwoo and Hur, Yuna and Oh, Dongsuk and Son, Suhyune and Lee, Yeonsoo and Shin, Donghoon and Kim, Seungryong and Lim, Heuiseok},
  booktitle={Proceedings of the AAAI Conference on Artificial Intelligence},
  volume={36},
  number={10},
  pages={10803--10812},
  year={2022}
}

@inproceedings{jia2018tequila,
  title={Tequila: Temporal question answering over knowledge bases},
  author={Jia, Zhen and Abujabal, Abdalghani and Saha Roy, Rishiraj and Str{\"o}tgen, Jannik and Weikum, Gerhard},
  booktitle={Proceedings of the 27th ACM international conference on information and knowledge management},
  pages={1807--1810},
  year={2018}
}

@inproceedings{jia2021complex,
  title={Complex temporal question answering on knowledge graphs},
  author={Jia, Zhen and Pramanik, Soumajit and Saha Roy, Rishiraj and Weikum, Gerhard},
  booktitle={Proceedings of the 30th ACM international conference on information \& knowledge management},
  pages={792--802},
  year={2021}
}

@article{kottur2019clevr,
  title={Clevr-dialog: A diagnostic dataset for multi-round reasoning in visual dialog},
  author={Kottur, Satwik and Moura, Jos{\'e} MF and Parikh, Devi and Batra, Dhruv and Rohrbach, Marcus},
  journal={arXiv preprint arXiv:1903.03166},
  year={2019}
}

@article{kwiatkowski2019natural,
  title={Natural questions: a benchmark for question answering research},
  author={Kwiatkowski, Tom and Palomaki, Jennimaria and Redfield, Olivia and Collins, Michael and Parikh, Ankur and Alberti, Chris and Epstein, Danielle and Polosukhin, Illia and Devlin, Jacob and Lee, Kenton and others},
  journal={Transactions of the Association for Computational Linguistics},
  volume={7},
  pages={453--466},
  year={2019},
  publisher={MIT Press}
}

@inproceedings{kwon2023and,
  title={What, when, and how to ground: Designing user persona-aware conversational agents for engaging dialogue},
  author={Kwon, Deuksin and Lee, Sunwoo and Kim, Ki Hyun and Lee, Seojin and Kim, Taeyoon and Davis, Eric},
  booktitle={Proceedings of the 61st Annual Meeting of the Association for Computational Linguistics (Volume 5: Industry Track)},
  pages={707--719},
  year={2023}
}

@article{li2023stablellava,
  title={Stablellava: Enhanced visual instruction tuning with synthesized image-dialogue data},
  author={Li, Yanda and Zhang, Chi and Yu, Gang and Wang, Zhibin and Fu, Bin and Lin, Guosheng and Shen, Chunhua and Chen, Ling and Wei, Yunchao},
  journal={arXiv preprint arXiv:2308.10253},
  year={2023}
}

@inproceedings{liska2022streamingqa,
  title={Streamingqa: A benchmark for adaptation to new knowledge over time in question answering models},
  author={Liska, Adam and Kocisky, Tomas and Gribovskaya, Elena and Terzi, Tayfun and Sezener, Eren and Agrawal, Devang and Cyprien De Masson, Dâ€™Autume and Scholtes, Tim and Zaheer, Manzil and Young, Susannah and others},
  booktitle={International Conference on Machine Learning},
  pages={13604--13622},
  year={2022},
  organization={PMLR}
}

@article{meng2020openvidial,
  title={Openvidial: A large-scale, open-domain dialogue dataset with visual contexts},
  author={Meng, Yuxian and Wang, Shuhe and Han, Qinghong and Sun, Xiaofei and Wu, Fei and Yan, Rui and Li, Jiwei},
  journal={arXiv preprint arXiv:2012.15015},
  year={2020}
}

@article{mostafazadeh2017image,
  title={Image-grounded conversations: Multimodal context for natural question and response generation},
  author={Mostafazadeh, Nasrin and Brockett, Chris and Dolan, Bill and Galley, Michel and Gao, Jianfeng and Spithourakis, Georgios P and Vanderwende, Lucy},
  journal={arXiv preprint arXiv:1701.08251},
  year={2017}
}

@article{ouyang2022training,
  title={Training language models to follow instructions with human feedback},
  author={Ouyang, Long and Wu, Jeffrey and Jiang, Xu and Almeida, Diogo and Wainwright, Carroll and Mishkin, Pamela and Zhang, Chong and Agarwal, Sandhini and Slama, Katarina and Ray, Alex and others},
  journal={Advances in Neural Information Processing Systems},
  volume={35},
  pages={27730--27744},
  year={2022}
}

@article{roberts2020much,
  title={How much knowledge can you pack into the parameters of a language model?},
  author={Roberts, Adam and Raffel, Colin and Shazeer, Noam},
  journal={arXiv preprint arXiv:2002.08910},
  year={2020}
}

@article{saxena2021question,
  title={Question answering over temporal knowledge graphs},
  author={Saxena, Apoorv and Chakrabarti, Soumen and Talukdar, Partha},
  journal={arXiv preprint arXiv:2106.01515},
  year={2021}
}

@article{seo2017visual,
  title={Visual reference resolution using attention memory for visual dialog},
  author={Seo, Paul Hongsuck and Lehrmann, Andreas and Han, Bohyung and Sigal, Leonid},
  journal={Advances in neural information processing systems},
  volume={30},
  year={2017}
}

@article{shuster2018image,
  title={Image chat: Engaging grounded conversations},
  author={Shuster, Kurt and Humeau, Samuel and Bordes, Antoine and Weston, Jason},
  journal={arXiv preprint arXiv:1811.00945},
  year={2018}
}

@article{tan2023towards,
  title={Towards Benchmarking and Improving the Temporal Reasoning Capability of Large Language Models},
  author={Tan, Qingyu and Ng, Hwee Tou and Bing, Lidong},
  journal={arXiv preprint arXiv:2306.08952},
  year={2023}
}

@article{vrandevcic2014wikidata,
  title={Wikidata: a free collaborative knowledgebase},
  author={Vrande{\v{c}}i{\'c}, Denny and Kr{\"o}tzsch, Markus},
  journal={Communications of the ACM},
  volume={57},
  number={10},
  pages={78--85},
  year={2014},
  publisher={ACM New York, NY, USA}
}

@article{wang2021openvidial,
  title={Openvidial 2.0: A larger-scale, open-domain dialogue generation dataset with visual contexts},
  author={Wang, Shuhe and Meng, Yuxian and Li, Xiaoya and Sun, Xiaofei and Ouyang, Rongbin and Li, Jiwei},
  journal={arXiv preprint arXiv:2109.12761},
  year={2021}
}

@article{wei2021finetuned,
  title={Finetuned language models are zero-shot learners},
  author={Wei, Jason and Bosma, Maarten and Zhao, Vincent Y and Guu, Kelvin and Yu, Adams Wei and Lester, Brian and Du, Nan and Dai, Andrew M and Le, Quoc V},
  journal={arXiv preprint arXiv:2109.01652},
  year={2021}
}

@article{wei2023menatqa,
  title={Menatqa: A new dataset for testing the temporal comprehension and reasoning abilities of large language models},
  author={Wei, Yifan and Su, Yisong and Ma, Huanhuan and Yu, Xiaoyan and Lei, Fangyu and Zhang, Yuanzhe and Zhao, Jun and Liu, Kang},
  journal={arXiv preprint arXiv:2310.05157},
  year={2023}
}

@article{xu2022long,
  title={Long time no see! open-domain conversation with long-term persona memory},
  author={Xu, Xinchao and Gou, Zhibin and Wu, Wenquan and Niu, Zheng-Yu and Wu, Hua and Wang, Haifeng and Wang, Shihang},
  journal={arXiv preprint arXiv:2203.05797},
  year={2022}
}

@inproceedings{yang2024continual,
  title={Continual learning for temporal-sensitive question answering},
  author={Yang, Wanqi and Xu, Yunqiu and Li, Yanda and Wang, Kunze and Huang, Binbin and Chen, Ling},
  booktitle={2024 International Joint Conference on Neural Networks (IJCNN)},
  pages={1--9},
  year={2024},
  organization={IEEE}
}

@article{yang2024enhancing,
  title={Enhancing Temporal Sensitivity and Reasoning for Time-Sensitive Question Answering},
  author={Yang, Wanqi and Li, Yanda and Fang, Meng and Chen, Ling},
  journal={arXiv preprint arXiv:2409.16909},
  year={2024}
}

@article{zaheer2020big,
  title={Big bird: Transformers for longer sequences},
  author={Zaheer, Manzil and Guruganesh, Guru and Dubey, Kumar Avinava and Ainslie, Joshua and Alberti, Chris and Ontanon, Santiago and Pham, Philip and Ravula, Anirudh and Wang, Qifan and Yang, Li and others},
  journal={Advances in neural information processing systems},
  volume={33},
  pages={17283--17297},
  year={2020}
}

@article{zang2021photochat,
  title={Photochat: A human-human dialogue dataset with photo sharing behavior for joint image-text modeling},
  author={Zang, Xiaoxue and Liu, Lijuan and Wang, Maria and Song, Yang and Zhang, Hao and Chen, Jindong},
  journal={arXiv preprint arXiv:2108.01453},
  year={2021}
}

@article{zhang2021situatedqa,
  title={SituatedQA: Incorporating extra-linguistic contexts into QA},
  author={Zhang, Michael JQ and Choi, Eunsol},
  journal={arXiv preprint arXiv:2109.06157},
  year={2021}
}

@article{zheng2021mmchat,
  title={MMChat: Multi-modal chat dataset on social media},
  author={Zheng, Yinhe and Chen, Guanyi and Liu, Xin and Sun, Jian},
  journal={arXiv preprint arXiv:2108.07154},
  year={2021}
}

