@article{chen2024identifying,
  title={Identifying Terrain Physical Parameters from Vision-Towards Physical-Parameter-Aware Locomotion and Navigation},
  author={Chen, Jiaqi and Frey, Jonas and Zhou, Ruyi and Miki, Takahiro and Martius, Georg and Hutter, Marco},
  journal={IEEE Robotics and Automation Letters},
  year={2024},
  publisher={IEEE}
}

@article{gu2024advancing,
  title={Advancing humanoid locomotion: Mastering challenging terrains with denoising world model learning},
  author={Gu, Xinyang and Wang, Yen-Jen and Zhu, Xiang and Shi, Chengming and Guo, Yanjiang and Liu, Yichen and Chen, Jianyu},
  journal={arXiv preprint arXiv:2408.14472},
  year={2024}
}

@article{hoeller2024anymal,
  title={Anymal parkour: Learning agile navigation for quadrupedal robots},
  author={Hoeller, David and Rudin, Nikita and Sako, Dhionis and Hutter, Marco},
  journal={Science Robotics},
  volume={9},
  number={88},
  pages={eadi7566},
  year={2024},
  publisher={American Association for the Advancement of Science}
}

@article{jenelten2024dtc,
  title={Dtc: Deep tracking control},
  author={Jenelten, Fabian and He, Junzhe and Farshidian, Farbod and Hutter, Marco},
  journal={Science Robotics},
  volume={9},
  number={86},
  pages={eadh5401},
  year={2024},
  publisher={American Association for the Advancement of Science}
}

@article{ji2022concurrent,
  title={Concurrent training of a control policy and a state estimator for dynamic and robust legged locomotion},
  author={Ji, Gwanghyeon and Mun, Juhyeok and Kim, Hyeongjun and Hwangbo, Jemin},
  journal={IEEE Robotics and Automation Letters},
  volume={7},
  number={2},
  pages={4630--4637},
  year={2022},
  publisher={IEEE}
}

@article{kumar2021rma,
  title={Rma: Rapid motor adaptation for legged robots},
  author={Kumar, Ashish and Fu, Zipeng and Pathak, Deepak and Malik, Jitendra},
  journal={arXiv preprint arXiv:2107.04034},
  year={2021}
}

@inproceedings{kumar2022adapting,
  title={Adapting rapid motor adaptation for bipedal robots},
  author={Kumar, Ashish and Li, Zhongyu and Zeng, Jun and Pathak, Deepak and Sreenath, Koushil and Malik, Jitendra},
  booktitle={2022 IEEE/RSJ International Conference on Intelligent Robots and Systems (IROS)},
  pages={1161--1168},
  year={2022},
  organization={IEEE}
}

@article{lee2020learning,
  title={Learning quadrupedal locomotion over challenging terrain},
  author={Lee, Joonho and Hwangbo, Jemin and Wellhausen, Lorenz and Koltun, Vladlen and Hutter, Marco},
  journal={Science robotics},
  volume={5},
  number={47},
  pages={eabc5986},
  year={2020},
  publisher={American Association for the Advancement of Science}
}

@article{long2024learning,
  title={Learning Humanoid Locomotion with Perceptive Internal Model},
  author={Long, Junfeng and Ren, Junli and Shi, Moji and Wang, Zirui and Huang, Tao and Luo, Ping and Pang, Jiangmiao},
  journal={arXiv preprint arXiv:2411.14386},
  year={2024}
}

@inproceedings{nahrendra2023dreamwaq,
  title={DreamWaQ: Learning robust quadrupedal locomotion with implicit terrain imagination via deep reinforcement learning},
  author={Nahrendra, I Made Aswin and Yu, Byeongho and Myung, Hyun},
  booktitle={2023 IEEE International Conference on Robotics and Automation (ICRA)},
  pages={5078--5084},
  year={2023},
  organization={IEEE}
}

@article{siekmann2021blind,
  title={Blind bipedal stair traversal via sim-to-real reinforcement learning},
  author={Siekmann, Jonah and Green, Kevin and Warila, John and Fern, Alan and Hurst, Jonathan},
  journal={arXiv preprint arXiv:2105.08328},
  year={2021}
}

@article{zhuang2023robot,
  title={Robot parkour learning},
  author={Zhuang, Ziwen and Fu, Zipeng and Wang, Jianren and Atkeson, Christopher and Schwertfeger, Soeren and Finn, Chelsea and Zhao, Hang},
  journal={arXiv preprint arXiv:2309.05665},
  year={2023}
}

@article{zhuang2024humanoid,
  title={Humanoid Parkour Learning},
  author={Zhuang, Ziwen and Yao, Shenzhe and Zhao, Hang},
  journal={arXiv preprint arXiv:2406.10759},
  year={2024}
}

