@article{RealHumanoid2023,
  title={Real-World Humanoid Locomotion with Reinforcement Learning},
  author={Ilija Radosavovic and Tete Xiao and Bike Zhang and Trevor Darrell and Jitendra Malik and Koushil Sreenath},
  year={2023},
  journal={arXiv:2303.03381}
}
@inproceedings{kumar2022adapting,
  title={Adapting rapid motor adaptation for bipedal robots},
  author={Kumar, Ashish and Li, Zhongyu and Zeng, Jun and Pathak, Deepak and Sreenath, Koushil and Malik, Jitendra},
  booktitle={2022 IEEE/RSJ International Conference on Intelligent Robots and Systems (IROS)},
  pages={1161--1168},
  year={2022},
  organization={IEEE}
}
@article{gu2024advancing,
  title={Advancing humanoid locomotion: Mastering challenging terrains with denoising world model learning},
  author={Gu, Xinyang and Wang, Yen-Jen and Zhu, Xiang and Shi, Chengming and Guo, Yanjiang and Liu, Yichen and Chen, Jianyu},
  journal={arXiv preprint arXiv:2408.14472},
  year={2024}
}
@article{kaidanov2024role,
  title={The Role of Domain Randomization in Training Diffusion Policies for Whole-Body Humanoid Control},
  author={Kaidanov, Oleg and Al-Hafez, Firas and Suvari, Yusuf and Belousov, Boris and Peters, Jan},
  journal={arXiv preprint arXiv:2411.01349},
  year={2024}
}
@article{siekmann2021blind,
  title={Blind bipedal stair traversal via sim-to-real reinforcement learning},
  author={Siekmann, Jonah and Green, Kevin and Warila, John and Fern, Alan and Hurst, Jonathan},
  journal={arXiv preprint arXiv:2105.08328},
  year={2021}
}
@article{cheng2024expressive,
  title={Expressive whole-body control for humanoid robots},
  author={Cheng, Xuxin and Ji, Yandong and Chen, Junming and Yang, Ruihan and Yang, Ge and Wang, Xiaolong},
  journal={arXiv preprint arXiv:2402.16796},
  year={2024}
}
@article{he2024hover,
  title={HOVER: Versatile Neural Whole-Body Controller for Humanoid Robots},
  author={He, Tairan and Xiao, Wenli and Lin, Toru and Luo, Zhengyi and Xu, Zhenjia and Jiang, Zhenyu and Kautz, Jan and Liu, Changliu and Shi, Guanya and Wang, Xiaolong and others},
  journal={arXiv preprint arXiv:2410.21229},
  year={2024}
}
@inproceedings{tang2024humanmimic,
  title={Humanmimic: Learning natural locomotion and transitions for humanoid robot via wasserstein adversarial imitation},
  author={Tang, Annan and Hiraoka, Takuma and Hiraoka, Naoki and Shi, Fan and Kawaharazuka, Kento and Kojima, Kunio and Okada, Kei and Inaba, Masayuki},
  booktitle={2024 IEEE International Conference on Robotics and Automation (ICRA)},
  pages={13107--13114},
  year={2024},
  organization={IEEE}
}
@article{zhuang2024humanoid,
  title={Humanoid Parkour Learning},
  author={Zhuang, Ziwen and Yao, Shenzhe and Zhao, Hang},
  journal={arXiv preprint arXiv:2406.10759},
  year={2024}
}
@article{fu2024humanplus,
  title={HumanPlus: Humanoid Shadowing and Imitation from Humans},
  author={Fu, Zipeng and Zhao, Qingqing and Wu, Qi and Wetzstein, Gordon and Finn, Chelsea},
  journal={arXiv preprint arXiv:2406.10454},
  year={2024}
}
@article{he2024learning,
  title={Learning human-to-humanoid real-time whole-body teleoperation},
  author={He, Tairan and Luo, Zhengyi and Xiao, Wenli and Zhang, Chong and Kitani, Kris and Liu, Changliu and Shi, Guanya},
  journal={arXiv preprint arXiv:2403.04436},
  year={2024}
}
@article{dugar2024learning,
  title={Learning multi-modal whole-body control for real-world humanoid robots},
  author={Dugar, Pranay and Shrestha, Aayam and Yu, Fangzhou and van Marum, Bart and Fern, Alan},
  journal={arXiv preprint arXiv:2408.07295},
  year={2024}
}
@article{he2024omnih2o,
  title={OmniH2O: Universal and Dexterous Human-to-Humanoid Whole-Body Teleoperation and Learning},
  author={He, Tairan and Luo, Zhengyi and He, Xialin and Xiao, Wenli and Zhang, Chong and Zhang, Weinan and Kitani, Kris and Liu, Changliu and Shi, Guanya},
  journal={arXiv preprint arXiv:2406.08858},
  year={2024}
}
@article{gu2024humanoid,
  title={Humanoid-Gym: Reinforcement Learning for Humanoid Robot with Zero-Shot Sim2Real Transfer},
  author={Gu, Xinyang and Wang, Yen-Jen and Chen, Jianyu},
  journal={arXiv preprint arXiv:2404.05695},
  year={2024}
}
@article{peng2021amp,
	author = {Peng, Xue Bin and Ma, Ze and Abbeel, Pieter and Levine, Sergey and Kanazawa, Angjoo},
	title = {AMP: Adversarial Motion Priors for Stylized Physics-Based Character Control},
	journal = {ACM Trans. Graph.},
	issue_date = {August 2021},
	volume = {40},
	number = {4},
	month = jul,
	year = {2021},
	articleno = {1},
	numpages = {15},
	url = {http://doi.acm.org/10.1145/3450626.3459670},
	doi = {10.1145/3450626.3459670},
	publisher = {ACM},
	address = {New York, NY, USA},
	keywords = {motion control, physics-based character animation, reinforcement learning},
} 
@article{li2024reinforcement,
  title={Reinforcement learning for versatile, dynamic, and robust bipedal locomotion control},
  author={Li, Zhongyu and Peng, Xue Bin and Abbeel, Pieter and Levine, Sergey and Berseth, Glen and Sreenath, Koushil},
  journal={The International Journal of Robotics Research},
  pages={02783649241285161},
  year={2024},
  publisher={SAGE Publications Sage UK: London, England}
}
@article{van2024revisiting,
  title={Revisiting Reward Design and Evaluation for Robust Humanoid Standing and Walking},
  author={van Marum, Bart and Shrestha, Aayam and Duan, Helei and Dugar, Pranay and Dao, Jeremy and Fern, Alan},
  journal={arXiv preprint arXiv:2404.19173},
  year={2024}
}
@inproceedings{dao2024sim,
  title={Sim-to-real learning for humanoid box loco-manipulation},
  author={Dao, Jeremy and Duan, Helei and Fern, Alan},
  booktitle={2024 IEEE International Conference on Robotics and Automation (ICRA)},
  pages={16930--16936},
  year={2024},
  organization={IEEE}
}
@inproceedings{nahrendra2023dreamwaq,
  title={DreamWaQ: Learning robust quadrupedal locomotion with implicit terrain imagination via deep reinforcement learning},
  author={Nahrendra, I Made Aswin and Yu, Byeongho and Myung, Hyun},
  booktitle={2023 IEEE International Conference on Robotics and Automation (ICRA)},
  pages={5078--5084},
  year={2023},
  organization={IEEE}
}
@article{zhang2024whole,
  title={Whole-body humanoid robot locomotion with human reference},
  author={Zhang, Qiang and Cui, Peter and Yan, David and Sun, Jingkai and Duan, Yiqun and Han, Gang and Zhao, Wen and Zhang, Weining and Guo, Yijie and Zhang, Arthur and others},
  journal={arXiv preprint arXiv:2402.18294},
  year={2024}
}
@inproceedings{li2021reinforcement,
  title={Reinforcement learning for robust parameterized locomotion control of bipedal robots},
  author={Li, Zhongyu and Cheng, Xuxin and Peng, Xue Bin and Abbeel, Pieter and Levine, Sergey and Berseth, Glen and Sreenath, Koushil},
  booktitle={2021 IEEE International Conference on Robotics and Automation (ICRA)},
  pages={2811--2817},
  year={2021},
  organization={IEEE}
}
@article{zhuang2023robot,
  title={Robot parkour learning},
  author={Zhuang, Ziwen and Fu, Zipeng and Wang, Jianren and Atkeson, Christopher and Schwertfeger, Soeren and Finn, Chelsea and Zhao, Hang},
  journal={arXiv preprint arXiv:2309.05665},
  year={2023}
}
@article{chen2024identifying,
  title={Identifying Terrain Physical Parameters from Vision-Towards Physical-Parameter-Aware Locomotion and Navigation},
  author={Chen, Jiaqi and Frey, Jonas and Zhou, Ruyi and Miki, Takahiro and Martius, Georg and Hutter, Marco},
  journal={IEEE Robotics and Automation Letters},
  year={2024},
  publisher={IEEE}
}
@article{hoeller2024anymal,
  title={Anymal parkour: Learning agile navigation for quadrupedal robots},
  author={Hoeller, David and Rudin, Nikita and Sako, Dhionis and Hutter, Marco},
  journal={Science Robotics},
  volume={9},
  number={88},
  pages={eadi7566},
  year={2024},
  publisher={American Association for the Advancement of Science}
}
@article{radosavovic2024humanoid,
  title={Humanoid locomotion as next token prediction},
  author={Radosavovic, Ilija and Zhang, Bike and Shi, Baifeng and Rajasegaran, Jathushan and Kamat, Sarthak and Darrell, Trevor and Sreenath, Koushil and Malik, Jitendra},
  journal={arXiv preprint arXiv:2402.19469},
  year={2024}
}
@article{HumanoidTerrain2024,
  title={Learning Humanoid Locomotion over Challenging Terrain},
  author={Ilija Radosavovic and Sarthak Kamat and Trevor Darrell and Jitendra Malik},
  year={2024},
  journal={arXiv:2410.03654}
}
@article{long2024learning,
  title={Learning Humanoid Locomotion with Perceptive Internal Model},
  author={Long, Junfeng and Ren, Junli and Shi, Moji and Wang, Zirui and Huang, Tao and Luo, Ping and Pang, Jiangmiao},
  journal={arXiv preprint arXiv:2411.14386},
  year={2024}
}
@article{krishna2022linear,
  title={Linear policies are sufficient to realize robust bipedal walking on challenging terrains},
  author={Krishna, Lokesh and Castillo, Guillermo A and Mishra, Utkarsh A and Hereid, Ayonga and Kolathaya, Shishir},
  journal={IEEE Robotics and Automation Letters},
  volume={7},
  number={2},
  pages={2047--2054},
  year={2022},
  publisher={IEEE}
}
@inproceedings{rudin2022learning,
  title={Learning to walk in minutes using massively parallel deep reinforcement learning},
  author={Rudin, Nikita and Hoeller, David and Reist, Philipp and Hutter, Marco},
  booktitle={Conference on Robot Learning},
  pages={91--100},
  year={2022},
  organization={PMLR}
}
@article{jenelten2024dtc,
  title={Dtc: Deep tracking control},
  author={Jenelten, Fabian and He, Junzhe and Farshidian, Farbod and Hutter, Marco},
  journal={Science Robotics},
  volume={9},
  number={86},
  pages={eadh5401},
  year={2024},
  publisher={American Association for the Advancement of Science}
}
@article{lee2020learning,
  title={Learning quadrupedal locomotion over challenging terrain},
  author={Lee, Joonho and Hwangbo, Jemin and Wellhausen, Lorenz and Koltun, Vladlen and Hutter, Marco},
  journal={Science robotics},
  volume={5},
  number={47},
  pages={eabc5986},
  year={2020},
  publisher={American Association for the Advancement of Science}
}
@article{miki2022learning,
  title={Learning robust perceptive locomotion for quadrupedal robots in the wild},
  author={Miki, Takahiro and Lee, Joonho and Hwangbo, Jemin and Wellhausen, Lorenz and Koltun, Vladlen and Hutter, Marco},
  journal={Science robotics},
  volume={7},
  number={62},
  pages={eabk2822},
  year={2022},
  publisher={American Association for the Advancement of Science}
}
@article{kumar2021rma,
  title={Rma: Rapid motor adaptation for legged robots},
  author={Kumar, Ashish and Fu, Zipeng and Pathak, Deepak and Malik, Jitendra},
  journal={arXiv preprint arXiv:2107.04034},
  year={2021}
}
@article{vukobratovic2004zero,
  title={Zero-moment point—thirty five years of its life},
  author={Vukobratovi{\'c}, Miomir and Borovac, Branislav},
  journal={International journal of humanoid robotics},
  volume={1},
  number={01},
  pages={157--173},
  year={2004},
  publisher={World Scientific}
}
@article{scianca2020mpc,
  title={MPC for humanoid gait generation: Stability and feasibility},
  author={Scianca, Nicola and De Simone, Daniele and Lanari, Leonardo and Oriolo, Giuseppe},
  journal={IEEE Transactions on Robotics},
  volume={36},
  number={4},
  pages={1171--1188},
  year={2020},
  publisher={IEEE}
}
@article{kuindersma2016optimization,
  title={Optimization-based locomotion planning, estimation, and control design for the atlas humanoid robot},
  author={Kuindersma, Scott and Deits, Robin and Fallon, Maurice and Valenzuela, Andr{\'e}s and Dai, Hongkai and Permenter, Frank and Koolen, Twan and Marion, Pat and Tedrake, Russ},
  journal={Autonomous robots},
  volume={40},
  pages={429--455},
  year={2016},
  publisher={Springer}
}
@inproceedings{sugihara2002real,
  title={Real-time humanoid motion generation through ZMP manipulation based on inverted pendulum control},
  author={Sugihara, Tomomichi and Nakamura, Yoshihiko and Inoue, Hirochika},
  booktitle={Proceedings 2002 IEEE International Conference on Robotics and Automation (Cat. No. 02CH37292)},
  volume={2},
  pages={1404--1409},
  year={2002},
  organization={IEEE}
}
@article{mittal2023orbit,
   author={Mittal, Mayank and Yu, Calvin and Yu, Qinxi and Liu, Jingzhou and Rudin, Nikita and Hoeller, David and Yuan, Jia Lin and Singh, Ritvik and Guo, Yunrong and Mazhar, Hammad and Mandlekar, Ajay and Babich, Buck and State, Gavriel and Hutter, Marco and Garg, Animesh},
   journal={IEEE Robotics and Automation Letters},
   title={Orbit: A Unified Simulation Framework for Interactive Robot Learning Environments},
   year={2023},
   volume={8},
   number={6},
   pages={3740-3747},
   doi={10.1109/LRA.2023.3270034}
}

@article{ji2022concurrent,
  title={Concurrent training of a control policy and a state estimator for dynamic and robust legged locomotion},
  author={Ji, Gwanghyeon and Mun, Juhyeok and Kim, Hyeongjun and Hwangbo, Jemin},
  journal={IEEE Robotics and Automation Letters},
  volume={7},
  number={2},
  pages={4630--4637},
  year={2022},
  publisher={IEEE}
}

@article{chen2022sparsity,
  title={Sparsity winning twice: Better robust generalization from more efficient training},
  author={Chen, Tianlong and Zhang, Zhenyu and Wang, Pengjun and Balachandra, Santosh and Ma, Haoyu and Wang, Zehao and Wang, Zhangyang},
  journal={arXiv preprint arXiv:2202.09844},
  year={2022}
}

@article{shazeer2019fast,
  title={Fast transformer decoding: One write-head is all you need},
  author={Shazeer, Noam},
  journal={arXiv preprint arXiv:1911.02150},
  year={2019}
}

@article{schulman2017proximal,
  title={Proximal policy optimization algorithms},
  author={Schulman, John and Wolski, Filip and Dhariwal, Prafulla and Radford, Alec and Klimov, Oleg},
  journal={arXiv preprint arXiv:1707.06347},
  year={2017}
}

@inproceedings{AMASS:2019,
  title={AMASS: Archive of Motion Capture as Surface Shapes},
  author={Mahmood, Naureen and Ghorbani, Nima and F. Troje, Nikolaus and Pons-Moll, Gerard and Black, Michael J.},
  booktitle = {The IEEE International Conference on Computer Vision (ICCV)},
  year={2019},
  month = {Oct},
  url = {https://amass.is.tue.mpg.de},
  month_numeric = {10}
}