@INPROCEEDINGS{10311213,
  author={Varadarajan, Srivatsan and Bloomfield, Robin and Rushby, John and Gupta, Gopal and Murugesan, Anitha and Stroud, Robert and Netkachova, Kateryna and Wong, Isaac Hong},
  booktitle={DASC}, 
  title={CLARISSA: Foundations, Tools \& Automation for Assurance Cases}, 
  year={2023},
  volume={},
  number={},
  pages={1-10},
  keywords={Industries;Analytical models;Automation;Systematics;Natural languages;Aerospace electronics;Aerospace safety;Assurance Case;Certification;Property-based Compliance;Integrated Security and Safety Analysis},
  doi={10.1109/DASC58513.2023.10311213}}

@inproceedings{AISupported,
  title={{AI-Supported Eliminative Argumentation: Practical Experience Generating Defeaters to Increase Confidence in Assurance Cases}},
  author={Torin Viger and Logan Murphy and Simon Diemert and Claudio Menghi and Jeffrey Joyce and Alessio Di Sandro and Marsha Chechik},
  booktitle={ISSRE},
  year={2024},
  organization={IEEE}
}

@inproceedings{chowdhury2020systematic,
  title={Systematic evaluation of (safety) assurance cases},
  author={Chowdhury, Thomas and Wassyng, Alan and Paige, Richard F and Lawford, Mark},
  booktitle={SAFECOMP Springer},
  pages={18--33},
  year={2020}
}

@inproceedings{gohar2024codefeater,
author = {Gohar, Usman and Hunter, Michael C. and Lutz, Robyn R. and Cohen, Myra B.},
title = {Co{D}efeater: Using {LLM}s To Find Defeaters in Assurance Cases},
year = {2024},
booktitle = {Proceedings of the 39th IEEE/ACM International Conference on Automated Software Engineering},
pages = {2262â€“2267}
}

@article{luo2017systematic,
  title={A systematic approach and tool support for {GSN}-based safety case assessment},
  author={Luo, Yaping and van den Brand, Mark and Li, Zhuoao and Saberi, Arash Khabbaz},
  journal={Journal of Systems Architecture},
  volume={76},
  pages={1--16},
  year={2017},
  publisher={Elsevier}
}

@article{maksimov2019survey,
  title={A survey of tool-supported assurance case assessment techniques},
  author={Maksimov, Mike and Kokaly, Sahar and Chechik, Marsha},
  journal={ACM Computing Surveys (CSUR)},
  volume={52},
  number={5},
  pages={1--34},
  year={2019},
  publisher={ACM New York, NY, USA}
}

@article{muram2023attest,
  title={ATTEST: Automating the review and update of assurance case arguments},
  author={Muram, Faiz Ul and Javed, Muhammad Atif},
  journal={Journal of systems architecture},
  volume={134},
  pages={102781},
  year={2023},
  publisher={Elsevier}
}

@inproceedings{murugesan2023semantic,
  title={Semantic Analysis of Assurance Cases using {s (CASP).}},
  author={Murugesan, Anitha and Wong, Isaac Hong and Stroud, Robert J and Arias, Joaqu{\'\i}n and Salazar, Elmer and Gupta, Gopal and Bloomfield, Robin and Varadarajan, Srivatsan and Rushby, John},
  booktitle={ICLP Workshops},
  year={2023}
}

@article{rushby2015understanding,
  title={Understanding and evaluating assurance cases},
  author={Rushby, John and Xu, Xidong and Rangarajan, Murali and Weaver, Thomas L},
  journal={NASA},
  number = {20160000772},
  year={2015}
}

@article{shahandashti2024prisma,
  title={A {PRISMA}-driven systematic mapping study on system assurance weakeners},
  author={Shahandashti, Kimya Khakzad and Belle, Alvine B and Lethbridge, Timothy C and Odu, Oluwafemi and Sivakumar, Mithila},
  journal={Information and Software Technology},
  pages={107526},
  year={2024},
  publisher={Elsevier}
}

@article{yuan2012argument,
  title={Argument-based approach to computer system safety engineering},
  author={Yuan, Tangming and Kelly, Tim},
  journal={IJCCBS},
  volume={3},
  number={3},
  pages={151--167},
  year={2012},
  publisher={Inderscience Publishers Ltd}
}

@inproceedings{yuan2016automatically,
  title={Automatically detecting fallacies in system safety arguments},
  author={Yuan, Tangming and Manandhar, Suresh and Kelly, Tim and Wells, Simon},
  booktitle={Principles and Practice of Multi-Agent Systems: International Workshops: IWEC 2014, and CMNA XV and IWEC 2015},
  pages={47--59},
  year={2016},
  organization={Springer}
}

