@article{gunes2014survey,
  title={A survey on concepts, applications, and challenges in cyber-physical systems},
  author={Gunes, Volkan and Peter, Steffen and Givargis, Tony and Vahid, Frank},
  journal={KSII TIIS},
  volume={8},
  number={12},
  pages={4242--4268},
  year={2014},
  publisher={Korean Society for Internet Information}
}

@article{mohseni2022taxonomy,
  title={Taxonomy of machine learning safety: A survey and primer},
  author={Mohseni, Sina and Wang, Haotao and Xiao, Chaowei and Yu, Zhiding and Wang, Zhangyang and Yadawa, Jay},
  journal={ACM Computing Surveys},
  volume={55},
  number={8},
  pages={1--38},
  year={2022},
  publisher={ACM New York, NY}
}

@inproceedings{millet2023assurance,
  title={Assurance {C}ase {A}rguments in the {L}arge: {T}he {CERN} {LHC} {M}achine {P}rotection {S}ystem},
  author={Millet, Laure and Diemert, Simon and Rees, Chris and Viger, Torin and Chechik, Marsha and Menghi, Claudio and Joyce, Jeffrey},
  booktitle={SAFECOMP Springer},
  pages={3-10},
  year={2023}
}

@inproceedings{feffer2024red,
  title={Red-teaming for generative {AI}: Silver bullet or security theater?},
  author={Feffer, Michael and Sinha, Anusha and Deng, Wesley H and Lipton, Zachary C and Heidari, Hoda},
  booktitle={Proceedings of the AAAI/ACM Conference on AIES},
  pages={421--437},
  year={2024}
}

@article{hobbs2024driving,
  title={Driving the Development Process from the Safety Case},
  author={Hobbs, Christopher and Diemert, Simon and Joyce, Jeff},
  journal={Safety-Critical Systems Club},
  year={2024}
}

@article{dey2018medical,
  title={Medical cyber-physical systems: A survey},
  author={Dey, Nilanjan and Ashour, Amira S and Shi, Fuqian and Fong, Simon James and Tavares, Jo{\~a}o Manuel RS},
  journal={Journal of medical systems},
  volume={42},
  pages={1--13},
  year={2018},
  publisher={Springer}
}

@inproceedings{denney2012advocate,
  title={AdvoCATE: An assurance case automation toolset},
  author={Denney, Ewen and Pai, Ganesh and Pohl, Josef},
  booktitle={SAFECOMP 2012},
  pages={8--21},
  year={2012},
  organization={Springer}
}

@article{johnson1998178b,
  title={Software considerations in airborne systems and equipment certification},
  author={RTCA},
  journal = {DO-178C},
  year={2011}
}

@article{article1,
  title={Analyzing open-ended questions by means of text analysis procedures},
  author={Popping, Roel},
  journal={Bulletin of Sociological Methodology},
  volume={128},
  number={1},
  pages={23--39},
  year={2015},
  publisher={SAGE Publications Sage UK: London, England}
}

@book{miles1994qualitative,
  title={Qualitative data analysis: An expanded sourcebook},
  author={Miles, Matthew B and Huberman, A Michael},
  year={1994},
  publisher={SAGE}
}


@Inbook{Clarke2014,
author="Clarke, Victoria
and Braun, Virginia",
editor="Michalos, Alex C.",
title="Thematic Analysis",
bookTitle="Encyclopedia of Quality of Life and Well-Being Research",
year="2014",
publisher="Springer Netherlands",
address="Dordrecht",
pages="6626--6628",
isbn="978-94-007-0753-5",
doi="10.1007/978-94-007-0753-5_3470"
}

@article{rushby2015understanding,
  title={Understanding and evaluating assurance cases},
  author={Rushby, John and Xu, Xidong and Rangarajan, Murali and Weaver, Thomas L},
  journal={NASA},
  number = {20160000772},
  year={2015}
}

@inproceedings{duan2017reasoning,
  title={Reasoning about confidence and uncertainty in assurance cases: A survey},
  author={Duan, Lian and Rayadurgam, Sanjai and Heimdahl, Mats PE and Ayoub, Anaheed and Sokolsky, Oleg and Lee, Insup},
  booktitle={SEHC, FHIES 2014},
  pages={64--80},
  year={2017},
  organization={Springer}
}


@inproceedings{gohar2024towards,
  title={Towards Engineering Fair and Equitable Software Systems for Managing Low-Altitude Airspace Authorizations},
  author={Gohar, Usman and Hunter, Michael C and Marczak-Czajka, Agnieszka and Lutz, Robyn R and Cohen, Myra B and Cleland-Huang, Jane},
  booktitle={Proceedings of the 46th International Conference on Software Engineering: Software Engineering in Society},
  pages={177--188},
  year={2024}
}

@article{cave2006independent,
  title={An independent review into the broader issues surrounding the loss of the {RAF Nimrod MR2 Aircraft XV230 in Afghanistan} in 2006},
  author={Cave, CH},
  journal={The Stationary Office, Tech. Rep},
  year={2006}
}

@inproceedings{shelby2023sociotechnical,
  title={Sociotechnical harms of algorithmic systems: Scoping a taxonomy for harm reduction},
  author={Shelby, Renee and Rismani, Shalaleh and Henne, Kathryn and Moon, AJung and Rostamzadeh, Negar and Nicholas, Paul and Yilla-Akbari, N'Mah and Gallegos, Jess and Smart, Andrew and Garcia, Emilio and others},
  booktitle={AAAI AIES},
  pages={723--741},
  year={2023}
}

@book{dubrova2013fault,
  title={Fault-tolerant design},
  author={Dubrova, Elena},
  volume={8},
  year={2013},
  publisher={Springer}
}

@inproceedings{10.1145/3510003.3510057,
author = {Biswas, Sumon and Wardat, Mohammad and Rajan, Hridesh},
title = {The art and practice of data science pipelines: A comprehensive study of data science pipelines in theory, in-the-small, and in-the-large},
year = {2022},
booktitle = {ICSE},
pages = {2091–2103},
numpages = {13},
keywords = {data science pipelines, data science processes, descriptive, predictive}
}

@article{gohar2024long,
  title={Long-Term Fairness Inquiries and Pursuits in Machine Learning: A Survey of Notions, Methods, and Challenges},
  author={Gohar, Usman and Tang, Zeyu and Wang, Jialu and Zhang, Kun and Spirtes, Peter L and Liu, Yang and Cheng, Lu},
  journal={arXiv preprint arXiv:2406.06736},
  year={2024}
}

@incollection{arora2024advancing,
  title={Advancing requirements engineering through generative {AI}: Assessing the role of {LLMs}},
  author={Arora, Chetan and Grundy, John and Abdelrazek, Mohamed},
  booktitle={Generative AI for Effective Software Development},
  pages={129--148},
  year={2024},
  publisher={Springer}
}

@inproceedings{zhou2024large,
  title={Large language model for vulnerability detection: Emerging results and future directions},
  author={Zhou, Xin and Zhang, Ting and Lo, David},
  booktitle={Proceedings of the 2024 ACM/IEEE 44th ICSE NIER},
  pages={47--51},
  year={2024}
}

@inproceedings{gohar2024codefeater,
author = {Gohar, Usman and Hunter, Michael C. and Lutz, Robyn R. and Cohen, Myra B.},
title = {Co{D}efeater: Using {LLM}s To Find Defeaters in Assurance Cases},
year = {2024},
booktitle = {Proceedings of the 39th IEEE/ACM International Conference on Automated Software Engineering},
pages = {2262–2267}
}

@inproceedings{greenwell2006taxonomy,
  title={A taxonomy of fallacies in system safety arguments},
  author={Greenwell, William S and Knight, John C and Holloway, C Michael and Pease, Jacob J},
  booktitle={24th ISSC},
  year={2006}
}

@inproceedings{AISupported,
  title={{AI-Supported Eliminative Argumentation: Practical Experience Generating Defeaters to Increase Confidence in Assurance Cases}},
  author={Torin Viger and Logan Murphy and Simon Diemert and Claudio Menghi and Jeffrey Joyce and Alessio Di Sandro and Marsha Chechik},
  booktitle={ISSRE},
  year={2024},
  organization={IEEE}
}

@inproceedings{murugesan2023semantic,
  title={Semantic Analysis of Assurance Cases using {s (CASP).}},
  author={Murugesan, Anitha and Wong, Isaac Hong and Stroud, Robert J and Arias, Joaqu{\'\i}n and Salazar, Elmer and Gupta, Gopal and Bloomfield, Robin and Varadarajan, Srivatsan and Rushby, John},
  booktitle={ICLP Workshops},
  year={2023}
}

@article{luo2017systematic,
  title={A systematic approach and tool support for {GSN}-based safety case assessment},
  author={Luo, Yaping and van den Brand, Mark and Li, Zhuoao and Saberi, Arash Khabbaz},
  journal={Journal of Systems Architecture},
  volume={76},
  pages={1--16},
  year={2017},
  publisher={Elsevier}
}

@article{yuan2012argument,
  title={Argument-based approach to computer system safety engineering},
  author={Yuan, Tangming and Kelly, Tim},
  journal={IJCCBS},
  volume={3},
  number={3},
  pages={151--167},
  year={2012},
  publisher={Inderscience Publishers Ltd}
}

@article{rushby2015interpretation,
  title={The interpretation and evaluation of assurance cases},
  author={Rushby, John},
  journal={Comp. Science Laboratory, SRI International, Tech. Rep. SRI-CSL-15-01},
  year={2015}
}

@inproceedings{chowdhury2020systematic,
  title={Systematic evaluation of (safety) assurance cases},
  author={Chowdhury, Thomas and Wassyng, Alan and Paige, Richard F and Lawford, Mark},
  booktitle={SAFECOMP Springer},
  pages={18--33},
  year={2020}
}


@inproceedings{muram2018preventing,
  title={Preventing omission of key evidence fallacy in process-based argumentations},
  author={Muram, Faiz UL and Gallina, Barbara and Rodr{\'\i}guez, Laura G{\'o}mez},
  booktitle={2018 11th International Conference on the Quality of Information and Communications Technology (QUATIC)},
  pages={65--73},
  year={2018},
  organization={IEEE}
}

@article{muram2023attest,
  title={ATTEST: Automating the review and update of assurance case arguments},
  author={Muram, Faiz Ul and Javed, Muhammad Atif},
  journal={Journal of systems architecture},
  volume={134},
  pages={102781},
  year={2023},
  publisher={Elsevier}
}


@inproceedings{ramirez2012taxonomy,
  title={A taxonomy of uncertainty for dynamically adaptive systems},
  author={Ramirez, Andres J and Jensen, Adam C and Cheng, Betty HC},
  booktitle={IEEE SEAMS},
  pages={99--108},
  year={2012}
}

@article{bloomfield2021safety,
  title={Safety case templates for autonomous systems},
  author={Bloomfield, Robin and Fletcher, Gareth and Khlaaf, Heidy and Hinde, Luke and Ryan, Philippa},
  journal={arXiv preprint arXiv:2102.02625},
  year={2021}
}

@inproceedings{yuan2016automatically,
  title={Automatically detecting fallacies in system safety arguments},
  author={Yuan, Tangming and Manandhar, Suresh and Kelly, Tim and Wells, Simon},
  booktitle={Principles and Practice of Multi-Agent Systems: International Workshops: IWEC 2014, and CMNA XV and IWEC 2015},
  pages={47--59},
  year={2016},
  organization={Springer}
}


@article{bloomfield2024defeaters,
  title={Defeaters and Eliminative Argumentation in Assurance 2.0},
  author={Bloomfield, Robin and Netkachova, Kate and Rushby, John},
  journal={arXiv preprint arXiv:2405.15800},
  year={2024}
}

@article{bloomfield1998ascad,
  title={Ascad—adelard safety case development manual},
  author={Bloomfield, RE and Bishop, PG and Jones, C and Froome, P},
  journal={Adelard},
  volume={5},
  year={1998}
}

@article{alexander2011security,
  title={Security assurance cases: motivation and the state of the art},
  author={Alexander, Rob and Hawkins, Richard and Kelly, Tim},
  journal={High Integrity Systems Engineering Department of Computer Science University of York Deramore Lane York YO10 5GH},
  year={2011},
  publisher={Citeseer}
}

@article{bloomfield2020assurance,
  title={Assurance 2.0: A manifesto},
  author={Bloomfield, Robin and Rushby, John},
  journal={arXiv preprint arXiv:2004.10474},
  year={2020}
}

@techreport{ACWG21,
   author      = {{Assurance Case Working Group}},
   title       = {Assurance Case Guidance},
   publisher   = {{ACWG}}, 
   institution = {{ACWG}},
   year        = {2021},
   number = {{SCSC-159}}
}

@article{palin2011iso,
  title={ISO 26262 safety cases: Compliance and assurance},
  author={Palin, Rob and Ward, David and Habli, Ibrahim and Rivett, Roger},
  year={2011},
  journal={6th IET International Conference on System Safety 2011},
  publisher={IET}
}

@INPROCEEDINGS{10311213,
  author={Varadarajan, Srivatsan and Bloomfield, Robin and Rushby, John and Gupta, Gopal and Murugesan, Anitha and Stroud, Robert and Netkachova, Kateryna and Wong, Isaac Hong},
  booktitle={DASC}, 
  title={CLARISSA: Foundations, Tools \& Automation for Assurance Cases}, 
  year={2023},
  volume={},
  number={},
  pages={1-10},
  keywords={Industries;Analytical models;Automation;Systematics;Natural languages;Aerospace electronics;Aerospace safety;Assurance Case;Certification;Property-based Compliance;Integrated Security and Safety Analysis},
  doi={10.1109/DASC58513.2023.10311213}}


@inproceedings{hawkins2015weaving,
  title={Weaving an assurance case from design: a model-based approach},
  author={Hawkins, Richard and Habli, Ibrahim and Kolovos, Dimitris and Paige, Richard and Kelly, Tim},
  booktitle={2015 IEEE HASE},
  pages={110--117},
  year={2015},
  organization={IEEE}
}

@misc{holt2012fukushima,
  title={Fukushima nuclear disaster},
  author={Holt, Mark and Campbell, Richard J and Nikitin, Mary Beth},
  year={2012},
  publisher={Congressional Research Service Washington, DC, USA}
}

@article{shahandashti2024prisma,
  title={A {PRISMA}-driven systematic mapping study on system assurance weakeners},
  author={Shahandashti, Kimya Khakzad and Belle, Alvine B and Lethbridge, Timothy C and Odu, Oluwafemi and Sivakumar, Mithila},
  journal={Information and Software Technology},
  pages={107526},
  year={2024},
  publisher={Elsevier}
}

@article{maksimov2019survey,
  title={A survey of tool-supported assurance case assessment techniques},
  author={Maksimov, Mike and Kokaly, Sahar and Chechik, Marsha},
  journal={ACM Computing Surveys (CSUR)},
  volume={52},
  number={5},
  pages={1--34},
  year={2019},
  publisher={ACM New York, NY, USA}
}

@inproceedings{goodenough2015eliminative,
  title={Eliminative induction: A basis for arguing system confidence},
  author={Goodenough, John B and Weinstock, Charles B and Klein, Ari Z},
  booktitle={ICSE},
  pages={1161--1164},
  year={2013}
}

@inproceedings{kelly2004goal,
  title={The goal structuring notation--a safety argument notation},
  author={Kelly, Tim and Weaver, Rob},
  booktitle={DSN workshop on assurance cases},
  year={2004},
  organization={Citeseer}
}

@article{burton2020mind,
  title={Mind the gaps: Assuring the safety of autonomous systems from an engineering, ethical, and legal perspective},
  author={Burton, Simon and Habli, Ibrahim and Lawton, Tom and McDermid, John and Morgan, Phillip and Porter, Zoe},
  journal={Artificial Intelligence},
  volume={279},
  pages={103201},
  year={2020},
  publisher={Elsevier}
}

@article{koopman2017autonomous,
  title={Autonomous vehicle safety: An interdisciplinary challenge},
  author={Koopman, Philip and Wagner, Michael},
  journal={IEEE ITSM},
  volume={9},
  number={1},
  pages={90--96},
  year={2017},
  publisher={IEEE}
}


@article{rushby1994critical,
  title={Critical system properties: Survey and taxonomy},
  author={Rushby, John},
  journal={Reliability Engineering \& System Safety},
  volume={43},
  number={2},
  pages={189--219},
  year={1994},
  publisher={Elsevier}
}

@article{HaleyLMN08,
  author       = {Charles B. Haley and
                  Robin C. Laney and
                  Jonathan D. Moffett and
                  Bashar Nuseibeh},
  title        = {Security Requirements Engineering: {A} Framework for Representation
                  and Analysis},
  journal      = {{IEEE} Trans. Software Eng.},
  volume       = {34},
  number       = {1},
  pages        = {133--153},
  year         = {2008}
}

@article{long2022survey,
  title={A survey on adversarial attacks in computer vision: Taxonomy, visualization and future directions},
  author={Long, Teng and Gao, Qi and Xu, Lili and Zhou, Zhangbing},
  journal={Computers \& Security},
  volume={121},
  pages={102847},
  year={2022},
  publisher={Elsevier}
}


@article{shayegani2023survey,
  title={Survey of vulnerabilities in large language models revealed by adversarial attacks},
  author={Shayegani, Erfan and Mamun, Md Abdullah Al and Fu, Yu and Zaree, Pedram and Dong, Yue and Abu-Ghazaleh, Nael},
  journal={arXiv preprint arXiv:2310.10844},
  year={2023}
}

@article{tabassi2019taxonomy,
  title={A taxonomy and terminology of adversarial machine learning},
  author={Tabassi, Elham and Burns, Kevin J and Hadjimichael, Michael and Molina-Markham, Andres D and Sexton, Julian T},
  journal={NIST IR},
  volume={2019},
  pages={1--29},
  year={2019}
}

@article{DBLP:journals/tse/ChillaregeBCHMRW92,
  author       = {Ram Chillarege and
                  Inderpal S. Bhandari and
                  Jarir K. Chaar and
                  Michael J. Halliday and
                  Diane S. Moebus and
                  Bonnie K. Ray and
                  Man{-}Yuen Wong},
  title        = {Orthogonal Defect Classification - {A} Concept for In-Process Measurements},
  journal      = {{IEEE} TSE},
  volume       = {18},
  number       = {11},
  pages        = {943--956},
  year         = {1992},
  doi          = {10.1109/32.177364},
  timestamp    = {Wed, 17 May 2017 10:56:38 +0200},
  biburl       = {https://dblp.org/rec/journals/tse/ChillaregeBCHMRW92.bib},
  bibsource    = {dblp computer science bibliography, https://dblp.org}
}


@inproceedings{hunter2024family,
  title={A Family-Based Approach to Safety Cases for Controlled Airspaces in Small Uncrewed Aerial Systems},
  author={Hunter, Michael and Gohar, Usman and Cohen, Myra and Lutz, Robyn and Cleland-Huang, Jane},
  booktitle={AIAA AVIATION FORUM AND ASCEND 2024},
  pages={4626},
  year={2024}
}

@book{Knight12,
    author = {Knight, John},
    link = {http://www.amazon.com/Fundamentals-Dependable-Innovations-Engineering-Development/dp/1439862559},
    processed = {yes},
    publisher = {CRC Press},
    title = {Fundamentals of Dependable Computing for Software Engineers},
    year = {2012}
}

@article{jLamLet00,
    author = {van Lamsweerde, Axel and Letier, Emmanuel},
    journal = {IEEE TSE},
    pages = {978-1005},
    title = {Handling obstacles in goal-oriented requirements engineering},
    volume = {26},
    year = {2000}
}

@book{Lams09,
    author = {van Lamsweerde, Axel},
    publisher = {Wiley},
    title = {Requirements Engineering - From System Goals to {UML} Models to Software Specifications},
    year = {2009}
}
