@inproceedings{Gpoly,
  author       = {Omri Puny and
                  Derek Lim and
                  Bobak Toussi Kiani and
                  Haggai Maron and
                  Yaron Lipman},
  title        = {Equivariant Polynomials for Graph Neural Networks},
  booktitle    = {ICML},
  year       = {2023}
}

@article{LGD,
  author       = {Cai Zhou and
                  Xiyuan Wang and
                  Muhan Zhang},
  title        = {Latent Graph Diffusion: {A} Unified Framework for Generation and Prediction
                  on Graphs},
  journal      = {NeurIPS},
  year         = {2024},
}

@inproceedings{DiffusionError,
  author       = {Sitan Chen and
                  Sinho Chewi and
                  Jerry Li and
                  Yuanzhi Li and
                  Adil Salim and
                  Anru Zhang},
  title        = {Sampling is as easy as learning the score: theory for diffusion models with minimal data assumptions},
  booktitle    = {ICLR},
  year         = {2023}
}

@inproceedings{WLgoNeuron,
  author       = {Christopher Morris and
                  Martin Ritzert and
                  Matthias Fey and
                  William L. Hamilton and
                  Jan Eric Lenssen and
                  Gaurav Rattan and
                  Martin Grohe},
  title        = {Weisfeiler and Leman Go Neural: Higher-Order Graph Neural Networks},
  booktitle    = {AAAI},
  year         = {2019}
}


@article{introchem,
  title={Graph neural networks for materials science and chemistry},
  author={Reiser, Patrick and Neubert, Marlen and Eberhard, Andr{\'e} and Torresi, Luca and Zhou, Chen and Shao, Chen and Metni, Houssam and van Hoesel, Clint and Schopmans, Henrik and Sommer, Timo and others},
  journal={Communications Materials},
  volume={3},
  number={1},
  pages={93},
  year={2022},
}

@article{introbio,
  title={Graph neural networks and their current applications in bioinformatics},
  author={Zhang, Xiao-Meng and Liang, Li and Liu, Lin and Tang, Ming-Jing},
  journal={Frontiers in genetics},
  volume={12},
  pages={690049},
  year={2021}
}

@article{introrec,
  title={Graph neural networks in recommender systems: a survey},
  author={Wu, Shiwen and Sun, Fei and Zhang, Wentao and Xie, Xu and Cui, Bin},
  journal={ACM Computing Surveys},
  volume={55},
  number={5},
  pages={1--37},
  year={2022}
}

@article{introco,
  title={Combinatorial optimization and reasoning with graph neural networks.},
  author={Cappart, Quentin and Ch{\'e}telat, Didier and Khalil, Elias B and Lodi, Andrea and Morris, Christopher and Velickovic, Petar},
  journal={J. Mach. Learn. Res.},
  volume={24},
  pages={130--1},
  year={2023}
}

@article{WLtest,
  title={An optimal lower bound on the number of variables for graph identification},
  author={Cai, Jin-Yi and F{\"u}rer, Martin and Immerman, Neil},
  journal={Combinatorica},
  volume={12},
  number={4},
  pages={389--410},
  year={1992},
}

@article{WLgoSparse,
  title={Weisfeiler and Leman go sparse: Towards scalable higher-order graph embeddings},
  author={Morris, Christopher and Rattan, Gaurav and Mutzel, Petra},
  journal={NeurIPS},
  year={2020}
}


@article{PPGN,
  title={Provably powerful graph networks},
  author={Maron, Haggai and Ben-Hamu, Heli and Serviansky, Hadar and Lipman, Yaron},
  journal={NeurIPS},
  year={2019}
}

@article{NGNN,
  title={Nested graph neural networks},
  author={Zhang, Muhan and Li, Pan},
  journal={NeurIPS},
  year={2021}
}

@article{I2GNN,
  title={Boosting the Cycle Counting Power of Graph Neural Networks with I$^2$-GNNs},
  author={Huang, Yinan and Peng, Xingang and Ma, Jianzhu and Zhang, Muhan},
  journal={ICLR},
  year={2023}
}


@inproceedings{IDGNN,
  title={Identity-aware graph neural networks},
  author={You, Jiaxuan and Gomes-Selman, Jonathan M and Ying, Rex and Leskovec, Jure},
  booktitle={AAAI},
  year={2021}
}


@inproceedings{MPNN,
  title={Neural message passing for quantum chemistry},
  author={Gilmer, Justin and Schoenholz, Samuel S and Riley, Patrick F and Vinyals, Oriol and Dahl, George E},
  booktitle={ICML},
  year={2017}
}


@inproceedings{GCN,
  author       = {Thomas N. Kipf and
                  Max Welling},
  title        = {Semi-Supervised Classification with Graph Convolutional Networks},
  booktitle    = {ICLR},
  year         = {2017}
}

@article{GAT,
  title={Graph attention networks},
  author={Veli{\v{c}}kovi{\'c}, Petar and Cucurull, Guillem and Casanova, Arantxa and Romero, Adriana and Lio, Pietro and Bengio, Yoshua},
  journal={arXiv preprint arXiv:1710.10903},
  year={2017}
}

@inproceedings{SAGE,
  author       = {William L. Hamilton and
                  Zhitao Ying and
                  Jure Leskovec},
  title        = {Inductive Representation Learning on Large Graphs},
  booktitle    = {NeurIPS},
  year         = {2017}
}

@inproceedings{GIN,
  author       = {Keyulu Xu and
                  Weihua Hu and
                  Jure Leskovec and
                  Stefanie Jegelka},
  title        = {How Powerful are Graph Neural Networks?},
  booktitle    = {ICLR},
  year         = {2019}
}

@inproceedings{OGB,
  author    = {Weihua Hu and
               Matthias Fey and
               Marinka Zitnik and
               Yuxiao Dong and
               Hongyu Ren and
               Bowen Liu and
               Michele Catasta and
               Jure Leskovec},
  title     = {Open Graph Benchmark: Datasets for Machine Learning on Graphs},
  booktitle = {NeurIPS},
  year      = {2020}
}

@inproceedings{IGN,
  author       = {Haggai Maron and
                  Heli Ben{-}Hamu and
                  Nadav Shamir and
                  Yaron Lipman},
  title        = {Invariant and Equivariant Graph Networks},
  booktitle    = {ICLR},
  year         = {2019}
}

@article{IGNexpressivity,
  title={The expressive power of kth-order invariant graph networks},
  author={Geerts, Floris},
  journal={arXiv preprint arXiv:2007.12035},
  year={2020}
}

@article{ZINC,
  author       = {Rafael G{\'{o}}mez{-}Bombarelli and
                  David Duvenaud and
                  Jos{\'{e}} Miguel Hern{\'{a}}ndez{-}Lobato and
                  Jorge Aguilera{-}Iparraguirre and
                  Timothy D. Hirzel and
                  Ryan P. Adams and
                  Al{\'{a}}n Aspuru{-}Guzik},
  title        = {Automatic chemical design using a data-driven continuous representation of molecules},
  year         = {2016},
  eprinttype    = {arXiv}
}

@inproceedings{LRGB,
  author       = {Vijay Prakash Dwivedi and
                  Ladislav Ramp{\'{a}}sek and
                  Michael Galkin and
                  Ali Parviz and
                  Guy Wolf and
                  Anh Tuan Luu and
                  Dominique Beaini},
  title        = {Long Range Graph Benchmark},
  booktitle    = {NeurIPS},
  year         = {2022}
}




@inproceedings{ESAN,
  author       = {Beatrice Bevilacqua and
                  Fabrizio Frasca and
                  Derek Lim and
                  Balasubramaniam Srinivasan and
                  Chen Cai and
                  Gopinath Balamurugan and
                  Michael M. Bronstein and
                  Haggai Maron},
  title        = {Equivariant Subgraph Aggregation Networks},
  booktitle    = {ICLR},
  year = {2022}
}

@inproceedings{SUN,
  author       = {Fabrizio Frasca and
                  Beatrice Bevilacqua and
                  Michael M. Bronstein and
                  Haggai Maron},
  title        = {Understanding and Extending Subgraph GNNs by Rethinking Their Symmetries},
  booktitle    = {NeurIPS},
  year         = {2022}
}

@inproceedings{IDMPNN,
  author       = {Cai Zhou and
                  Xiyuan Wang and
                  Muhan Zhang},
  title        = {From Relational Pooling to Subgraph GNNs: {A} Universal Framework for More Expressive Graph Neural Networks},
  booktitle    = {ICML},
  year         = {2023}
}

@inproceedings{GNNAK,
  author       = {Lingxiao Zhao and
                  Wei Jin and
                  Leman Akoglu and
                  Neil Shah},
  title        = {From Stars to Subgraphs: Uplifting Any {GNN} with Local Structure Awareness},
  booktitle    = {ICLR},
  year         = {2022}
}

@inproceedings{OSAN,
  author       = {Chendi Qian and
                  Gaurav Rattan and
                  Floris Geerts and
                  Mathias Niepert and
                  Christopher Morris},
  title        = {Ordered Subgraph Aggregation Networks},
  booktitle    = {NeurIPS},
  year         = {2022}
}

@inproceedings{SSWL,
  author       = {Bohang Zhang and
                  Guhao Feng and
                  Yiheng Du and
                  Di He and
                  Liwei Wang},
  title        = {A Complete Expressiveness Hierarchy for Subgraph GNNs via Subgraph Weisfeiler-Lehman Tests},
  booktitle    = {ICML},
  year         = {2023}
}

@article{PyG,
  author       = {Matthias Fey and
                  Jan Eric Lenssen},
  title        = {Fast Graph Representation Learning with PyTorch Geometric},
  year         = {2019},
  eprinttype    = {arXiv},
  eprint       = {1903.02428}
}


@inproceedings{CoGDL,
  author       = {Yukuo Cen and
                  Zhenyu Hou and
                  Yan Wang and
                  Qibin Chen and
                  Yizhen Luo and
                  Zhongming Yu and
                  Hengrui Zhang and
                  Xingcheng Yao and
                  Aohan Zeng and
                  Shiguang Guo and
                  Yuxiao Dong and
                  Yang Yang and
                  Peng Zhang and
                  Guohao Dai and
                  Yu Wang and
                  Chang Zhou and
                  Hongxia Yang and
                  Jie Tang},
  title        = {CogDL: {A} Comprehensive Library for Graph Deep Learning},
  booktitle    = {WWW},
  year         = {2023}
}

@article{Geo2DR,
  author       = {Paul Scherer and
                  Pietro Li{\`{o}}},
  title        = {Learning distributed representations of graphs with Geo2DR},
  year         = {2020},
  eprinttype    = {arXiv},
  eprint       = {2003.05926},
}

@article{Spektral,
  author       = {Daniele Grattarola and
                  Cesare Alippi},
  title        = {Graph Neural Networks in TensorFlow and Keras with Spektral},
  journal      = {{IEEE} Comput. Intell. Mag.},
  volume       = {16},
  number       = {1},
  pages        = {99--106},
  year         = {2021}
}

@inproceedings{DGL,
  author       = {Da Zheng and
                  Minjie Wang and
                  Quan Gan and
                  Zheng Zhang and
                  George Karypis},
  title        = {Learning Graph Neural Networks with Deep Graph Library},
  booktitle    = {WWW},
  pages        = {305--306},
  year         = {2020}
}


@article{DIG,
  author       = {Meng Liu and
                  Youzhi Luo and
                  Limei Wang and
                  Yaochen Xie and
                  Hao Yuan and
                  Shurui Gui and
                  Haiyang Yu and
                  Zhao Xu and
                  Jingtun Zhang and
                  Yi Liu and
                  Keqiang Yan and
                  Haoran Liu and
                  Cong Fu and
                  Bora Oztekin and
                  Xuan Zhang and
                  Shuiwang Ji},
  title        = {{DIG:} {A} Turnkey Library for Diving into Graph Deep Learning Research},
  journal      = {J. Mach. Learn. Res.},
  volume       = {22},
  pages        = {240:1--240:9},
  year         = {2021}
}

@inproceedings{Jraph,
  author = {Jonathan Godwin* and Thomas Keck* and Peter Battaglia and Victor Bapst and Thomas Kipf and Yujia Li and Kimberly Stachenfeld and Petar Veli\v{c}kovi\'{c} and Alvaro Sanchez-Gonzalez},
  title = {{J}raph: {A} library for graph neural networks in jax.},
  url = {http://github.com/deepmind/jraph},
  version = {0.0.1.dev},
  year = {2020},
}

@inproceedings{TFG,
  author       = {Jun Hu and
                  Shengsheng Qian and
                  Quan Fang and
                  Youze Wang and
                  Quan Zhao and
                  Huaiwen Zhang and
                  Changsheng Xu},
  title        = {Efficient Graph Deep Learning in TensorFlow with tf{\_}geometric},
  booktitle    = {MM},
  pages        = {3775--3778},
  year         = {2021}
}
% Overall generative models

%% normalizaing flow
@article{RealNVPflow,
  title={Density estimation using Real NVP},
  author={Laurent Dinh and Jascha Narain Sohl-Dickstein and Samy Bengio},
  journal={ArXiv},
  year={2016},
  volume={abs/1605.08803}
}  % ICLR 2017

@article{FreeDynamicsReversible,
  title={FFJORD: Free-form Continuous Dynamics for Scalable Reversible Generative Models},
  author={Will Grathwohl and Ricky T. Q. Chen and Jesse Bettencourt and Ilya Sutskever and David Kristjanson Duvenaud},
  journal={ArXiv},
  year={2018},
  volume={abs/1810.01367}
}  % ICLR 2019 oral

% VAE
@article{VAE,
  title={Auto-Encoding Variational Bayes},
  author={Diederik P. Kingma and Max Welling},
  journal={CoRR},
  year={2013},
  volume={abs/1312.6114}
}

%% GAN
@inproceedings{ImprovedWassersteinGAN,
  title={Improved Training of Wasserstein GANs},
  author={Ishaan Gulrajani and Faruk Ahmed and Mart{\'i}n Arjovsky and Vincent Dumoulin and Aaron C. Courville},
  booktitle={NIPS},
  year={2017}
}

@misc{GAN,
      title={Generative Adversarial Networks}, 
      author={Ian J. Goodfellow and Jean Pouget-Abadie and Mehdi Mirza and Bing Xu and David Warde-Farley and Sherjil Ozair and Aaron Courville and Yoshua Bengio},
      year={2014},
      eprint={1406.2661},
      archivePrefix={arXiv},
      primaryClass={stat.ML}
}

%% diffusion models
@article{DDPM,
  title={Denoising Diffusion Probabilistic Models},
  author={Jonathan Ho and Ajay Jain and P. Abbeel},
  journal={ArXiv},
  year={2020},
  volume={abs/2006.11239}
}  % NeurIPS 2020

@article{GenerativeGradients,
  title={Generative Modeling by Estimating Gradients of the Data Distribution},
  author={Yang Song and Stefano Ermon},
  journal={ArXiv},
  year={2019},
  volume={abs/1907.05600}
}  % NeurIPS 2019

@article{ImprovedTechniques,
  title={Improved Techniques for Training Score-Based Generative Models},
  author={Yang Song and Stefano Ermon},
  journal={ArXiv},
  year={2020},
  volume={abs/2006.09011}
}  % NeurIPS 2020

@article{ScoreBasedSDE,
  title={Score-Based Generative Modeling through Stochastic Differential Equations},
  author={Yang Song and Jascha Narain Sohl-Dickstein and Diederik P. Kingma and Abhishek Kumar and Stefano Ermon and Ben Poole},
  journal={ArXiv},
  year={2020},
  volume={abs/2011.13456}
}  % ICLR 2021

@article{DDIM,
  title={Denoising Diffusion Implicit Models},
  author={Jiaming Song and Chenlin Meng and Stefano Ermon},
  journal={ArXiv},
  year={2020},
  volume={abs/2010.02502}
}  % ICLR 2021

@article{PoissonFlowGM,
  title={Poisson Flow Generative Models},
  author={Yilun Xu and Ziming Liu and Max Tegmark and T. Jaakkola},
  journal={ArXiv},
  year={2022},
  volume={abs/2209.11178}
}

@article{PFGMplus,
  title={PFGM++: Unlocking the Potential of Physics-Inspired Generative Models},
  author={Yilun Xu and Ziming Liu and Yonglong Tian and Shangyuan Tong and Max Tegmark and T. Jaakkola},
  journal={ArXiv},
  year={2023},
  volume={abs/2302.04265}
}

@article{StableDiffusionLatent,
  title={High-Resolution Image Synthesis with Latent Diffusion Models},
  author={Robin Rombach and A. Blattmann and Dominik Lorenz and Patrick Esser and Bj{\"o}rn Ommer},
  journal={2022 IEEE/CVF Conference on Computer Vision and Pattern Recognition (CVPR)},
  year={2021},
  pages={10674-10685}
}

@article{EDM3D,
  title={Equivariant Diffusion for Molecule Generation in 3D},
  author={Emiel Hoogeboom and Victor Garcia Satorras and Cl{\'e}ment Vignac and Max Welling},
  journal={ArXiv},
  year={2022},
  volume={abs/2203.17003}
}

@article{RectifiedFlow,
  title={Flow Straight and Fast: Learning to Generate and Transfer Data with Rectified Flow},
  author={Xingchao Liu and Chengyue Gong and Qiang Liu},
  journal={ArXiv},
  year={2022},
  volume={abs/2209.03003}
}

% theoretical analysis of diffusion


@InProceedings{ScoreApproxEstRecovery,
  title = 	 {Score Approximation, Estimation and Distribution Recovery of Diffusion Models on Low-Dimensional Data},
  author =       {Chen, Minshuo and Huang, Kaixuan and Zhao, Tuo and Wang, Mengdi},
  booktitle = 	 {ICML},
  year = 	 {2023}
}

@inproceedings{RewardDirectedCondDiff,
  title={Reward-Directed Conditional Diffusion: Provable Distribution Estimation and Reward Improvement},
  author={Hui Yuan and Kaixuan Huang and Chengzhuo Ni and Minshuo Chen and Mengdi Wang},
  booktitle={Thirty-seventh Conference on Neural Information Processing Systems},
  year={2023},
  url={https://openreview.net/forum?id=58HwnnEdtF}
}

@article{DiffZeroshotClassifier,
  title={Your Diffusion Model is Secretly a Zero-Shot Classifier},
  author={Alexander C. Li and Mihir Prabhudesai and Shivam Duggal and Ellis L Brown and Deepak Pathak},
  journal={ArXiv},
  year={2023},
  volume={abs/2303.16203}
}

@inproceedings{GeneralizationDiffusion,
  title={On the Generalization Properties of Diffusion Models},
  author={Puheng Li and Zhong Li and Huishuai Zhang and Jiang Bian},
  booktitle={Thirty-seventh Conference on Neural Information Processing Systems},
  year={2023},
  url={https://openreview.net/forum?id=hCUG1MCFk5}
}

@inproceedings{ODEvsSDEOptimal,
  title={Exploring the Optimal Choice for Generative Processes in Diffusion Models: Ordinary vs Stochastic Differential Equations},
  author={Yu Cao and Jingrun Chen and Yixin Luo and Xiang ZHOU},
  booktitle={Thirty-seventh Conference on Neural Information Processing Systems},
  year={2023},
  url={https://openreview.net/forum?id=1mJQq6zYaE}
}

@article{ClosingGapODESDE,
  title={Closing the ODE-SDE gap in score-based diffusion models through the Fokker-Planck equation},
  author={Teo Deveney and Jan Stanczuk and Lisa Maria Kreusser and Chris Budd and Carola-Bibiane Schonlieb},
  journal={ArXiv},
  year={2023},
  volume={abs/2311.15996}
}

@article{ErrorBoundFlowMatching,
  title={Error Bounds for Flow Matching Methods},
  author={Joe Benton and George Deligiannidis and A. Doucet},
  journal={ArXiv},
  year={2023},
  volume={abs/2305.16860}
}

@article{ConvergenceScoreBased,
  title={Convergence of score-based generative modeling for general data distributions},
  author={Holden Lee and Jianfeng Lu and Yixin Tan},
  journal={ArXiv},
  year={2022},
  volume={abs/2209.12381}
}

@article{SamplingScore,
  title={Sampling is as easy as learning the score: theory for diffusion models with minimal data assumptions},
  author={Chen, Sitan and Chewi, Sinho and Li, Jerry and Li, Yuanzhi and Salim, Adil and Zhang, Anru R},
  journal={arXiv preprint arXiv:2209.11215},
  year={2022}
}


% discrete generative models

@article{VQVAE,
  title={Neural Discrete Representation Learning},
  author={A{\"a}ron van den Oord and Oriol Vinyals and Koray Kavukcuoglu},
  journal={ArXiv},
  year={2017},
  volume={abs/1711.00937}
}

@article{StructuredDDDiscreteStateSpace,
  title={Structured Denoising Diffusion Models in Discrete State-Spaces},
  author={Jacob Austin and Daniel D. Johnson and Jonathan Ho and Daniel Tarlow and Rianne van den Berg},
  journal={ArXiv},
  year={2021},
  volume={abs/2107.03006}
}

@article{DiffsoundDD,
  title={Diffsound: Discrete Diffusion Model for Text-to-Sound Generation},
  author={Dongchao Yang and Jianwei Yu and Helin Wang and Wen Wang and Chao Weng and Yuexian Zou and Dong Yu},
  journal={IEEE/ACM Transactions on Audio, Speech, and Language Processing},
  year={2022},
  volume={31},
  pages={1720-1733}
}

% Graph generative models

@inproceedings{GeometricLatentDiffusion,
  title={Geometric Latent Diffusion Models for 3D Molecule Generation},
  author={Minkai Xu and Alexander Powers and Ron O. Dror and Stefano Ermon and Jure Leskovec},
  booktitle={ICML},
  year={2023}
}

@inproceedings{ScorebasedGraph,
  title={Permutation Invariant Graph Generation via Score-Based Generative Modeling},
  author={Chenhao Niu and Yang Song and Jiaming Song and Shengjia Zhao and Aditya Grover and Stefano Ermon},
  booktitle={International Conference on Artificial Intelligence and Statistics},
  year={2020}
}  % AISTATS 2020

@inproceedings{ScorebasedGraphDSS,
  title={Score-based Generative Modeling of Graphs via the System of Stochastic Differential Equations},
  author={Jaehyeong Jo and Seul Lee and Sung Ju Hwang},
  booktitle={ICML},
  year={2022}
}  % ICML 2022

@article{DiGressDDGraph,
  title={DiGress: Discrete Denoising diffusion for graph generation},
  author={Cl{\'e}ment Vignac and Igor Krawczuk and Antoine Siraudin and Bohan Wang and Volkan Cevher and Pascal Frossard},
  journal={ArXiv},
  year={2022},
  volume={abs/2209.14734}
}  % ICLR 2023

@article{SaGessSamplingGraph,
  title={SaGess: Sampling Graph Denoising Diffusion Model for Scalable Graph Generation},
  author={Stratis Limnios and Praveen Selvaraj and Mihai Cucuringu and Carsten Maple and Gesine Reinert and Andrew Elliott},
  journal={ArXiv},
  year={2023},
  volume={abs/2306.16827}
}  % NeurIPS 2023 submission

@inproceedings{Set2GraphVAE,
  title={Top-N: Equivariant Set and Graph Generation without Exchangeability},
  author={Clement Vignac and Pascal Frossard},
  booktitle={International Conference on Learning Representations},
  year={2022},
  url={https://openreview.net/forum?id=-Gk_IPJWvk}
}


@InProceedings{SPECTRE,
  title = 	 {{SPECTRE}: Spectral Conditioning Helps to Overcome the Expressivity Limits of One-shot Graph Generators},
  author =       {Martinkus, Karolis and Loukas, Andreas and Perraudin, Nathana{\"e}l and Wattenhofer, Roger},
  booktitle = 	 {ICML},
  year = 	 {2022}
}

@article{graphnvp,
  title={Graphnvp: An invertible flow model for generating molecular graphs},
  author={Madhawa, Kaushalya and Ishiguro, Katushiko and Nakago, Kosuke and Abe, Motoki},
  journal={arXiv preprint arXiv:1905.11600},
  year={2019}
}

@article{DiffusionGraphBenefitDiscrete,
  title={Diffusion Models for Graphs Benefit From Discrete State Spaces},
  author={Kilian Konstantin Haefeli and Karolis Martinkus and Nathanael Perraudin and Roger Wattenhofer},
  journal={ArXiv},
  year={2022},
  volume={abs/2210.01549}
}

@article{DirectionalGDMRepresentation,
  title={Directional diffusion models for graph representation learning},
  author={Run Yang and Yuling Yang and Fan Zhou and Qiang Sun},
  journal={ArXiv},
  year={2023},
  volume={abs/2306.13210}
}

@inproceedings{ContinousGraphDiffusionFunctional,
 author = {Dan, Tingting and Ding, Jiaqi and Wei, Ziquan and Kovalsky, Shahar and Kim, Minjeong and Kim, Won Hwa and Wu, Guorong},
 booktitle = {Advances in Neural Information Processing Systems},
 editor = {A. Oh and T. Naumann and A. Globerson and K. Saenko and M. Hardt and S. Levine},
 pages = {59375--59387},
 publisher = {Curran Associates, Inc.},
 title = {Re-Think and Re-Design Graph Neural Networks in Spaces of Continuous Graph Diffusion Functionals},
 url = {https://proceedings.neurips.cc/paper_files/paper/2023/file/b9fd027eb16434174b8bb3d3b18110af-Paper-Conference.pdf},
 volume = {36},
 year = {2023}
}


@InProceedings{Grum,
  title = 	 {Graph Generation with Diffusion Mixture},
  author =       {Jo, Jaehyeong and Kim, Dongki and Hwang, Sung Ju},
  booktitle = 	 {ICML},
  year = 	 {2024}
}

@inproceedings{HGGT,
title={Graph Generation with  \$K{\textasciicircum}2\$-trees},
author={Yunhui Jang and Dongwoo Kim and Sungsoo Ahn},
booktitle={ICLR},
year={2024}
}

@article{MoFlow,
  title={MoFlow: An Invertible Flow Model for Generating Molecular Graphs},
  author={Chengxi Zang and Fei Wang},
  journal={SIGKDD},
  year={2020}
}

@inproceedings{GraphAF,
title={GraphAF: a Flow-based Autoregressive Model for Molecular Graph Generation},
author={Chence Shi and Minkai Xu and Zhaocheng Zhu and Weinan Zhang and Ming Zhang and Jian Tang},
booktitle={ICLR},
year={2020}
}


@InProceedings{GraphDF,
  title = 	 {GraphDF: A Discrete Flow Model for Molecular Graph Generation},
  author =       {Luo, Youzhi and Yan, Keqiang and Ji, Shuiwang},
  booktitle = 	 {ICML},
  year = 	 {2021}
}

@inproceedings{generalizationdiffusiongeometry,
title={Generalization in diffusion models arises from geometry-adaptive harmonic representations},
author={Zahra Kadkhodaie and Florentin Guth and Eero P Simoncelli and St{\'e}phane Mallat},
booktitle={ICLR},
year={2024},
}


% Graph Transformers

@article{GraphIBwithoutMP,
  title={Graph Inductive Biases in Transformers without Message Passing},
  author={Liheng Ma and Chen Lin and Derek Lim and Adriana Romero-Soriano and Puneet Kumar Dokania and Mark Coates and Philip H. S. Torr and Ser Nam Lim},
  journal={ArXiv},
  year={2023},
  volume={abs/2305.17589}
}  % ICML 2023

@article{Exphormer,
  title={Exphormer: Sparse Transformers for Graphs},
  author={Hamed Shirzad and Ameya Velingker and B. Venkatachalam and Danica J. Sutherland and Ali Kemal Sinop},
  journal={ICML},
  year={2023}
} 

% regularization
@article{VQGraph,
  title={VQGraph: Graph Vector-Quantization for Bridging GNNs and MLPs},
  author={Ling Yang and Ye Tian and Minkai Xu and Zhongyi Liu and Shenda Hong and Wei Qu and Wentao Zhang and Bin Cuiand Muhan Zhang and Jure Leskovec},
  journal={ArXiv},
  year={2023}
}

@article{PretrainGINE,
  title={Strategies for Pre-training Graph Neural Networks},
  author={Weihua Hu and Bowen Liu and Joseph Gomes and Marinka Zitnik and Percy Liang and Vijay S. Pande and Jure Leskovec},
  journal={arXiv: Learning},
  year={2019}
}



@inproceedings{GraphSAINT,
  title={GraphSAINT: Graph Sampling Based Inductive Learning Method},
  author={Hanqing Zeng and Hongkuan Zhou and Ajitesh Srivastava and Rajgopal Kannan and Viktor Prasanna},
  booktitle={International Conference on Learning Representations},
  year={2020},
  url={https://openreview.net/forum?id=BJe8pkHFwS}
}

@inproceedings{grand+,
  title={Grand+: Scalable graph random neural networks},
  author={Feng, Wenzheng and Dong, Yuxiao and Huang, Tinglin and Yin, Ziqi and Cheng, Xu and Kharlamov, Evgeny and Tang, Jie},
  booktitle={WWW},
  year={2022}
}

@inproceedings{Graphormer,
  title={Do Transformers Really Perform Bad for Graph Representation?},
  author={Chengxuan Ying and Tianle Cai and Shengjie Luo and Shuxin Zheng and Guolin Ke and Di He and Yanming Shen and Tie-Yan Liu},
  booktitle={Neural Information Processing Systems},
  year={2021}
}


@article{EGT,
  title={Global Self-Attention as a Replacement for Graph Convolution},
  author={Md Shamim Hussain and Mohammed J. Zaki and D. Subramanian},
  journal={SIGKDD},
  year={2021}
}  % KDD 2022

% Prompt, finetune and in-context learning

@article{PRODIGY,
  title={PRODIGY: Enabling In-context Learning Over Graphs},
  author={Qian Huang and Hongyu Ren and Peng Chen and Gregor Krvzmanc and Daniel Dajun Zeng and Percy Liang and Jure Leskovec},
  journal={ArXiv},
  year={2023},
  volume={abs/2305.12600}
}

@article{AllInOneGraphPrompt,
  title={All in One: Multi-Task Prompting for Graph Neural Networks},
  author={Xiangguo Sun and Hongtao Cheng and Jia Li and Bo Liu and Jihong Guan},
  journal={SIGKDD},
  year={2023}
}

@inproceedings{InContextDiffusion,
  title={In-Context Learning Unlocked for Diffusion Models},
  author={Zhendong Wang and Yifan Jiang and Yadong Lu and yelong shen and Pengcheng He and Weizhu Chen and Zhangyang Wang and Mingyuan Zhou},
  booktitle={NeurIPS},
  year={2023}
}

# datasets
@article{QM9,
  title={Quantum chemistry structures and properties of 134 kilo molecules},
  author={Raghunathan Ramakrishnan and Pavlo O. Dral and Matthias Rupp and O. Anatole von Lilienfeld},
  journal={Scientific Data},
  year={2014},
  volume={1}
}

@article{Zinc,
  title={Benchmarking Graph Neural Networks},
  author={Vijay Prakash Dwivedi and Chaitanya K. Joshi and Thomas Laurent and Yoshua Bengio and Xavier Bresson},
  journal={ArXiv},
  year={2020},
  volume={abs/2003.00982}
}

@article{OGB,
  title={Open Graph Benchmark: Datasets for Machine Learning on Graphs},
  author={Weihua Hu and Matthias Fey and Marinka Zitnik and Yuxiao Dong and Hongyu Ren and Bowen Liu and Michele Catasta and Jure Leskovec},
  journal={ArXiv},
  year={2020},
  volume={abs/2005.00687}
}


@InProceedings{Planetoid,
  title = 	 {Revisiting Semi-Supervised Learning with Graph Embeddings},
  author = 	 {Yang, Zhilin and Cohen, William and Salakhudinov, Ruslan},
  booktitle = 	 {ICML},
  year = 	 {2016}
}

@article{Amazon,
  title={Pitfalls of graph neural network evaluation},
  author={Shchur, Oleksandr and Mumme, Maximilian and Bojchevski, Aleksandar and G{\"u}nnemann, Stephan},
  journal={arXiv preprint arXiv:1811.05868},
  year={2018}
}

@article{Moses,
  title={{M}olecular {S}ets ({MOSES}): {A} {B}enchmarking {P}latform for {M}olecular {G}eneration {M}odels},
  author={Polykovskiy, Daniil and Zhebrak, Alexander and Sanchez-Lengeling, Benjamin and Golovanov, Sergey and Tatanov, Oktai and Belyaev, Stanislav and Kurbanov, Rauf and Artamonov, Aleksey and Aladinskiy, Vladimir and Veselov, Mark and Kadurin, Artur and Johansson, Simon and  Chen, Hongming and Nikolenko, Sergey and Aspuru-Guzik, Alan and Zhavoronkov, Alex},
  journal={Frontiers in Pharmacology},
  year={2020}
}


# baselines
@inproceedings{OFA,
  title={One For All: Towards Training One Graph Model For All Classification Tasks},
  author={Hao Liu and Jiarui Feng and Lecheng Kong and Ningyue Liang and Dacheng Tao and Yixin Chen and Muhan Zhang},
  booktitle={ICLR},
  year={2024}
}

@article{Khop,
  title={How Powerful are K-hop Message Passing Graph Neural Networks},
  author={Jiarui Feng and Yixin Chen and Fuhai Li and Anindya Sarkar and Muhan Zhang},
  journal={ArXiv},
  year={2022},
  volume={abs/2205.13328}
}

@article{HowPowerfulGNN,
  title={How Powerful are Graph Neural Networks?},
  author={Keyulu Xu and Weihua Hu and Jure Leskovec and Stefanie Jegelka},
  journal={ICLR},
  year={2018}
}

@article{zhang2023complete,
  title={A Complete Expressiveness Hierarchy for Subgraph GNNs via Subgraph Weisfeiler-Lehman Tests},
  author={Zhang, Bohang and Feng, Guhao and Du, Yiheng and He, Di and Wang, Liwei},
  journal={arXiv preprint arXiv:2302.07090},
  year={2023}
}

@inproceedings{morris2019weisfeiler,
  title={Weisfeiler and leman go neural: Higher-order graph neural networks},
  author={Morris, Christopher and Ritzert, Martin and Fey, Matthias and Hamilton, William L and Lenssen, Jan Eric and Rattan, Gaurav and Grohe, Martin},
  booktitle={Proceedings of the AAAI conference on artificial intelligence},
  pages={4602--4609},
  year={2019}
}

@article{morris2020weisfeiler,
  title={Weisfeiler and Leman go sparse: Towards scalable higher-order graph embeddings},
  author={Morris, Christopher and Rattan, Gaurav and Mutzel, Petra},
  journal={Advances in Neural Information Processing Systems},
  volume={33},
  pages={21824--21840},
  year={2020}
}

@InProceedings{klWL,
  title = 	 {From Relational Pooling to Subgraph {GNN}s: A Universal Framework for More Expressive Graph Neural Networks},
  author =       {Zhou, Cai and Wang, Xiyuan and Zhang, Muhan},
  booktitle = 	 {Proceedings of the 40th ICML},
  pages = 	 {42742--42768},
  year = 	 {2023},
  volume = 	 {202},
  series = 	 {Proceedings of Machine Learning Research},
  publisher =    {PMLR}
}

@article{Kim2023pure,
  title={Pure Transformers are Powerful Graph Learners},
  author={Jinwoo Kim and Tien Dat Nguyen and Seonwoo Min and Sungjun Cho and Moontae Lee and Honglak Lee and Seunghoon Hong},
  journal={ArXiv},
  year={2022},
  volume={abs/2207.02505}
}

@InProceedings{kTransformer,
  title = 	 {On the Theoretical Expressive Power and the Design Space of Higher-Order Graph Transformers},
  author =       {Zhou, Cai and Yu, Rose and Wang, Yusu},
  booktitle = 	 {Proceedings of The 27th International Conference on Artificial Intelligence and Statistics},
  pages = 	 {2179--2187},
  year = 	 {2024},
  volume = 	 {238},
  series = 	 {Proceedings of Machine Learning Research},
  publisher =    {PMLR},
}


@article{RethinkingBiconnectivityResitance,
  title={Rethinking the Expressive Power of GNNs via Graph Biconnectivity},
  author={Bohang Zhang and Shengjie Luo and Liwei Wang and Di He},
  journal={ArXiv},
  year={2023},
  volume={abs/2301.09505}
}

@inproceedings{HodgeRandomWalk,
 author = {Zhou, Cai and Wang, Xiyuan and Zhang, Muhan},
 booktitle = {Advances in Neural Information Processing Systems},
 pages = {16172--16206},
 publisher = {Curran Associates, Inc.},
 title = {Facilitating Graph Neural Networks with Random Walk on Simplicial Complexes},
 volume = {36},
 year = {2023}
}

@article{RWSELearnable,
  title={Graph Neural Networks with Learnable Structural and Positional Representations},
  author={Vijay Prakash Dwivedi and Anh Tuan Luu and Thomas Laurent and Yoshua Bengio and Xavier Bresson},
  journal={ArXiv},
  year={2021},
  volume={abs/2110.07875}
}

@article{EquivariantPELap,
  title={Equivariant and Stable Positional Encoding for More Powerful Graph Neural Networks},
  author={Hongya Wang and Haoteng Yin and Muhan Zhang and Pan Li},
  journal={ArXiv},
  year={2022},
  volume={abs/2203.00199}
}

@article{SignandBasis,
  title={Sign and Basis Invariant Networks for Spectral Graph Representation Learning},
  author={Derek Lim and Joshua Robinson and Lingxiao Zhao and Tess E. Smidt and Suvrit Sra and Haggai Maron and Stefanie Jegelka},
  journal={ArXiv},
  year={2022},
  volume={abs/2202.13013}
}

@article{DTNN,
  title={MoleculeNet: a benchmark for molecular machine learning† †Electronic supplementary information (ESI) available. See DOI: 10.1039/c7sc02664a},
  author={Zhenqin Wu and Bharath Ramsundar and Evan N. Feinberg and Joseph Gomes and Caleb Geniesse and Aneesh S. Pappu and Karl Leswing and Vijay S. Pande},
  journal={Chemical Science},
  year={2017},
  volume={9},
  pages={513 - 530}
}


@article{GPS,
  title={Recipe for a General, Powerful, Scalable Graph Transformer},
  author={Ladislav Ramp{\'a}sek and Mikhail Galkin and Vijay Prakash Dwivedi and Anh Tuan Luu and Guy Wolf and D. Beaini},
  journal={ArXiv},
  year={2022},
  volume={abs/2205.12454}
}


@ARTICLE{GSN,
  author={Bouritsas, Giorgos and Frasca, Fabrizio and Zafeiriou, Stefanos and Bronstein, Michael M.},
  journal={IEEE Transactions on Pattern Analysis and Machine Intelligence}, 
  title={Improving Graph Neural Network Expressivity via Subgraph Isomorphism Counting}, 
  year={2023},
  volume={45},
  number={1},
  pages={657-668},
  doi={10.1109/TPAMI.2022.3154319}
}

@inproceedings{IDAwareGNN,
  title={Identity-aware Graph Neural Networks},
  author={Jiaxuan You and Jonathan M. Gomes-Selman and Rex Ying and Jure Leskovec},
  booktitle={AAAI Conference on Artificial Intelligence},
  year={2021}
}

@article{PNA,
  title={Principal Neighbourhood Aggregation for Graph Nets},
  author={Gabriele Corso and Luca Cavalleri and D. Beaini and Pietro Lio’ and Petar Velickovic},
  journal={ArXiv},
  year={2020},
  volume={abs/2004.05718}
}

@inproceedings{CIN,
  title={Weisfeiler and Lehman Go Cellular: CW Networks},
  author={Cristian Bodnar and Fabrizio Frasca and Nina Otter and Yu Guang Wang and Pietro Lio’ and Guido Mont{\'u}far and Michael M. Bronstein},
  booktitle={Neural Information Processing Systems},
  year={2021}
}

@article{UnderstandingSymmetry,
  title={Understanding and Extending Subgraph GNNs by Rethinking Their Symmetries},
  author={Fabrizio Frasca and Beatrice Bevilacqua and Michael Bronstein and Haggai Maron},
  journal={ArXiv},
  year={2022},
  volume={abs/2206.11140}
}

@inproceedings{SAN,
 author = {Kreuzer, Devin and Beaini, Dominique and Hamilton, Will and L\'{e}tourneau, Vincent and Tossou, Prudencio},
 booktitle = {Advances in Neural Information Processing Systems},
 editor = {M. Ranzato and A. Beygelzimer and Y. Dauphin and P.S. Liang and J. Wortman Vaughan},
 pages = {21618--21629},
 publisher = {Curran Associates, Inc.},
 title = {Rethinking Graph Transformers with Spectral Attention},
 url = {https://proceedings.neurips.cc/paper_files/paper/2021/file/b4fd1d2cb085390fbbadae65e07876a7-Paper.pdf},
 volume = {34},
 year = {2021}
}

@inproceedings{NAGphormer,
  title={{NAG}phormer: A Tokenized Graph Transformer for Node Classification in Large Graphs},
  author={Jinsong Chen and Kaiyuan Gao and Gaichao Li and Kun He},
  booktitle={The Eleventh International Conference on Learning Representations },
  year={2023},
  url={https://openreview.net/forum?id=8KYeilT3Ow}
}

@inproceedings{ACMHeterophily,
  title={Revisiting Heterophily For Graph Neural Networks},
  author={Sitao Luan and Chenqing Hua and Qincheng Lu and Jiaqi Zhu and Mingde Zhao and Shuyuan Zhang and Xiao-Wen Chang and Doina Precup},
  booktitle={Advances in Neural Information Processing Systems},
  editor={Alice H. Oh and Alekh Agarwal and Danielle Belgrave and Kyunghyun Cho},
  year={2022},
  url={https://openreview.net/forum?id=NjeEfP7e3KZ}
}

@article{OSAN,
  title={Ordered Subgraph Aggregation Networks},
  author={Chen Qian and Gaurav Rattan and Floris Geerts and Christopher Morris and Mathias Niepert},
  journal={ArXiv},
  year={2022},
  volume={abs/2206.11168}
}

@article{CountSubstructures,
  author    = {Zhengdao Chen and
               Lei Chen and
               Soledad Villar and
               Joan Bruna},
  title     = {Can graph neural networks count substructures?},
  journal   = {CoRR},
  volume    = {abs/2002.04025},
  year      = {2020},
  url       = {https://arxiv.org/abs/2002.04025},
  eprinttype = {arXiv},
  eprint    = {2002.04025},
  timestamp = {Sun, 25 Oct 2020 13:10:08 +0100},
  biburl    = {https://dblp.org/rec/journals/corr/abs-2002-04025.bib},
  bibsource = {dblp computer science bibliography, https://dblp.org}
}

% background
@article{denovoconditional,
  title={Multi-objective de novo drug design with conditional graph generative model},
  author={Li, Yibo and Zhang, Liangren and Liu, Zhenming},
  journal={Journal of cheminformatics},
  volume={10},
  pages={1--24},
  year={2018},
  publisher={Springer}
}

@inproceedings{graphite,
  title={Graphite: Iterative generative modeling of graphs},
  author={Grover, Aditya and Zweig, Aaron and Ermon, Stefano},
  booktitle={ICML},
  year={2019}
}

@article{llama,
  title={Llama: Open and efficient foundation language models},
  author={Touvron, Hugo and Lavril, Thibaut and Izacard, Gautier and Martinet, Xavier and Lachaux, Marie-Anne and Lacroix, Timoth{\'e}e and Rozi{\`e}re, Baptiste and Goyal, Naman and Hambro, Eric and Azhar, Faisal and others},
  journal={arXiv preprint arXiv:2302.13971},
  year={2023}
}

@article{opportunitiesfoundation,
  title={On the opportunities and risks of foundation models},
  author={Bommasani, Rishi and Hudson, Drew A and Adeli, Ehsan and Altman, Russ and Arora, Simran and von Arx, Sydney and Bernstein, Michael S and Bohg, Jeannette and Bosselut, Antoine and Brunskill, Emma and others},
  journal={arXiv preprint arXiv:2108.07258},
  year={2021}
}


@TechReport{mitchell80,
  author = 	 "T. M. Mitchell",
  title = 	 "The Need for Biases in Learning Generalizations",
  institution =  "Computer Science Department, Rutgers University",
  year = 	 "1980",
  address =	 "New Brunswick, MA",
}

@phdthesis{kearns89,
  author = {M. J. Kearns},
  title =  {Computational Complexity of Machine Learning},
  school = {Department of Computer Science, Harvard University},
  year =   {1989}
}

@Book{MachineLearningI,
  editor = 	 "R. S. Michalski and J. G. Carbonell and T.
		  M. Mitchell",
  title = 	 "Machine Learning: An Artificial Intelligence
		  Approach, Vol. I",
  publisher = 	 "Tioga",
  year = 	 "1983",
  address =	 "Palo Alto, CA"
}

@Book{DudaHart2nd,
  author =       "R. O. Duda and P. E. Hart and D. G. Stork",
  title =        "Pattern Classification",
  publisher =    "John Wiley and Sons",
  edition =      "2nd",
  year =         "2000"
}

@misc{anonymous,
  title= {Suppressed for Anonymity},
  author= {Author, N. N.},
  year= {2021}
}

@InCollection{Newell81,
  author =       "A. Newell and P. S. Rosenbloom",
  title =        "Mechanisms of Skill Acquisition and the Law of
                  Practice", 
  booktitle =    "Cognitive Skills and Their Acquisition",
  pages =        "1--51",
  publisher =    "Lawrence Erlbaum Associates, Inc.",
  year =         "1981",
  editor =       "J. R. Anderson",
  chapter =      "1",
  address =      "Hillsdale, NJ"
}


@Article{Samuel59,
  author = 	 "A. L. Samuel",
  title = 	 "Some Studies in Machine Learning Using the Game of
		  Checkers",
  journal =	 "IBM Journal of Research and Development",
  year =	 "1959",
  volume =	 "3",
  number =	 "3",
  pages =	 "211--229"
}
