@article{DiGressDDGraph,
  title={DiGress: Discrete Denoising diffusion for graph generation},
  author={Cl{\'e}ment Vignac and Igor Krawczuk and Antoine Siraudin and Bohan Wang and Volkan Cevher and Pascal Frossard},
  journal={ArXiv},
  year={2022},
  volume={abs/2209.14734}
}

@article{DiffusionGraphBenefitDiscrete,
  title={Diffusion Models for Graphs Benefit From Discrete State Spaces},
  author={Kilian Konstantin Haefeli and Karolis Martinkus and Nathanael Perraudin and Roger Wattenhofer},
  journal={ArXiv},
  year={2022},
  volume={abs/2210.01549}
}

@article{LGD,
  author       = {Cai Zhou and
                  Xiyuan Wang and
                  Muhan Zhang},
  title        = {Latent Graph Diffusion: {A} Unified Framework for Generation and Prediction
                  on Graphs},
  journal      = {NeurIPS},
  year         = {2024},
}

@inproceedings{MPNN,
  title={Neural message passing for quantum chemistry},
  author={Gilmer, Justin and Schoenholz, Samuel S and Riley, Patrick F and Vinyals, Oriol and Dahl, George E},
  booktitle={ICML},
  year={2017}
}

@article{NGNN,
  title={Nested graph neural networks},
  author={Zhang, Muhan and Li, Pan},
  journal={NeurIPS},
  year={2021}
}

@article{PPGN,
  title={Provably powerful graph networks},
  author={Maron, Haggai and Ben-Hamu, Heli and Serviansky, Hadar and Lipman, Yaron},
  journal={NeurIPS},
  year={2019}
}

@inproceedings{SSWL,
  author       = {Bohang Zhang and
                  Guhao Feng and
                  Yiheng Du and
                  Di He and
                  Liwei Wang},
  title        = {A Complete Expressiveness Hierarchy for Subgraph GNNs via Subgraph Weisfeiler-Lehman Tests},
  booktitle    = {ICML},
  year         = {2023}
}

@article{SaGessSamplingGraph,
  title={SaGess: Sampling Graph Denoising Diffusion Model for Scalable Graph Generation},
  author={Stratis Limnios and Praveen Selvaraj and Mihai Cucuringu and Carsten Maple and Gesine Reinert and Andrew Elliott},
  journal={ArXiv},
  year={2023},
  volume={abs/2306.16827}
}

@inproceedings{ScorebasedGraph,
  title={Permutation Invariant Graph Generation via Score-Based Generative Modeling},
  author={Chenhao Niu and Yang Song and Jiaming Song and Shengjia Zhao and Aditya Grover and Stefano Ermon},
  booktitle={International Conference on Artificial Intelligence and Statistics},
  year={2020}
}

@inproceedings{ScorebasedGraphDSS,
  title={Score-based Generative Modeling of Graphs via the System of Stochastic Differential Equations},
  author={Jaehyeong Jo and Seul Lee and Sung Ju Hwang},
  booktitle={ICML},
  year={2022}
}

