@inproceedings{azaria-mitchell-2023-internal,
    title = "The Internal State of an {LLM} Knows When It`s Lying",
    author = "Azaria, Amos  and
      Mitchell, Tom",
    editor = "Bouamor, Houda  and
      Pino, Juan  and
      Bali, Kalika",
    booktitle = "Findings of the Association for Computational Linguistics: EMNLP 2023",
    month = dec,
    year = "2023",
    address = "Singapore",
    publisher = "Association for Computational Linguistics",
    url = "https://aclanthology.org/2023.findings-emnlp.68/",
    doi = "10.18653/v1/2023.findings-emnlp.68",
    pages = "967--976",
}

@article{besta2024got,
  title = {{Graph of Thoughts: Solving Elaborate Problems with Large Language Models}},
  author = {Besta, Maciej and Blach, Nils and Kubicek, Ales and Gerstenberger, Robert and Gianinazzi, Lukas and Gajda, Joanna and Lehmann, Tomasz and Podstawski, Micha{\l} and Niewiadomski, Hubert and Nyczyk, Piotr and Hoefler, Torsten},
  year = 2024,
  month = {Mar},
  journal = {Proceedings of the AAAI Conference on Artificial Intelligence},
  volume = 38,
  number = 16,
  pages = {17682-17690},
  publisher = {AAAI Press},
  doi = {10.1609/aaai.v38i16.29720},
  url = {https://ojs.aaai.org/index.php/AAAI/article/view/29720}
}

@article{brown2020language,
  title={Language models are few-shot learners},
  author={Brown, Tom and Mann, Benjamin and Ryder, Nick and Subbiah, Melanie and Kaplan, Jared D and Dhariwal, Prafulla and Neelakantan, Arvind and Shyam, Pranav and Sastry, Girish and Askell, Amanda and others},
  journal={Advances in neural information processing systems},
  volume={33},
  pages={1877--1901},
  year={2020}
}

@inproceedings{chen-mueller-2024-quantifying,
    title = "Quantifying Uncertainty in Answers from any Language Model and Enhancing their Trustworthiness",
    author = "Chen, Jiuhai  and
      Mueller, Jonas",
    editor = "Ku, Lun-Wei  and
      Martins, Andre  and
      Srikumar, Vivek",
    booktitle = "Proceedings of the 62nd Annual Meeting of the Association for Computational Linguistics (Volume 1: Long Papers)",
    month = aug,
    year = "2024",
    address = "Bangkok, Thailand",
    publisher = "Association for Computational Linguistics",
    url = "https://aclanthology.org/2024.acl-long.283/",
    doi = "10.18653/v1/2024.acl-long.283",
    pages = "5186--5200",
}

@article{chen2022program,
  title = {Program of Thoughts Prompting: Disentangling Computation from Reasoning for Numerical Reasoning Tasks},
  author = {Wenhu Chen and Xueguang Ma and Xinyi Wang and William W. Cohen},
  journal={Transactions on Machine Learning Research},
  year = {2023},
}

@article{cohen2024don,
  title={I Don't Know: Explicit Modeling of Uncertainty with an [IDK] Token},
  author={Cohen, Roi and Dobler, Konstantin and Biran, Eden and de Melo, Gerard},
  journal={arXiv preprint arXiv:2412.06676},
  year={2024}
}

@inproceedings{dua-etal-2022-successive,
    title = "Successive Prompting for Decomposing Complex Questions",
    author = "Dua, Dheeru  and
      Gupta, Shivanshu  and
      Singh, Sameer  and
      Gardner, Matt",
    editor = "Goldberg, Yoav  and
      Kozareva, Zornitsa  and
      Zhang, Yue",
    booktitle = "Proceedings of the 2022 Conference on Empirical Methods in Natural Language Processing",
    month = dec,
    year = "2022",
    address = "Abu Dhabi, United Arab Emirates",
    publisher = "Association for Computational Linguistics",
    url = "https://aclanthology.org/2022.emnlp-main.81/",
    doi = "10.18653/v1/2022.emnlp-main.81",
    pages = "1251--1265",
}

@inproceedings{duan-etal-2024-shifting,
    title = "Shifting Attention to Relevance: Towards the Predictive Uncertainty Quantification of Free-Form Large Language Models",
    author = "Duan, Jinhao  and
      Cheng, Hao  and
      Wang, Shiqi  and
      Zavalny, Alex  and
      Wang, Chenan  and
      Xu, Renjing  and
      Kailkhura, Bhavya  and
      Xu, Kaidi",
    editor = "Ku, Lun-Wei  and
      Martins, Andre  and
      Srikumar, Vivek",
    booktitle = "Proceedings of the 62nd Annual Meeting of the Association for Computational Linguistics (Volume 1: Long Papers)",
    month = aug,
    year = "2024",
    address = "Bangkok, Thailand",
    publisher = "Association for Computational Linguistics",
    url = "https://aclanthology.org/2024.acl-long.276/",
    doi = "10.18653/v1/2024.acl-long.276",
    pages = "5050--5063",
}

@inproceedings{fadeeva-etal-2024-fact,
    title = "Fact-Checking the Output of Large Language Models via Token-Level Uncertainty Quantification",
    author = "Fadeeva, Ekaterina  and
      Rubashevskii, Aleksandr  and
      Shelmanov, Artem  and
      Petrakov, Sergey  and
      Li, Haonan  and
      Mubarak, Hamdy  and
      Tsymbalov, Evgenii  and
      Kuzmin, Gleb  and
      Panchenko, Alexander  and
      Baldwin, Timothy  and
      Nakov, Preslav  and
      Panov, Maxim",
    editor = "Ku, Lun-Wei  and
      Martins, Andre  and
      Srikumar, Vivek",
    booktitle = "Findings of the Association for Computational Linguistics: ACL 2024",
    month = aug,
    year = "2024",
    address = "Bangkok, Thailand",
    publisher = "Association for Computational Linguistics",
    url = "https://aclanthology.org/2024.findings-acl.558/",
    doi = "10.18653/v1/2024.findings-acl.558",
    pages = "9367--9385",
}

@inproceedings{gonen-etal-2023-demystifying,
    title = "Demystifying Prompts in Language Models via Perplexity Estimation",
    author = "Gonen, Hila  and
      Iyer, Srini  and
      Blevins, Terra  and
      Smith, Noah  and
      Zettlemoyer, Luke",
    editor = "Bouamor, Houda  and
      Pino, Juan  and
      Bali, Kalika",
    booktitle = "Findings of the Association for Computational Linguistics: EMNLP 2023",
    month = dec,
    year = "2023",
    address = "Singapore",
    publisher = "Association for Computational Linguistics",
    url = "https://aclanthology.org/2023.findings-emnlp.679/",
    doi = "10.18653/v1/2023.findings-emnlp.679",
    pages = "10136--10148",
}

@article{huang2023look,
  title={Look before you leap: An exploratory study of uncertainty measurement for large language models},
  author={Huang, Yuheng and Song, Jiayang and Wang, Zhijie and Zhao, Shengming and Chen, Huaming and Juefei-Xu, Felix and Ma, Lei},
  journal={arXiv preprint arXiv:2307.10236},
  year={2023}
}

@article{huang2024unlocking,
  title={Unlocking the Power of LLM Uncertainty for Active In-Context Example Selection},
  author={Hsiu-Yuan Huang and Zichen Wu and Yutong Yang and Junzhao Zhang and Yunfang Wu},
  journal={arXiv preprint arXiv:2408.09172},
  year={2024},
  url={https://arxiv.org/abs/2408.09172}
}

@article{kadavath2022language,
  title={Language models (mostly) know what they know},
  author={Kadavath, Saurav and Conerly, Tom and Askell, Amanda and Henighan, Tom and Drain, Dawn and Perez, Ethan and Schiefer, Nicholas and Hatfield-Dodds, Zac and DasSarma, Nova and Tran-Johnson, Eli and others},
  journal={arXiv preprint arXiv:2207.05221},
  year={2022}
}

@article{khot2022decomposed,
  title={Decomposed prompting: A modular approach for solving complex tasks},
  author={Khot, Tushar and Trivedi, Harsh and Finlayson, Matthew and Fu, Yao and Richardson, Kyle and Clark, Peter and Sabharwal, Ashish},
  journal={arXiv preprint arXiv:2210.02406},
  year={2022}
}

@misc{kim2024husky,
        title={Husky: A Unified, Open-Source Language Agent for Multi-Step Reasoning}, 
        author={Joongwon Kim and Bhargavi Paranjape and Tushar Khot and Hannaneh Hajishirzi},
        year={2024},
        eprint={2406.},
        archivePrefix={arXiv},
        primaryClass={cs.CL}
}

@article{kojima2022large,
  title={Large language models are zero-shot reasoners},
  author={Kojima, Takeshi and Gu, Shixiang Shane and Reid, Machel and Matsuo, Yutaka and Iwasawa, Yusuke},
  journal={Advances in neural information processing systems},
  volume={35},
  pages={22199--22213},
  year={2022}
}

@article{kuhn2023semantic,
  title={Semantic uncertainty: Linguistic invariances for uncertainty estimation in natural language generation},
  author={Kuhn, Lorenz and Gal, Yarin and Farquhar, Sebastian},
  journal={arXiv preprint arXiv:2302.09664},
  year={2023}
}

@article{lin2022teaching,
  title={Teaching models to express their uncertainty in words},
  author={Lin, Stephanie and Hilton, Jacob and Evans, Owain},
  journal={arXiv preprint arXiv:2205.14334},
  year={2022}
}

@article{lin2023generating,
  title={Generating with confidence: Uncertainty quantification for black-box large language models},
  author={Lin, Zhen and Trivedi, Shubhendu and Sun, Jimeng},
  journal={arXiv preprint arXiv:2305.19187},
  year={2023}
}

@article{ling2023deductive,
  title={Deductive Verification of Chain-of-Thought Reasoning},
  author={Ling, Zhan and Fang, Yunhao and Li, Xuanlin and Huang, Zhiao and Lee, Mingu and Memisevic, Roland and Su, Hao},
  journal={arXiv preprint arXiv:2306.03872},
  year={2023}
}

@article{lu2023chameleon,
  title={Chameleon: Plug-and-Play Compositional Reasoning with Large Language Models},
  author={Lu, Pan and Peng, Baolin and Cheng, Hao and Galley, Michel and Chang, Kai-Wei and Wu, Ying Nian and Zhu, Song-Chun and Gao, Jianfeng},
  journal={arXiv preprint arXiv:2304.09842},
  year={2023}
}

@article{malinin2020uncertainty,
  title={Uncertainty estimation in autoregressive structured prediction},
  author={Malinin, Andrey and Gales, Mark},
  journal={arXiv preprint arXiv:2002.07650},
  year={2020}
}

@inproceedings{manakul-etal-2023-selfcheckgpt,
    title = "{S}elf{C}heck{GPT}: Zero-Resource Black-Box Hallucination Detection for Generative Large Language Models",
    author = "Manakul, Potsawee  and
      Liusie, Adian  and
      Gales, Mark",
    editor = "Bouamor, Houda  and
      Pino, Juan  and
      Bali, Kalika",
    booktitle = "Proceedings of the 2023 Conference on Empirical Methods in Natural Language Processing",
    month = dec,
    year = "2023",
    address = "Singapore",
    publisher = "Association for Computational Linguistics",
    url = "https://aclanthology.org/2023.emnlp-main.557/",
    doi = "10.18653/v1/2023.emnlp-main.557",
    pages = "9004--9017",
}

@inproceedings{margatina-etal-2023-active,
    title = "Active Learning Principles for In-Context Learning with Large Language Models",
    author = "Margatina, Katerina  and
      Schick, Timo  and
      Aletras, Nikolaos  and
      Dwivedi-Yu, Jane",
    editor = "Bouamor, Houda  and
      Pino, Juan  and
      Bali, Kalika",
    booktitle = "Findings of the Association for Computational Linguistics: EMNLP 2023",
    month = dec,
    year = "2023",
    address = "Singapore",
    publisher = "Association for Computational Linguistics",
    url = "https://aclanthology.org/2023.findings-emnlp.334/",
    doi = "10.18653/v1/2023.findings-emnlp.334",
    pages = "5011--5034",
}

@inproceedings{murray-chiang-2018-correcting,
    title = "Correcting Length Bias in Neural Machine Translation",
    author = "Murray, Kenton  and
      Chiang, David",
    editor = "Bojar, Ond{\v{r}}ej  and
      Chatterjee, Rajen  and
      Federmann, Christian  and
      Fishel, Mark  and
      Graham, Yvette  and
      Haddow, Barry  and
      Huck, Matthias  and
      Yepes, Antonio Jimeno  and
      Koehn, Philipp  and
      Monz, Christof  and
      Negri, Matteo  and
      N{\'e}v{\'e}ol, Aur{\'e}lie  and
      Neves, Mariana  and
      Post, Matt  and
      Specia, Lucia  and
      Turchi, Marco  and
      Verspoor, Karin",
    booktitle = "Proceedings of the Third Conference on Machine Translation: Research Papers",
    month = oct,
    year = "2018",
    address = "Brussels, Belgium",
    publisher = "Association for Computational Linguistics",
    url = "https://aclanthology.org/W18-6322/",
    doi = "10.18653/v1/W18-6322",
    pages = "212--223",
}

@article{nikitin2024kernel,
  title={Kernel Language Entropy: Fine-grained Uncertainty Quantification for LLMs from Semantic Similarities},
  author={Nikitin, Alexander and Kossen, Jannik and Gal, Yarin and Marttinen, Pekka},
  journal={arXiv preprint arXiv:2405.20003},
  year={2024}
}

@inproceedings{qiu2024semantic,
title={Semantic Density: Uncertainty Quantification for Large Language Models through Confidence Measurement in Semantic Space},
author={Qiu, Xin and Miikkulainen, Risto},
booktitle={The Thirty-eighth Annual Conference on Neural Information Processing Systems},
year={2024},
}

@inproceedings{tian-etal-2023-just,
    title = "Just Ask for Calibration: Strategies for Eliciting Calibrated Confidence Scores from Language Models Fine-Tuned with Human Feedback",
    author = "Tian, Katherine  and
      Mitchell, Eric  and
      Zhou, Allan  and
      Sharma, Archit  and
      Rafailov, Rafael  and
      Yao, Huaxiu  and
      Finn, Chelsea  and
      Manning, Christopher",
    editor = "Bouamor, Houda  and
      Pino, Juan  and
      Bali, Kalika",
    booktitle = "Proceedings of the 2023 Conference on Empirical Methods in Natural Language Processing",
    month = dec,
    year = "2023",
    address = "Singapore",
    publisher = "Association for Computational Linguistics",
    url = "https://aclanthology.org/2023.emnlp-main.330/",
    doi = "10.18653/v1/2023.emnlp-main.330",
    pages = "5433--5442",
}

@article{wang2022self,
  title={Self-consistency improves chain of thought reasoning in language models},
  author={Wang, Xuezhi and Wei, Jason and Schuurmans, Dale and Le, Quoc and Chi, Ed and Narang, Sharan and Chowdhery, Aakanksha and Zhou, Denny},
  journal={arXiv preprint arXiv:2203.11171},
  year={2022}
}

@article{wang2023hypothesis,
  title={Hypothesis search: Inductive reasoning with language models},
  author={Wang, Ruocheng and Zelikman, Eric and Poesia, Gabriel and Pu, Yewen and Haber, Nick and Goodman, Noah D},
  journal={arXiv preprint arXiv:2309.05660},
  year={2023}
}

@article{wang2024chain,
  title={Chain-of-thought reasoning without prompting},
  author={Wang, Xuezhi and Zhou, Denny},
  journal={arXiv preprint arXiv:2402.10200},
  year={2024}
}

@article{wang2024clue,
  title={CLUE: Concept-Level Uncertainty Estimation for Large Language Models},
  author={Wang, Yu-Hsiang and Bai, Andrew and Tsai, Che-Ping and Hsieh, Cho-Jui},
  journal={arXiv preprint arXiv:2409.03021},
  year={2024}
}

@article{wang2024planning,
  title={Planning in natural language improves llm search for code generation},
  author={Wang, Evan and Cassano, Federico and Wu, Catherine and Bai, Yunfeng and Song, Will and Nath, Vaskar and Han, Ziwen and Hendryx, Sean and Yue, Summer and Zhang, Hugh},
  journal={arXiv preprint arXiv:2409.03733},
  year={2024}
}

@inproceedings{weng-etal-2023-large,
    title = "Large Language Models are Better Reasoners with Self-Verification",
    author = "Weng, Yixuan  and
      Zhu, Minjun  and
      Xia, Fei  and
      Li, Bin  and
      He, Shizhu  and
      Liu, Shengping  and
      Sun, Bin  and
      Liu, Kang  and
      Zhao, Jun",
    editor = "Bouamor, Houda  and
      Pino, Juan  and
      Bali, Kalika",
    booktitle = "Findings of the Association for Computational Linguistics: EMNLP 2023",
    month = dec,
    year = "2023",
    address = "Singapore",
    publisher = "Association for Computational Linguistics",
    url = "https://aclanthology.org/2023.findings-emnlp.167/",
    doi = "10.18653/v1/2023.findings-emnlp.167",
    pages = "2550--2575",
}

@article{xue2025decompose,
  title={Decompose, Analyze and Rethink: Solving Intricate Problems with Human-like Reasoning Cycle},
  author={Xue, Shangzi and Huang, Zhenya and Liu, Jiayu and Lin, Xin and Ning, Yuting and Jin, Binbin and Li, Xin and Liu, Qi},
  journal={Advances in Neural Information Processing Systems},
  volume={37},
  pages={357--385},
  year={2025}
}

@article{yang2024buffer,
  title={Buffer of Thoughts: Thought-Augmented Reasoning with Large Language Models},
  author={Yang, Ling and Yu, Zhaochen and Zhang, Tianjun and Cao, Shiyi and Xu, Minkai and Zhang, Wentao and Gonzalez, Joseph E and Cui, Bin},
  journal={Advances in Neural Information Processing Systems},
  year={2024}
}

@inproceedings{yao2023react,
  title = {{ReAct}: Synergizing Reasoning and Acting in Language Models},
  author = {Yao, Shunyu and Zhao, Jeffrey and Yu, Dian and Du, Nan and Shafran, Izhak and Narasimhan, Karthik and Cao, Yuan},
  booktitle = {International Conference on Learning Representations (ICLR) },
  year = {2023},
  html = {https://arxiv.org/abs/2210.03629},
}

@misc{yao2023tree,
      title={{Tree of Thoughts}: Deliberate Problem Solving with Large Language Models}, 
      author={Shunyu Yao and Dian Yu and Jeffrey Zhao and Izhak Shafran and Thomas L. Griffiths and Yuan Cao and Karthik Narasimhan},
      year={2023},
      eprint={2305.10601},
      archivePrefix={arXiv},
      primaryClass={cs.CL}
}

@inproceedings{zhang-etal-2023-sac3,
    title = "{SAC}$^3$: Reliable Hallucination Detection in Black-Box Language Models via Semantic-aware Cross-check Consistency",
    author = "Zhang, Jiaxin  and
      Li, Zhuohang  and
      Das, Kamalika  and
      Malin, Bradley  and
      Kumar, Sricharan",
    editor = "Bouamor, Houda  and
      Pino, Juan  and
      Bali, Kalika",
    booktitle = "Findings of the Association for Computational Linguistics: EMNLP 2023",
    month = dec,
    year = "2023",
    address = "Singapore",
    publisher = "Association for Computational Linguistics",
    url = "https://aclanthology.org/2023.findings-emnlp.1032/",
    doi = "10.18653/v1/2023.findings-emnlp.1032",
    pages = "15445--15458",
}

@article{zhou2022least,
  title={Least-to-most prompting enables complex reasoning in large language models},
  author={Zhou, Denny and Sch{\"a}rli, Nathanael and Hou, Le and Wei, Jason and Scales, Nathan and Wang, Xuezhi and Schuurmans, Dale and Cui, Claire and Bousquet, Olivier and Le, Quoc and others},
  journal={arXiv preprint arXiv:2205.10625},
  year={2022}
}

