@InProceedings{Akyurek22,
  author        = "Ekin Aky{\"u}rek and Dale Schuurmans and Jacob Andreas and Tengyu Ma and Denny Zhou",
  title         = "What Learning Algorithm Is In-Context Learning? Investigations with Linear Models",
  booktitle     = "Proceedings of the Eleventh International Conference on Learning Representations",
  year          = "2022",
  url           = "https://doi.org/10.48550/arXiv.2210.10282"
}

@InProceedings{Burns22,
  author        = "Cameron Burns and Huadong Ye and Dan Klein and Jacob Steinhardt",
  title         = "Discovering Latent Knowledge in Language Models Without Supervision",
  booktitle     = "Proceedings of the Eleventh International Conference on Learning Representations",
  year          = "2023",
  url           = "https://doi.org/10.48550/arXiv.2212.03827"
}

@InProceedings{Hendel23,
  author        = "Ronen Hendel and Mor Geva and Amir Globerson",
  title         = "In-Context Learning Creates Task Vectors",
  booktitle     = "Findings of the Association for Computational Linguistics: EMNLP 2023",
  pages         = "9318--9333",
  year          = "2023",
  url           = "https://doi.org/10.18653/v1/2023.emnlp-long.890"
}

@Article{Li22,
  author        = "Ke Li and Andrew K. Hopkins and David Bau and Fernanda Vi{\'e}gas and Hanspeter Pfister and Martin Wattenberg",
  title         = "Emergent World Representations: Exploring a Sequence Model Trained on a Synthetic Task",
  journal       = "arXiv preprint arXiv:2210.13382",
  year          = "2022",
  url           = "https://doi.org/10.48550/arXiv.2210.13382"
}

@InProceedings{Lu22,
  author        = "Yian Lu and Massimo Bartolo and Alastair Moore and Sebastian Riedel and Pontus Stenetorp",
  title         = "Fantastically Ordered Prompts and Where to Find Them: Overcoming Few-Shot Prompt Order Sensitivity",
  booktitle     = "Proceedings of the 60th Annual Meeting of the Association for Computational Linguistics (Volume 1: Long Papers)",
  pages         = "8086--8098",
  year          = "2022",
  url           = "https://doi.org/10.18653/v1/2022.acl-long.553"
}

@InProceedings{Min22,
  author        = "Sewon Min and Mike Lewis and Hannaneh Hajishirzi and Luke Zettlemoyer",
  title         = "Noisy Channel Language Model Prompting for Few-Shot Text Classification",
  booktitle     = "Proceedings of the 60th Annual Meeting of the Association for Computational Linguistics (Volume 1: Long Papers)",
  pages         = "5316--5330",
  year          = "2022",
  url           = "https://doi.org/10.18653/v1/2022.acl-long.419"
}

@Article{Mini23,
  author        = "Umang Mini and Peter Grietzer and Mukund Sharma and Alex Meek and Malachy MacDiarmid and Alec M. Turner",
  title         = "Understanding and Controlling a Maze-Solving Policy Network",
  journal       = "arXiv preprint arXiv:2310.08043",
  year          = "2023",
  url           = "https://doi.org/10.48550/arXiv.2310.08043"
}

@InProceedings{Rubin22,
  author        = "Or Hon Rubin and Jonathan Herzig and Jonathan Berant",
  title         = "Learning to Retrieve Prompts for In-Context Learning",
  booktitle     = "Proceedings of the 2022 Conference of the North American Chapter of the Association for Computational Linguistics: Human Language Technologies",
  pages         = "2655--2671",
  year          = "2022",
  doi           = "10.18653/v1/2022.naacl-main.197",
  url           = "https://doi.org/10.18653/v1/2022.naacl-main.197"
}

@InProceedings{Shin22,
  author        = "Seongmin Shin and Sungmin Lee and Hyeonseo Ahn and Sangwoo Kim and Hyunsoo Kim and Byoungjun Kim and Kyunghyun Cho and Gyuwan Lee and Woosung Park and Jangwon Ha and others",
  title         = "On the Effect of Pretraining Corpora on In-Context Learning by a Large-Scale Language Model",
  booktitle     = "2022 Conference of the North American Chapter of the Association for Computational Linguistics: Human Language Technologies",
  pages         = "5168--5186",
  year          = "2022",
  url           = "https://doi.org/10.18653/v1/2022.naacl-main.379"
}

@Article{Turner23,
  author        = "Alec Turner and Leon Thiergart and David Udell and Graeme Leech and Umang Mini and Malachy MacDiarmid",
  title         = "Activation Addition: Steering Language Models Without Optimization",
  journal       = "arXiv preprint arXiv:2308.10248",
  year          = "2023",
  url           = "https://doi.org/10.48550/arXiv.2308.10248"
}

@InProceedings{Wan23,
  author        = "Xiaodong Wan and Ruiqi Sun and Hootan Nakhost and Hanjun Dai and Jose M. Eisenschlos and Sercan O. Arik, Thomas Pfister",
  title         = "Universal Self-Adaptive Prompting",
  booktitle     = "Proceedings of the 2023 Conference on Empirical Methods in Natural Language Processing (EMNLP)",
  pages         = "7437--7462",
  year          = "2023",
  doi           = "10.18653/v1/2023.emnlp-main.565",
  url           = "https://doi.org/10.18653/v1/2023.emnlp-main.565"
}

@InProceedings{Wan23a,
  author        = "Xiaodong Wan and Ruiqi Sun and Hanjun Dai and Sercan O. Arik and Thomas Pfister",
  title         = "Better Zero-Shot Reasoning with Self-Adaptive Prompting",
  booktitle     = "Findings of the Association for Computational Linguistics: ACL 2023",
  pages         = "3493--3514",
  year          = "2023",
  url           = "https://doi.org/10.18653/v1/2023.acl-main.197"
}

@Article{Wei23,
  author        = "Jason Wei and Jeffrey Wei and Yi Tay and Dai Tran and Adam Webson and Yian Lu and Xiaodong Chen and Hao Liu and Dianqiang Huang and Denny Zhou and others",
  title         = "Larger Language Models Do In-Context Learning Differently",
  journal       = "arXiv preprint arXiv:2303.03846",
  year          = "2023",
  url           = "https://doi.org/10.48550/arXiv.2303.03846"
}

@InProceedings{Xie21,
  author        = "Shengjia M. Xie and Aditi Raghunathan and Percy Liang and Tengyu Ma",
  title         = "An Explanation of In-Context Learning as Implicit Bayesian Inference",
  booktitle     = "International Conference on Learning Representations",
  year          = "2021",
  url           = "https://doi.org/10.48550/arXiv.2101.04655"
}

@InProceedings{Xu22,
  author        = "Baiqiang Xu and Qi Wang and Zifan Mao and Yixin Lyu and Qian She and Yichen Zhang",
  title         = "KNN Prompting: Beyond-Context Learning with Calibration-Free Nearest Neighbor Inference",
  booktitle     = "Proceedings of the Eleventh International Conference on Learning Representations",
  year          = "2023",
  url           = "https://doi.org/10.48550/arXiv.2210.07896"
}

@InProceedings{Yang24,
  author        = "Jing Yang and Binghui Hui and Mingqiang Yang and Bin Li and Fei Huang and Yining Li",
  title         = "Iterative Forward Tuning Boosts In-Context Learning in Language Models",
  booktitle     = "Proceedings of the 62nd Annual Meeting of the Association for Computational Linguistics (Volume 1: Long Papers)",
  pages         = "15460--15473",
  year          = "2024",
  url           = "https://doi.org/10.18653/v1/2024.acl-long.560"
}

@InProceedings{Ye22,
  author        = "Sungjin Ye and Donghwan Kim and Jiho Jang and Janghoon Shin and Minjoon Seo",
  title         = "Guess the Instruction! Flipped Learning Makes Language Models Stronger Zero-Shot Learners",
  booktitle     = "Proceedings of the Eleventh International Conference on Learning Representations",
  year          = "2023",
  url           = "https://doi.org/10.48550/arXiv.2212.03827"
}

@InProceedings{Yin23,
  author        = "Fangyuan Yin and Jesse Vig and Philippe Laban, Shafiq Joty and Caiming Xiong and Chien-Sheng Wu",
  title         = "Did You Read the Instructions? Rethinking the Effectiveness of Task Definitions in Instruction Learning",
  booktitle     = "Proceedings of the 61st Annual Meeting of the Association for Computational Linguistics (ACL 2023)",
  pages         = "3063--3079",
  year          = "2023",
  doi           = "10.18653/v1/2023.acl-main.234",
  url           = "https://doi.org/10.18653/v1/2023.acl-main.234"
}

@Article{Zou23,
  author        = "Allen Zou and Long Phan and Sheng Chen and John Campbell and Ping Guo and Rui Ren and Albert Pan and Xinyi Yin and Matas Mazeika and Alexandra-Kate Dombrowski and others",
  title         = "Representation Engineering: A Top-Down Approach to AI Transparency",
  journal       = "arXiv preprint arXiv:2310.01405",
  year          = "2023",
  url           = "https://doi.org/10.48550/arXiv.2310.01405"
}

