
% Journals

% First the Full Name is given, then the abbreviation used in the AMS Math
% Reviews, with an indication if it could not be found there.
% Note the 2nd overwrites the 1st, so swap them if you want the full name.

 %{AMS}
 @String{AMSTrans = "American Mathematical Society Translations" }
 @String{AMSTrans = "Amer. Math. Soc. Transl." }
 @String{BullAMS = "Bulletin of the American Mathematical Society" }
 @String{BullAMS = "Bull. Amer. Math. Soc." }
 @String{ProcAMS = "Proceedings of the American Mathematical Society" }
 @String{ProcAMS = "Proc. Amer. Math. Soc." }
 @String{TransAMS = "Transactions of the American Mathematical Society" }
 @String{TransAMS = "Trans. Amer. Math. Soc." }

 %ACM
 @String{CACM = "Communications of the {ACM}" }
 @String{CACM = "Commun. {ACM}" }
 @String{CompServ = "Comput. Surveys" }
 @String{JACM = "J. ACM" }
 @String{ACMMathSoft = "{ACM} Transactions on Mathematical Software" }
 @String{ACMMathSoft = "{ACM} Trans. Math. Software" }
 @String{SIGNUM = "{ACM} {SIGNUM} Newsletter" }
 @String{SIGNUM = "{ACM} {SIGNUM} Newslett." }

 @String{AmerSocio = "American Journal of Sociology" }
 @String{AmerStatAssoc = "Journal of the American Statistical Association" }
 @String{AmerStatAssoc = "J. Amer. Statist. Assoc." }
 @String{ApplMathComp = "Applied Mathematics and Computation" }
 @String{ApplMathComp = "Appl. Math. Comput." }
 @String{AmerMathMonthly = "American Mathematical Monthly" }
 @String{AmerMathMonthly = "Amer. Math. Monthly" }
 @String{BIT = "{BIT}" }
 @String{BritStatPsych = "British Journal of Mathematical and Statistical
          Psychology" }
 @String{BritStatPsych = "Brit. J. Math. Statist. Psych." }
 @String{CanMathBull = "Canadian Mathematical Bulletin" }
 @String{CanMathBull = "Canad. Math. Bull." }
 @String{CompApplMath = "Journal of Computational and Applied Mathematics" }
 @String{CompApplMath = "J. Comput. Appl. Math." }
 @String{CompPhys = "Journal of Computational Physics" }
 @String{CompPhys = "J. Comput. Phys." }
 @String{CompStruct = "Computers and Structures" }
 @String{CompStruct = "Comput. \& Structures" }
 @String{CompJour = "The Computer Journal" }
 @String{CompJour = "Comput. J." }
 @String{CompSysSci = "Journal of Computer and System Sciences" }
 @String{CompSysSci = "J. Comput. System Sci." }
 @String{Computing = "Computing" }
 @String{ContempMath = "Contemporary Mathematics" }
 @String{ContempMath = "Contemp. Math." }
 @String{Crelle = "Crelle's Journal" }
 @String{GiornaleMath = "Giornale di Mathematiche" }
 @String{GiornaleMath = "Giorn. Mat." } % didn't find in AMS MR., ibid.

 %IEEE
 @String{Computer = "{IEEE} Computer" }
 @String{IEEETransComp = "{IEEE} Transactions on Computers" }
 @String{IEEETransComp = "{IEEE} Trans. Comput." }
 @String{IEEETransAC = "{IEEE} Transactions on Automatic Control" }
 @String{IEEETransAC = "{IEEE} Trans. Automat. Control" }
 @String{IEEESpec = "{IEEE} Spectrum" } % didn't find in AMS MR
 @String{ProcIEEE = "Proceedings of the {IEEE}" }
 @String{ProcIEEE = "Proc. {IEEE}" } % didn't find in AMS MR
 @String{IEEETransAeroElec = "{IEEE} Transactions on Aerospace and Electronic
     Systems" }
 @String{IEEETransAeroElec = "{IEEE} Trans. Aerospace Electron. Systems" }

 @String{IMANumerAna = "{IMA} Journal of Numerical Analysis" }
 @String{IMANumerAna = "{IMA} J. Numer. Anal." }
 @String{InfProcLet = "Information Processing Letters" }
 @String{InfProcLet = "Inform. Process. Lett." }
 @String{InstMathApp = "Journal of the Institute of Mathematics and
     its Applications" }
 @String{InstMathApp = "J. Inst. Math. Appl." }
 @String{IntControl = "International Journal of Control" }
 @String{IntControl = "Internat. J. Control" }
 @String{IntNumerEng = "International Journal for Numerical Methods in
     Engineering" }
 @String{IntNumerEng = "Internat. J. Numer. Methods Engrg." }
 @String{IntSuper = "International Journal of Supercomputing Applications" }
 @String{IntSuper = "Internat. J. Supercomputing Applic." } % didn't find
%% in AMS MR
 @String{Kibernetika = "Kibernetika" }
 @String{JResNatBurStand = "Journal of Research of the National Bureau
     of Standards" }
 @String{JResNatBurStand = "J. Res. Nat. Bur. Standards" }
 @String{LinAlgApp = "Linear Algebra and its Applications" }
 @String{LinAlgApp = "Linear Algebra Appl." }
 @String{MathAnaAppl = "Journal of Mathematical Analysis and Applications" }
 @String{MathAnaAppl = "J. Math. Anal. Appl." }
 @String{MathAnnalen = "Mathematische Annalen" }
 @String{MathAnnalen = "Math. Ann." }
 @String{MathPhys = "Journal of Mathematical Physics" }
 @String{MathPhys = "J. Math. Phys." }
 @String{MathComp = "Mathematics of Computation" }
 @String{MathComp = "Math. Comp." }
 @String{MathScand = "Mathematica Scandinavica" }
 @String{MathScand = "Math. Scand." }
 @String{TablesAidsComp = "Mathematical Tables and Other Aids to Computation" }
 @String{TablesAidsComp = "Math. Tables Aids Comput." }
 @String{NumerMath = "Numerische Mathematik" }
 @String{NumerMath = "Numer. Math." }
 @String{PacificMath = "Pacific Journal of Mathematics" }
 @String{PacificMath = "Pacific J. Math." }
 @String{ParDistComp = "Journal of Parallel and Distributed Computing" }
 @String{ParDistComp = "J. Parallel and Distrib. Comput." } % didn't find
%% in AMS MR
 @String{ParComputing = "Parallel Computing" }
 @String{ParComputing = "Parallel Comput." }
 @String{PhilMag = "Philosophical Magazine" }
 @String{PhilMag = "Philos. Mag." }
 @String{ProcNAS = "Proceedings of the National Academy of Sciences
                    of the USA" }
 @String{ProcNAS = "Proc. Nat. Acad. Sci. U. S. A." }
 @String{Psychometrika = "Psychometrika" }
 @String{QuartMath = "Quarterly Journal of Mathematics, Oxford, Series (2)" }
 @String{QuartMath = "Quart. J. Math. Oxford Ser. (2)" }
 @String{QuartApplMath = "Quarterly of Applied Mathematics" }
 @String{QuartApplMath = "Quart. Appl. Math." }
 @String{RevueInstStat = "Review of the International Statisical Institute" }
 @String{RevueInstStat = "Rev. Inst. Internat. Statist." }

 %SIAM
 @String{JSIAM = "Journal of the Society for Industrial and Applied
     Mathematics" }
 @String{JSIAM = "J. Soc. Indust. Appl. Math." }
 @String{JSIAMB = "Journal of the Society for Industrial and Applied
     Mathematics, Series B, Numerical Analysis" }
 @String{JSIAMB = "J. Soc. Indust. Appl. Math. Ser. B Numer. Anal." }
 @String{SIAMAlgMeth = "{SIAM} Journal on Algebraic and Discrete Methods" }
 @String{SIAMAlgMeth = "{SIAM} J. Algebraic Discrete Methods" }
 @String{SIAMAppMath = "{SIAM} Journal on Applied Mathematics" }
 @String{SIAMAppMath = "{SIAM} J. Appl. Math." }
 @String{SIAMComp = "{SIAM} Journal on Computing" }
 @String{SIAMComp = "{SIAM} J. Comput." }
 @String{SIAMMatrix = "{SIAM} Journal on Matrix Analysis and Applications" }
 @String{SIAMMatrix = "{SIAM} J. Matrix Anal. Appl." }
 @String{SIAMNumAnal = "{SIAM} Journal on Numerical Analysis" }
 @String{SIAMNumAnal = "{SIAM} J. Numer. Anal." }
 @String{SIAMReview = "{SIAM} Review" }
 @String{SIAMReview = "{SIAM} Rev." }
 @String{SIAMSciStat = "{SIAM} Journal on Scientific and Statistical
     Computing" }
 @String{SIAMSciStat = "{SIAM} J. Sci. Statist. Comput." }

 @String{SoftPracExp = "Software Practice and Experience" }
 @String{SoftPracExp = "Software Prac. Experience" } % didn't find in AMS MR
 @String{StatScience = "Statistical Science" }
 @String{StatScience = "Statist. Sci." }
 @String{Techno = "Technometrics" }
 @String{USSRCompMathPhys = "{USSR} Computational Mathematics and Mathematical
     Physics" }
 @String{USSRCompMathPhys = "{U. S. S. R.} Comput. Math. and Math. Phys." }
 @String{VLSICompSys = "Journal of {VLSI} and Computer Systems" }
 @String{VLSICompSys = "J. {VLSI} Comput. Syst." }
 @String{ZAngewMathMech = "Zeitschrift fur Angewandte Mathematik und
     Mechanik" }
 @String{ZAngewMathMech = "Z. Angew. Math. Mech." }
 @String{ZAngewMathPhys = "Zeitschrift fur Angewandte Mathematik und Physik" }
 @String{ZAngewMathPhys = "Z. Angew. Math. Phys." }

% Publishers % ================================================= |

 @String{Academic = "Academic Press" }
 @String{ACMPress = "{ACM} Press" }
 @String{AdamHilger = "Adam Hilger" }
 @String{AddisonWesley = "Addison-Wesley" }
 @String{AllynBacon = "Allyn and Bacon" }
 @String{AMS = "American Mathematical Society" }
 @String{Birkhauser = "Birkha{\"u}ser" }
 @String{CambridgePress = "Cambridge University Press" }
 @String{Chelsea = "Chelsea" }
 @String{ClaredonPress = "Claredon Press" }
 @String{DoverPub = "Dover Publications" }
 @String{Eyolles = "Eyolles" }
 @String{HoltRinehartWinston = "Holt, Rinehart and Winston" }
 @String{Interscience = "Interscience" }
 @String{JohnsHopkinsPress = "The Johns Hopkins University Press" }
 @String{JohnWileySons = "John Wiley and Sons" }
 @String{Macmillan = "Macmillan" }
 @String{MathWorks = "The Math Works Inc." }
 @String{McGrawHill = "McGraw-Hill" }
 @String{NatBurStd = "National Bureau of Standards" }
 @String{NorthHolland = "North-Holland" }
 @String{OxfordPress = "Oxford University Press" }  %address Oxford or London?
 @String{PergamonPress = "Pergamon Press" }
 @String{PlenumPress = "Plenum Press" }
 @String{PrenticeHall = "Prentice-Hall" }
 @String{SIAMPub = "{SIAM} Publications" }
 @String{Springer = "Springer-Verlag" }
 @String{TexasPress = "University of Texas Press" }
 @String{VanNostrand = "Van Nostrand" }
 @String{WHFreeman = "W. H. Freeman and Co." }

%Entries

'''Start of my fucking work
@Article{Brown20,
  author        = "Tom B. Brown and Benjamin Mann and Nick Ryder and Melanie Subbiah and Jared D. Kaplan and Prafulla Dhariwal and Arvind Neelakantan and Pranav Shyam and Girish Sastry and Amanda Askell and others",
  title         = "Language models are few-shot learners",
  journal       = "Advances in Neural Information Processing Systems",
  volume        = "33",
  pages         = "1877--1901",
  year          = "2020",
  doi           = "10.5555/3495724.3495975",
  url           = "https://doi.org/10.5555/3495724.3495975"
}

@misc{OpenAI23,
  author        = "OpenAI",
  title         = "GPT-4 Technical Report",
  journal       = "arXiv preprint arXiv:2303.08774",
  year          = "2023",
  url           = "https://doi.org/10.48550/arXiv.2303.08774"
}

@Article{Touvron23,
  author        = "Hugo Touvron and Thibaut Lavril and Gautier Izacard and Xavier Martinet and Marie-Anne Lachaux and Timothée Lacroix and Baptiste Rozière and Naman Goyal and Eric Hambro and Faisal Azhar and others",
  title         = "LLaMA: Open and Efficient Foundation Language Models",
  journal       = "arXiv preprint arXiv:2302.13971",
  year          = "2023",
  url           = "https://arxiv.org/abs/2302.13971"
}

@Article{Radford19,
  author        = "Alec Radford and Jeffrey Wu and Rewon Child and David Luan and Dario Amodei and Ilya Sutskever",
  title         = "Language Models are Unsupervised Multitask Learners",
  journal       = "OpenAI blog",
  volume        = "1",
  number        = "8",
  pages         = "9",
  year          = "2019",
  url           = "https://openai.com/research/language-models-are-unsupervised-multitask-learners"
}

@Article{Zhang22,
  author        = "Susan Zhang and Stephen Roller and Naman Goyal and Mikel Artetxe and Moya Chen and Shu Chen and Chris Dewan and Mona Diab and Xian Li and Xiang Lin and others",
  title         = "OPT: Open Pre-trained Transformer Language Models",
  journal       = "arXiv preprint arXiv:2205.01068",
  year          = "2022",
  url           = "https://arxiv.org/abs/2205.01068"
}


@Article{Touvron23a,
  author        = "Hugo Touvron and Louis Martin and Kevin Stone and Pierre-Emmanuel Albert and Amjad Almahairi and Yasmine Babaei and Siddharth Batra and Shubham Bhosale and others",
  title         = "LLaMA 2: Open Foundation and Fine-Tuned Chat Models",
  journal       = "arXiv preprint arXiv:2307.09288",
  year          = "2023",
  url           = "https://doi.org/10.48550/arXiv.2307.09288"
}

@Article{Gao24,
  author        = "Yunfan Gao and Yun Xiong and Xinyu Gao and Kangxiang Jia and Jinliu Pan and Yuxi Bi and Yi Dai and Jiawei Sun and Haofen Wang",
  title         = "Retrieval-Augmented Generation for Large Language Models: A Survey",
  journal       = "arXiv preprint arXiv:2312.10997",
  year          = "2024",
  url           = "https://doi.org/10.48550/arXiv.2312.10997"
}

@Article{Lewis20,
  author        = "Patrick Lewis and Ethan Perez and Aleksandara Piktus and Fabio Petroni and Vladimir Karpukhin and Naman Goyal and Urvashi Khandelwal and Mike Lewis and others",
  title         = "Retrieval-Augmented Generation for Knowledge-Intensive NLP Tasks",
  journal       = "Advances in Neural Information Processing Systems",
  volume        = "33",
  pages         = "9459--9474",
  year          = "2020",
  doi           = "10.5555/3495724.3495975",
  url           = "https://doi.org/10.5555/3495724.3495975"
}

@InProceedings{Izacard21,
  author        = "Gautier Izacard and Edouard Grave",
  title         = "Leveraging Passage Retrieval with Generative Models for Open Domain Question Answering",
  booktitle     = "Proceedings of the 16th Conference of the European Chapter of the Association for Computational Linguistics: Main Volume",
  pages         = "874--880",
  year          = "2021",
  doi           = "10.18653/v1/2021.eacl-main.74",
  url           = "https://doi.org/10.18653/v1/2021.eacl-main.74"
}

@Article{Borgeaud22,
  author        = "Sebastian Borgeaud and Arthur Mensch and Jordan Hoffmann and Trevor Cai and Katie Millican and Susannah Young and Eliza Rutherford and Tom Hennigan and others",
  title         = "Improving Language Models by Retrieving from Trillions of Tokens",
  journal       = "arXiv preprint arXiv:2201.11193",
  year          = "2022",
  url           = "https://doi.org/10.48550/arXiv.2201.11193"
}

@Article{Wei22,
  author        = "Jason Wei and Yi Tay and Rishi Bommasani and Colin Raffel and Barret Zoph and Sebastian Borgeaud and Albert Yu and Karan Goel and William W. Misra and Maarten Bosma and Denny Zhou and Maarten Ma and others",
  title         = "Emergent Abilities of Large Language Models",
  journal       = "arXiv preprint arXiv:2206.07682",
  year          = "2022",
  url           = "https://doi.org/10.48550/arXiv.2206.07682"
}

@InProceedings{Zhao21,
  author        = "Eric Zhao and Eric Wallace and Shi Feng and Dan Klein and Sameer Singh",
  title         = "Calibrate Before Use: Improving Few-Shot Performance of Language Models",
  booktitle     = "Proceedings of the 38th International Conference on Machine Learning (ICML)",
  pages         = "12697--12706",
  year          = "2021",
  doi           = "10.48550/arXiv.2102.09690",
  url           = "https://doi.org/10.48550/arXiv.2102.09690"
}

@Article{Kaddour23,
  author        = "Jean Kaddour and James Harris and Marzieh Mozes and Hayley Bradley and Roberta Raileanu and Rosie McHardy",
  title         = "Challenges and Applications of Large Language Models",
  journal       = "arXiv preprint arXiv:2301.11943",
  year          = "2023",
  url           = "https://doi.org/10.48550/arXiv.2301.11943"
}

@Article{Beltagy20,
  author        = "Iz Beltagy and Matthew E. Peters and Arman Cohan",
  title         = "Longformer: The Long-Document Transformer",
  journal       = "arXiv preprint arXiv:2004.05150",
  year          = "2020",
  url           = "https://doi.org/10.48550/arXiv.2004.05150"
}

@Article{Liu24,
  author        = "NF Liu and K Lin and J Hewitt and A Paranjape and M Bevilacqua and F Petroni and P Liang",
  title         = "Lost in the Middle: How Language Models Use Long Contexts",
  journal       = "Transactions of the Association for Computational Linguistics",
  volume        = "12",
  pages         = "132--148",
  year          = "2024",
  doi           = "10.1162/tacl_a_00563",
  url           = "https://doi.org/10.1162/tacl_a_00563"
}

@InProceedings{Guu20,
  author        = "Kelvin Guu and Kenton Lee and Zora Tung and Panupong Pasupat and Ming-Wei Chang",
  title         = "Retrieval Augmented Language Model Pre-Training",
  booktitle     = "The Thirty-seventh International Conference on Machine Learning",
  year          = "2020"
}

@InProceedings{Karpukhin20,
  author        = "Vladimir Karpukhin and Barlas Oguz and Sewon Min and Patrick Lewis and Ledell Wu and Sergey Edunov and Danqi Chen and Wen-tau Yih",
  title         = "Dense Passage Retrieval for Open-Domain Question Answering",
  booktitle     = "Proceedings of the 2020 Conference on Empirical Methods in Natural Language Processing (EMNLP)",
  pages         = "6769--6781",
  year          = "2020",
  doi           = "10.18653/v1/2020.emnlp-main.550",
  url           = "https://doi.org/10.18653/v1/2020.emnlp-main.550"
}

@InProceedings{Yin23,
  author        = "Fangyuan Yin and Jesse Vig and Philippe Laban, Shafiq Joty and Caiming Xiong and Chien-Sheng Wu",
  title         = "Did You Read the Instructions? Rethinking the Effectiveness of Task Definitions in Instruction Learning",
  booktitle     = "Proceedings of the 61st Annual Meeting of the Association for Computational Linguistics (ACL 2023)",
  pages         = "3063--3079",
  year          = "2023",
  doi           = "10.18653/v1/2023.acl-main.234",
  url           = "https://doi.org/10.18653/v1/2023.acl-main.234"
}

@InProceedings{Rubin22,
  author        = "Or Hon Rubin and Jonathan Herzig and Jonathan Berant",
  title         = "Learning to Retrieve Prompts for In-Context Learning",
  booktitle     = "Proceedings of the 2022 Conference of the North American Chapter of the Association for Computational Linguistics: Human Language Technologies",
  pages         = "2655--2671",
  year          = "2022",
  doi           = "10.18653/v1/2022.naacl-main.197",
  url           = "https://doi.org/10.18653/v1/2022.naacl-main.197"
}

@InProceedings{Wan23,
  author        = "Xiaodong Wan and Ruiqi Sun and Hootan Nakhost and Hanjun Dai and Jose M. Eisenschlos and Sercan O. Arik, Thomas Pfister",
  title         = "Universal Self-Adaptive Prompting",
  booktitle     = "Proceedings of the 2023 Conference on Empirical Methods in Natural Language Processing (EMNLP)",
  pages         = "7437--7462",
  year          = "2023",
  doi           = "10.18653/v1/2023.emnlp-main.565",
  url           = "https://doi.org/10.18653/v1/2023.emnlp-main.565"
}

@InProceedings{Wan23a,
  author        = "Xiaodong Wan and Ruiqi Sun and Hanjun Dai and Sercan O. Arik and Thomas Pfister",
  title         = "Better Zero-Shot Reasoning with Self-Adaptive Prompting",
  booktitle     = "Findings of the Association for Computational Linguistics: ACL 2023",
  pages         = "3493--3514",
  year          = "2023",
  url           = "https://doi.org/10.18653/v1/2023.acl-main.197"
}

@InProceedings{Ye22,
  author        = "Sungjin Ye and Donghwan Kim and Jiho Jang and Janghoon Shin and Minjoon Seo",
  title         = "Guess the Instruction! Flipped Learning Makes Language Models Stronger Zero-Shot Learners",
  booktitle     = "Proceedings of the Eleventh International Conference on Learning Representations",
  year          = "2023",
  url           = "https://doi.org/10.48550/arXiv.2212.03827"
}

@InProceedings{Min22,
  author        = "Sewon Min and Mike Lewis and Hannaneh Hajishirzi and Luke Zettlemoyer",
  title         = "Noisy Channel Language Model Prompting for Few-Shot Text Classification",
  booktitle     = "Proceedings of the 60th Annual Meeting of the Association for Computational Linguistics (Volume 1: Long Papers)",
  pages         = "5316--5330",
  year          = "2022",
  url           = "https://doi.org/10.18653/v1/2022.acl-long.419"
}

@InProceedings{Xu22,
  author        = "Baiqiang Xu and Qi Wang and Zifan Mao and Yixin Lyu and Qian She and Yichen Zhang",
  title         = "KNN Prompting: Beyond-Context Learning with Calibration-Free Nearest Neighbor Inference",
  booktitle     = "Proceedings of the Eleventh International Conference on Learning Representations",
  year          = "2023",
  url           = "https://doi.org/10.48550/arXiv.2210.07896"
}

@InProceedings{Yang24,
  author        = "Jing Yang and Binghui Hui and Mingqiang Yang and Bin Li and Fei Huang and Yining Li",
  title         = "Iterative Forward Tuning Boosts In-Context Learning in Language Models",
  booktitle     = "Proceedings of the 62nd Annual Meeting of the Association for Computational Linguistics (Volume 1: Long Papers)",
  pages         = "15460--15473",
  year          = "2024",
  url           = "https://doi.org/10.18653/v1/2024.acl-long.560"
}

@InProceedings{Hendel23,
  author        = "Ronen Hendel and Mor Geva and Amir Globerson",
  title         = "In-Context Learning Creates Task Vectors",
  booktitle     = "Findings of the Association for Computational Linguistics: EMNLP 2023",
  pages         = "9318--9333",
  year          = "2023",
  url           = "https://doi.org/10.18653/v1/2023.emnlp-long.890"
}

@Article{Turner23,
  author        = "Alec Turner and Leon Thiergart and David Udell and Graeme Leech and Umang Mini and Malachy MacDiarmid",
  title         = "Activation Addition: Steering Language Models Without Optimization",
  journal       = "arXiv preprint arXiv:2308.10248",
  year          = "2023",
  url           = "https://doi.org/10.48550/arXiv.2308.10248"
}

@Article{Zou23,
  author        = "Allen Zou and Long Phan and Sheng Chen and John Campbell and Ping Guo and Rui Ren and Albert Pan and Xinyi Yin and Matas Mazeika and Alexandra-Kate Dombrowski and others",
  title         = "Representation Engineering: A Top-Down Approach to AI Transparency",
  journal       = "arXiv preprint arXiv:2310.01405",
  year          = "2023",
  url           = "https://doi.org/10.48550/arXiv.2310.01405"
}

@InProceedings{Burns22,
  author        = "Cameron Burns and Huadong Ye and Dan Klein and Jacob Steinhardt",
  title         = "Discovering Latent Knowledge in Language Models Without Supervision",
  booktitle     = "Proceedings of the Eleventh International Conference on Learning Representations",
  year          = "2023",
  url           = "https://doi.org/10.48550/arXiv.2212.03827"
}

@Article{Mini23,
  author        = "Umang Mini and Peter Grietzer and Mukund Sharma and Alex Meek and Malachy MacDiarmid and Alec M. Turner",
  title         = "Understanding and Controlling a Maze-Solving Policy Network",
  journal       = "arXiv preprint arXiv:2310.08043",
  year          = "2023",
  url           = "https://doi.org/10.48550/arXiv.2310.08043"
}

@Article{Li22,
  author        = "Ke Li and Andrew K. Hopkins and David Bau and Fernanda Vi{\'e}gas and Hanspeter Pfister and Martin Wattenberg",
  title         = "Emergent World Representations: Exploring a Sequence Model Trained on a Synthetic Task",
  journal       = "arXiv preprint arXiv:2210.13382",
  year          = "2022",
  url           = "https://doi.org/10.48550/arXiv.2210.13382"
}

@InProceedings{Lu22,
  author        = "Yian Lu and Massimo Bartolo and Alastair Moore and Sebastian Riedel and Pontus Stenetorp",
  title         = "Fantastically Ordered Prompts and Where to Find Them: Overcoming Few-Shot Prompt Order Sensitivity",
  booktitle     = "Proceedings of the 60th Annual Meeting of the Association for Computational Linguistics (Volume 1: Long Papers)",
  pages         = "8086--8098",
  year          = "2022",
  url           = "https://doi.org/10.18653/v1/2022.acl-long.553"
}

@InProceedings{Shin22,
  author        = "Seongmin Shin and Sungmin Lee and Hyeonseo Ahn and Sangwoo Kim and Hyunsoo Kim and Byoungjun Kim and Kyunghyun Cho and Gyuwan Lee and Woosung Park and Jangwon Ha and others",
  title         = "On the Effect of Pretraining Corpora on In-Context Learning by a Large-Scale Language Model",
  booktitle     = "2022 Conference of the North American Chapter of the Association for Computational Linguistics: Human Language Technologies",
  pages         = "5168--5186",
  year          = "2022",
  url           = "https://doi.org/10.18653/v1/2022.naacl-main.379"
}

@InProceedings{Razeghi22,
  author        = "Yasaman Razeghi and R. Logan IV and Matt Gardner and Sameer Singh",
  title         = "Impact of Pretraining Term Frequencies on Few-Shot Numerical Reasoning",
  booktitle     = "Findings of the Association for Computational Linguistics: EMNLP 2022",
  pages         = "840--854",
  year          = "2022",
  url           = "https://doi.org/10.18653/v1/2022.emnlp-main.64"
}

@InProceedings{Xie21,
  author        = "Shengjia M. Xie and Aditi Raghunathan and Percy Liang and Tengyu Ma",
  title         = "An Explanation of In-Context Learning as Implicit Bayesian Inference",
  booktitle     = "International Conference on Learning Representations",
  year          = "2021",
  url           = "https://doi.org/10.48550/arXiv.2101.04655"
}

@Article{Wei23,
  author        = "Jason Wei and Jeffrey Wei and Yi Tay and Dai Tran and Adam Webson and Yian Lu and Xiaodong Chen and Hao Liu and Dianqiang Huang and Denny Zhou and others",
  title         = "Larger Language Models Do In-Context Learning Differently",
  journal       = "arXiv preprint arXiv:2303.03846",
  year          = "2023",
  url           = "https://doi.org/10.48550/arXiv.2303.03846"
}

@InProceedings{Akyurek22,
  author        = "Ekin Aky{\"u}rek and Dale Schuurmans and Jacob Andreas and Tengyu Ma and Denny Zhou",
  title         = "What Learning Algorithm Is In-Context Learning? Investigations with Linear Models",
  booktitle     = "Proceedings of the Eleventh International Conference on Learning Representations",
  year          = "2022",
  url           = "https://doi.org/10.48550/arXiv.2210.10282"
}

@InProceedings{Joshi17,
  author        = "Mandar Joshi and Eunsol Choi and Daniel Weld and Luke Zettlemoyer",
  title         = "TriviaQA: A Large Scale Distantly Supervised Challenge Dataset for Reading Comprehension",
  booktitle     = "Proceedings of the 55th Annual Meeting of the Association for Computational Linguistics (Volume 1: Long Papers)",
  editor        = "Regina Barzilay and Min-Yen Kan",
  year          = "2017",
  pages         = "1601--1611",
  address       = "Vancouver, Canada",
  doi           = "10.18653/v1/P17-1147",
  url           = "https://doi.org/10.18653/v1/P17-1147"
}

@Article{Kwiatkowski19,
  author        = "Tom Kwiatkowski and Jennimaria Palomaki and Olivia Redfield and Michael Collins and Ankur Parikh and Chris Alberti and Danielle Epstein and Illia Polosukhin and Jacob Devlin and Kenton Lee and others",
  title         = "Natural Questions: A Benchmark for Question Answering Research",
  journal       = "Transactions of the Association for Computational Linguistics",
  volume        = "7",
  pages         = "453--466",
  year          = "2019",
  doi           = "10.1162/tacl_a_00276",
  url           = "https://doi.org/10.1162/tacl_a_00276"
}

@InProceedings{Yang18,
  author        = "Zhilin Yang and Peng Qi and Saizheng Zhang and Yoshua Bengio and William Cohen and Ruslan Salakhutdinov and Christopher D. Manning",
  title         = "HotpotQA: A Dataset for Diverse, Explainable Multi-Hop Question Answering",
  booktitle     = "Proceedings of the 2018 Conference on Empirical Methods in Natural Language Processing (EMNLP)",
  pages         = "2369--2380",
  year          = "2018",
  address       = "Brussels, Belgium",
  doi           = "10.18653/v1/D18-1259",
  url           = "https://doi.org/10.18653/v1/D18-1259"
}






'''