% Surveys
@article{wu2021current,
  title={Current time series anomaly detection benchmarks are flawed and are creating the illusion of progress},
  author={Wu, Renjie and Keogh, Eamonn J},
  journal={IEEE transactions on knowledge and data engineering},
  volume={35},
  number={3},
  pages={2421--2429},
  year={2021},
  publisher={IEEE}
}


@article{schmidl2022anomaly,
  title={Anomaly detection in time series: a comprehensive evaluation},
  author={Schmidl, Sebastian and Wenig, Phillip and Papenbrock, Thorsten},
  journal={Proceedings of the VLDB Endowment},
  volume={15},
  number={9},
  pages={1779--1797},
  year={2022},
  publisher={VLDB Endowment}
}


@article{paparrizos2022tsb,
  title={TSB-UAD: an end-to-end benchmark suite for univariate time-series anomaly detection},
  author={Paparrizos, John and Kang, Yuhao and Boniol, Paul and Tsay, Ruey S and Palpanas, Themis and Franklin, Michael J},
  journal={Proceedings of the VLDB Endowment},
  volume={15},
  number={8},
  pages={1697--1711},
  year={2022},
  publisher={VLDB Endowment}
}

@inproceedings{lai2021revisiting,
  title={Revisiting time series outlier detection: Definitions and benchmarks},
  author={Lai, Kwei-Herng and Zha, Daochen and Xu, Junjie and Zhao, Yue and Wang, Guanchu and Hu, Xia},
  booktitle={Thirty-fifth conference on neural information processing systems datasets and benchmarks track (round 1)},
  year={2021}
}

@inproceedings{kim2022towards,
  title={Towards a rigorous evaluation of time-series anomaly detection},
  author={Kim, Siwon and Choi, Kukjin and Choi, Hyun-Soo and Lee, Byunghan and Yoon, Sungroh},
  booktitle={Proceedings of the AAAI Conference on Artificial Intelligence},
  volume={36},
  number={7},
  pages={7194--7201},
  year={2022}
}

@inproceedings{liu2024elephant,
  title={The Elephant in the Room: Towards A Reliable Time-Series Anomaly Detection Benchmark},
  author={Liu, Qinghua and Paparrizos, John},
  booktitle={The Thirty-eight Conference on Neural Information Processing Systems Datasets and Benchmarks Track},
  year={2024}
}

@article{liu2024time,
  title={Time-Series Anomaly Detection: Overview and New Trends},
  author={Liu, Qinghua and Boniol, Paul and Palpanas, Themis and Paparrizos, John},
  journal={Proceedings of the VLDB Endowment (PVLDB)},
  volume={17},
  number={12},
  pages={4229--4232},
  year={2024}
}

@inproceedings{sarfrazposition,
  title={Position: Quo Vadis, Unsupervised Time Series Anomaly Detection?},
  author={Sarfraz, M Saquib and Chen, Mei-Yen and Layer, Lukas and Peng, Kunyu and Koulakis, Marios},
  booktitle={Forty-first International Conference on Machine Learning},
  year={2024}

}

@inproceedings{gungor2025robust,
  title={A Robust Framework for Evaluation of Unsupervised Time-Series Anomaly Detection},
  author={Gungor, Onat and Rios, Amanda and Mudgal, Priyanka and Ahuja, Nilesh and Rosing, Tajana},
  booktitle={International Conference on Pattern Recognition},
  pages={48--64},
  year={2025},
  organization={Springer}
}

@article{mejri2024unsupervised,
  title={Unsupervised anomaly detection in time-series: An extensive evaluation and analysis of state-of-the-art methods},
  author={Mejri, Nesryne and Lopez-Fuentes, Laura and Roy, Kankana and Chernakov, Pavel and Ghorbel, Enjie and Aouada, Djamila},
  journal={Expert Systems with Applications},
  pages={124922},
  year={2024},
  publisher={Elsevier}
}

% Meta
@article{sylligardos2023choose,
  title={Choose wisely: An extensive evaluation of model selection for anomaly detection in time series},
  author={Sylligardos, Emmanouil and Boniol, Paul and Paparrizos, John and Trahanias, Panos and Palpanas, Themis},
  journal={Proceedings of the VLDB Endowment},
  volume={16},
  number={11},
  pages={3418--3432},
  year={2023},
  publisher={VLDB Endowment}
}

% Human in the loop
@inproceedings{liu2015opprentice,
  title={Opprentice: Towards practical and automatic anomaly detection through machine learning},
  author={Liu, Dapeng and Zhao, Youjian and Xu, Haowen and Sun, Yongqian and Pei, Dan and Luo, Jiao and Jing, Xiaowei and Feng, Mei},
  booktitle={Proceedings of the 2015 internet measurement conference},
  pages={211--224},
  year={2015}
}

@article{deng2024reliable,
  title={A Reliable Framework for Human-in-the-Loop Anomaly Detection in Time Series},
  author={Deng, Ziquan and Xuan, Xiwei and Ma, Kwan-Liu and Kong, Zhaodan},
  journal={arXiv preprint arXiv:2405.03234},
  year={2024}
}

@article{ding2023explanation,
  title={From explanation to action: An end-to-end human-in-the-loop framework for anomaly reasoning and management},
  author={Ding, Xueying and Seleznev, Nikita and Kumar, Senthil and Bruss, C Bayan and Akoglu, Leman},
  journal={arXiv preprint arXiv:2304.03368},
  year={2023}
}

% Metrics
@article{paparrizos2022volume,
  title={Volume under the surface: a new accuracy evaluation measure for time-series anomaly detection},
  author={Paparrizos, John and Boniol, Paul and Palpanas, Themis and Tsay, Ruey S and Elmore, Aaron and Franklin, Michael J},
  journal={Proceedings of the VLDB Endowment},
  volume={15},
  number={11},
  pages={2774--2787},
  year={2022},
  publisher={VLDB Endowment}
}


@article{tatbul2018precision,
 author = {Tatbul, Nesime and Lee, Tae Jun and Zdonik, Stan and Alam, Mejbah and Gottschlich, Justin},
 booktitle = {Advances in Neural Information Processing Systems},
 editor = {S. Bengio and H. Wallach and H. Larochelle and K. Grauman and N. Cesa-Bianchi and R. Garnett},
 pages = {},
 publisher = {Curran Associates, Inc.},
 title = {Precision and Recall for Time Series},
 url = {https://proceedings.neurips.cc/paper_files/paper/2018/file/8f468c873a32bb0619eaeb2050ba45d1-Paper.pdf},
 volume = {31},
 year = {2018}
}

@article{sorbo2024navigating,
  title={Navigating the metric maze: A taxonomy of evaluation metrics for anomaly detection in time series},
  author={S{\o}rb{\o}, Sondre and Ruocco, Massimiliano},
  journal={Data Mining and Knowledge Discovery},
  volume={38},
  number={3},
  pages={1027--1068},
  year={2024},
  publisher={Springer}
}

@inproceedings{lavin2015evaluating,
  title={Evaluating real-time anomaly detection algorithms--the Numenta anomaly benchmark},
  author={Lavin, Alexander and Ahmad, Subutai},
  booktitle={2015 IEEE 14th international conference on machine learning and applications (ICMLA)},
  pages={38--44},
  year={2015},
  organization={IEEE}
}

@inproceedings{hundman2018detecting,
  title={Detecting spacecraft anomalies using lstms and nonparametric dynamic thresholding},
  author={Hundman, Kyle and Constantinou, Valentino and Laporte, Christopher and Colwell, Ian and Soderstrom, Tom},
  booktitle={Proceedings of the 24th ACM SIGKDD international conference on knowledge discovery \& data mining},
  pages={387--395},
  year={2018}
}

% Streaming, Algotithms

@article{boniol2021sand,
  title={SAND: streaming subsequence anomaly detection},
  author={Boniol, Paul and Paparrizos, John and Palpanas, Themis and Franklin, Michael J},
  journal={Proceedings of the VLDB Endowment},
  volume={14},
  number={10},
  pages={1717--1729},
  year={2021},
  publisher={VLDB Endowment}
}

@inproceedings{ren2019time,
  title={Time-series anomaly detection service at microsoft},
  author={Ren, Hansheng and Xu, Bixiong and Wang, Yujing and Yi, Chao and Huang, Congrui and Kou, Xiaoyu and Xing, Tony and Yang, Mao and Tong, Jie and Zhang, Qi},
  booktitle={Proceedings of the 25th ACM SIGKDD international conference on knowledge discovery \& data mining},
  pages={3009--3017},
  year={2019}
}

% censored bandits

@article{abernethy2016threshold,
  title={Threshold bandits, with and without censored feedback},
  author={Abernethy, Jacob D and Amin, Kareem and Zhu, Ruihao},
  journal={Advances In Neural Information Processing Systems},
  volume={29},
  year={2016}
}

% RCA

@article{yang2022causal,
  title={A causal approach to detecting multivariate time-series anomalies and root causes},
  author={Yang, Wenzhuo and Zhang, Kun and Hoi, Steven CH},
  journal={arXiv preprint arXiv:2206.15033},
  year={2022}
}

@article{soldani2022anomaly,
  title={Anomaly detection and failure root cause analysis in (micro) service-based cloud applications: A survey},
  author={Soldani, Jacopo and Brogi, Antonio},
  journal={ACM Computing Surveys (CSUR)},
  volume={55},
  number={3},
  pages={1--39},
  year={2022},
  publisher={ACM New York, NY}
}

# Signal processing
@book{oppenheim1999discrete,
  title={Discrete-time signal processing},
  author={Oppenheim, Alan V},
  year={1999},
  publisher={Pearson Education India}
}

% periodicity

@article{elfeky2005periodicity,
  title={Periodicity detection in time series databases},
  author={Elfeky, Mohamed G and Aref, Walid G and Elmagarmid, Ahmed K},
  journal={IEEE Transactions on Knowledge and Data Engineering},
  volume={17},
  number={7},
  pages={875--887},
  year={2005},
  publisher={IEEE}
}

@inproceedings{ermshaus2023window,
  title={Window size selection in unsupervised time series analytics: A review and benchmark},
  author={Ermshaus, Arik and Sch{\"a}fer, Patrick and Leser, Ulf},
  booktitle={International Workshop on Advanced Analytics and Learning on Temporal Data},
  pages={83--101},
  year={2023},
  organization={Springer}
}

@inproceedings{vlachos2005periodicity,
  title={On periodicity detection and structural periodic similarity},
  author={Vlachos, Michail and Yu, Philip and Castelli, Vittorio},
  booktitle={Proceedings of the 2005 SIAM international conference on data mining},
  pages={449--460},
  year={2005},
  organization={SIAM}
}
@inproceedings{wen2021robustperiod,
  title={RobustPeriod: Robust time-frequency mining for multiple periodicity detection},
  author={Wen, Qingsong and He, Kai and Sun, Liang and Zhang, Yingying and Ke, Min and Xu, Huan},
  booktitle={Proceedings of the 2021 international conference on management of data},
  pages={2328--2337},
  year={2021}
}

@article{imani2021multi,
  title={Multi-window-finder: domain agnostic window size for time series data},
  author={Imani, Shima and Keogh, Eamonn},
  journal={Proceedings of the MileTS},
  volume={21},
  year={2021}
}


@article{ermshaus2023clasp,
  title={ClaSP: parameter-free time series segmentation},
  author={Ermshaus, Arik and Sch{\"a}fer, Patrick and Leser, Ulf},
  journal={Data Mining and Knowledge Discovery},
  volume={37},
  number={3},
  pages={1262--1300},
  year={2023},
  publisher={Springer}
}
% other outlier detection

@inproceedings{liu2008isolation,
  title={Isolation forest},
  author={Liu, Fei Tony and Ting, Kai Ming and Zhou, Zhi-Hua},
  booktitle={2008 eighth ieee international conference on data mining},
  pages={413--422},
  year={2008},
  organization={IEEE}
}

@article{rousseeuw1999fast,
  title={A fast algorithm for the minimum covariance determinant estimator},
  author={Rousseeuw, Peter J and Driessen, Katrien Van},
  journal={Technometrics},
  volume={41},
  number={3},
  pages={212--223},
  year={1999},
  publisher={Taylor \& Francis}
}

@article{pedregosa2011scikit,
  title={Scikit-learn: Machine learning in Python},
  author={Pedregosa, Fabian and Varoquaux, Ga{\"e}l and Gramfort, Alexandre and Michel, Vincent and Thirion, Bertrand and Grisel, Olivier and Blondel, Mathieu and Prettenhofer, Peter and Weiss, Ron and Dubourg, Vincent and others},
  journal={the Journal of machine Learning research},
  volume={12},
  pages={2825--2830},
  year={2011},
  publisher={JMLR. org}
}

@inproceedings{malhotra2015long,
  title={Long short term memory networks for anomaly detection in time series.},
  author={Malhotra, Pankaj and Vig, Lovekesh and Shroff, Gautam and Agarwal, Puneet and others},
  booktitle={Esann},
  volume={2015},
  pages={89},
  year={2015}
}

% applications

@article{huang2023labelled,
  title={Labelled dataset for Ultra-Low Temperature Freezer to aid dynamic modelling \& fault detection and diagnostics},
  author={Huang, Tao and N{\o}stvik, Silas and Bacher, Peder and Jensen, Jonas Kj{\ae}r and Markussen, Wiebke Brix and M{\o}ller, Jan Kloppenborg},
  journal={Scientific Data},
  volume={10},
  number={1},
  pages={888},
  year={2023},
  publisher={Nature Publishing Group UK London}
}

@inproceedings{laptev2015generic,
  title={Generic and scalable framework for automated time-series anomaly detection},
  author={Laptev, Nikolay and Amizadeh, Saeed and Flint, Ian},
  booktitle={Proceedings of the 21th ACM SIGKDD international conference on knowledge discovery and data mining},
  pages={1939--1947},
  year={2015}
}

@inproceedings{vallis2014novel,
  title={A novel technique for $\{$Long-Term$\}$ anomaly detection in the cloud},
  author={Vallis, Owen and Hochenbaum, Jordan and Kejariwal, Arun},
  booktitle={6th USENIX workshop on hot topics in cloud computing (HotCloud 14)},
  year={2014}
}

@inproceedings{james2016leveraging,
  title={Leveraging cloud data to mitigate user experience from ‘breaking bad’},
  author={James, Nicholas A and Kejariwal, Arun and Matteson, David S},
  booktitle={2016 IEEE International Conference on Big Data (Big Data)},
  pages={3499--3508},
  year={2016},
  organization={IEEE}
}

@article{horrigan2018statistically,
  title={A statistically-based fault detection approach for environmental and energy management in buildings},
  author={Horrigan, Matthew and Turner, William JN and O’donnell, James},
  journal={Energy and Buildings},
  volume={158},
  pages={1499--1509},
  year={2018},
  publisher={Elsevier}
}

@article{najafi2012application,
  title={Application of machine learning in the fault diagnostics of air handling units},
  author={Najafi, Massieh and Auslander, David M and Bartlett, Peter L and Haves, Philip and Sohn, Michael D},
  journal={Applied Energy},
  volume={96},
  pages={347--358},
  year={2012},
  publisher={Elsevier}
}

@article{yu2016advances,
  title={Advances and challenges in building engineering and data mining applications for energy-efficient communities},
  author={Yu, Zhun Jerry and Haghighat, Fariborz and Fung, Benjamin CM},
  journal={Sustainable Cities and Society},
  volume={25},
  pages={33--38},
  year={2016},
  publisher={Elsevier}
}

@inproceedings{zhang2021time,
  title={Time series anomaly detection for smart grids: A survey},
  author={Zhang, Jiuqi Elise and Wu, Di and Boulet, Benoit},
  booktitle={2021 IEEE electrical power and energy conference (EPEC)},
  pages={125--130},
  year={2021},
  organization={IEEE}
}

@article{hilal2022financial,
  title={Financial fraud: a review of anomaly detection techniques and recent advances},
  author={Hilal, Waleed and Gadsden, S Andrew and Yawney, John},
  journal={Expert systems With applications},
  volume={193},
  pages={116429},
  year={2022},
  publisher={Elsevier}
}

@article{ten2011anomaly,
  title={Anomaly detection for cybersecurity of the substations},
  author={Ten, Chee-Wooi and Hong, Junho and Liu, Chen-Ching},
  journal={IEEE Transactions on Smart Grid},
  volume={2},
  number={4},
  pages={865--873},
  year={2011},
  publisher={IEEE}
}