@article{AdmassB24,
  author       = {Wasyihun Sema Admass and
                  Girmaw Andualem Bogale},
  title        = {Arrhythmia classification using {ECG} signal: {A} meta-heuristic improvement
                  of optimal weighted feature integration and attention-based hybrid
                  deep learning model},
  journal      = {Biomed. Signal Process. Control.},
  volume       = {87},
  number       = {Part {B}},
  pages        = {105565},
  year         = {2024}
}

@article{BagnallLBLK17,
  author       = {Anthony J. Bagnall and
                  Jason Lines and
                  Aaron Bostrom and
                  James Large and
                  Eamonn J. Keogh},
  title        = {The great time series classification bake off: a review and experimental
                  evaluation of recent algorithmic advances},
  journal      = {Data Min. Knowl. Discov.},
  volume       = {31},
  number       = {3},
  pages        = {606--660},
  year         = {2017}
}

@inproceedings{Bai2020nips,
  author    = {Lei Bai and
               Lina Yao and
               Can Li and
               Xianzhi Wang and
               Can Wang},
  title     = {Adaptive Graph Convolutional Recurrent Network for Traffic Forecasting},
  booktitle = {NeurIPS},
  year      = {2020}
}

@article{BostromB17,
  author       = {Aaron Bostrom and
                  Anthony J. Bagnall},
  title        = {Binary Shapelet Transform for Multiclass Time Series Classification},
  journal      = {Trans. Large Scale Data Knowl. Centered Syst.},
  volume       = {32},
  pages        = {24--46},
  year         = {2017}
}

@article{JafariSKBSLGA23,
  author       = {Mahboobeh Jafari and
                  Afshin Shoeibi and
                  Marjane Khodatars and
                  Sara Bagherzadeh and
                  Ahmad Shalbaf and
                  David L{\'{o}}pez{-}Garc{\'{\i}}a and
                  Juan Manuel G{\'{o}}rriz and
                  U. Rajendra Acharya},
  title        = {Emotion recognition in {EEG} signals using deep learning methods:
                  {A} review},
  journal      = {Comput. Biol. Medicine},
  volume       = {165},
  pages        = {107450},
  year         = {2023}
}

@inproceedings{KiyassehZC21,
  author       = {Dani Kiyasseh and
                  Tingting Zhu and
                  David A. Clifton},
  title        = {{CLOCS:} Contrastive Learning of Cardiac Signals Across Space, Time,
                  and Patients},
  booktitle    = {{ICML}},
  series       = {Proceedings of Machine Learning Research},
  volume       = {139},
  pages        = {5606--5615},
  publisher    = {{PMLR}},
  year         = {2021}
}

@inproceedings{LiYS018,
  author    = {Yaguang Li and
               Rose Yu and
               Cyrus Shahabi and
               Yan Liu},
  title     = {Diffusion Convolutional Recurrent Neural Network: Data-Driven Traffic Forecasting},
  booktitle = {{ICLR} (Poster)},
  year      = {2018}
}

@article{LinesB15,
  author       = {Jason Lines and
                  Anthony J. Bagnall},
  title        = {Time series classification with ensembles of elastic distance measures},
  journal      = {Data Min. Knowl. Discov.},
  volume       = {29},
  number       = {3},
  pages        = {565--592},
  year         = {2015}
}

@article{WangSY23,
  author       = {Zekai Wang and
                  Stavros Stavrakis and
                  Bing Yao},
  title        = {Hierarchical deep learning with Generative Adversarial Network for
                  automatic cardiac diagnosis from {ECG} signals},
  journal      = {Comput. Biol. Medicine},
  volume       = {155},
  pages        = {106641},
  year         = {2023}
}

@inproceedings{YangW023,
  author       = {Chaoqi Yang and
                  M. Brandon Westover and
                  Jimeng Sun},
  title        = {ManyDG: Many-domain Generalization for Healthcare Applications},
  booktitle    = {{ICLR}},
  publisher    = {OpenReview.net},
  year         = {2023}
}

@article{YounisHA24,
  author       = {Raneen Younis and
                  Abdul Hakmeh and
                  Zahra Ahmadi},
  title        = {MTS2Graph: Interpretable multivariate time series classification with
                  temporal evolving graphs},
  journal      = {Pattern Recognit.},
  volume       = {152},
  pages        = {110486},
  year         = {2024}
}

@inproceedings{YuYZ18,
  author    = {Bing Yu and
               Haoteng Yin and
               Zhanxing Zhu},
  title     = {Spatio-Temporal Graph Convolutional Networks: {A} Deep Learning Framework
               for Traffic Forecasting},
  booktitle = {{IJCAI}},
  pages     = {3634--3640},
  year      = {2018}
}

@inproceedings{ZhaLZH22,
  author       = {Daochen Zha and
                  Kwei{-}Herng Lai and
                  Kaixiong Zhou and
                  Xia Hu},
  title        = {Towards Similarity-Aware Time-Series Classification},
  booktitle    = {{SDM}},
  pages        = {199--207},
  publisher    = {{SIAM}},
  year         = {2022}
}

@inproceedings{ZhangZTZ22,
  author       = {Xiang Zhang and
                  Marko Zeman and
                  Theodoros Tsiligkaridis and
                  Marinka Zitnik},
  title        = {Graph-Guided Network for Irregularly Sampled Multivariate Time Series},
  booktitle    = {{ICLR}},
  publisher    = {OpenReview.net},
  year         = {2022}
}

@inproceedings{comet_2023,
  author       = {Yihe Wang and
                  Yu Han and
                  Haishuai Wang and
                  Xiang Zhang},
  title        = {Contrast Everything: {A} Hierarchical Contrastive Framework for Medical
                  Time-Series},
  booktitle    = {NeurIPS},
  year         = {2023}
}

@article{eegnet_2016,
  author       = {Vernon J. Lawhern and
                  Amelia J. Solon and
                  Nicholas R. Waytowich and
                  Stephen M. Gordon and
                  Chou P. Hung and
                  Brent J. Lance},
  title        = {EEGNet: {A} Compact Convolutional Network for EEG-based Brain-Computer
                  Interfaces},
  journal      = {CoRR},
  volume       = {abs/1611.08024},
  year         = {2016}
}

@article{gnn_survey_2023,
  author       = {Ming Jin and
                  Huan Yee Koh and
                  Qingsong Wen and
                  Daniele Zambon and
                  Cesare Alippi and
                  Geoffrey I. Webb and
                  Irwin King and
                  Shirui Pan},
  title        = {A Survey on Graph Neural Networks for Time Series: Forecasting, Classification,
                  Imputation, and Anomaly Detection},
  journal      = {CoRR},
  volume       = {abs/2307.03759},
  year         = {2023}
}

@article{medformer_2024,
  author       = {Yihe Wang and
                  Nan Huang and
                  Taida Li and
                  Yujun Yan and
                  Xiang Zhang},
  title        = {Medformer: {A} Multi-Granularity Patching Transformer for Medical
                  Time-Series Classification},
  journal      = {CoRR},
  volume       = {abs/2405.19363},
  year         = {2024}
}

@article{schaffer2021interrupted,
  title={Interrupted time series analysis using autoregressive integrated moving average (ARIMA) models: a guide for evaluating large-scale health interventions},
  author={Schaffer, Andrea L and Dobbins, Timothy A and Pearson, Sallie-Anne},
  journal={BMC medical research methodology},
  volume={21},
  pages={1--12},
  year={2021},
  publisher={Springer}
}

@article{tsc_survey_2019,
  author       = {Hassan Ismail Fawaz and
                  Germain Forestier and
                  Jonathan Weber and
                  Lhassane Idoumghar and
                  Pierre{-}Alain Muller},
  title        = {Deep learning for time series classification: a review},
  journal      = {Data Min. Knowl. Discov.},
  volume       = {33},
  number       = {4},
  pages        = {917--963},
  year         = {2019}
}

@article{vincent2010spatially,
  title={Spatially adaptive mixture modeling for analysis of fMRI time series},
  author={Vincent, Thomas and Risser, Laurent and Ciuciu, Philippe},
  journal={IEEE transactions on medical imaging},
  volume={29},
  number={4},
  pages={1059--1074},
  year={2010},
  publisher={IEEE}
}

@inproceedings{wu2020connecting,
  author    = {Zonghan Wu and
               Shirui Pan and
               Guodong Long and
               Jing Jiang and
               Xiaojun Chang and
               Chengqi Zhang},
  title     = {Connecting the Dots: Multivariate Time Series Forecasting with Graph
               Neural Networks},
  booktitle = {{KDD}},
  pages     = {753--763},
  year      = {2020}
}

@article{yi2024fouriergnn,
  title={FourierGNN: Rethinking multivariate time series forecasting from a pure graph perspective},
  author={Yi, Kun and Zhang, Qi and Fan, Wei and He, Hui and Hu, Liang and Wang, Pengyang and An, Ning and Cao, Longbing and Niu, Zhendong},
  journal={Advances in Neural Information Processing Systems},
  volume={36},
  year={2024}
}

