@article{teplan2002fundamentals,
  title={Fundamentals of EEG measurement},
  author={Teplan, Michal and others},
  journal={Measurement science review},
  volume={2},
  number={2},
  pages={1--11},
  year={2002}
}


% SimCLR
@inproceedings{chen2020simple,
  title={A simple framework for contrastive learning of visual representations},
  author={Chen, Ting and Kornblith, Simon and Norouzi, Mohammad and Hinton, Geoffrey},
  booktitle={International conference on machine learning},
  pages={1597--1607},
  year={2020},
  organization={PMLR}
}



% SimCLR - TS
@article{poppelbaum2022contrastive,
  title={Contrastive learning based self-supervised time-series analysis},
  author={P{\"o}ppelbaum, Johannes and Chadha, Gavneet Singh and Schwung, Andreas},
  journal={Applied Soft Computing},
  volume={117},
  pages={108397},
  year={2022},
  publisher={Elsevier}
}


% COMET
@article{wang2024contrast,
  title={Contrast everything: A hierarchical contrastive framework for medical time-series},
  author={Wang, Yihe and Han, Yu and Wang, Haishuai and Zhang, Xiang},
  journal={Advances in Neural Information Processing Systems},
  volume={36},
  year={2024}
}


% TS2VEC
@inproceedings{yue2022ts2vec,
  title={Ts2vec: Towards universal representation of time series},
  author={Yue, Zhihan and Wang, Yujing and Duan, Juanyong and Yang, Tianmeng and Huang, Congrui and Tong, Yunhai and Xu, Bixiong},
  booktitle={Proceedings of the AAAI Conference on Artificial Intelligence},
  volume={36},
  number={8},
  pages={8980--8987},
  year={2022}
}



% two subject-independent related papers
@inproceedings{albuquerque2019cross,
  title={Cross-subject statistical shift estimation for generalized electroencephalography-based mental workload assessment},
  author={Albuquerque, Isabela and Monteiro, Jo{\~a}o and Rosanne, Olivier and Tiwari, Abhishek and Gagnon, Jean-Fran{\c{c}}ois and Falk, Tiago H},
  booktitle={2019 IEEE International Conference on Systems, Man and Cybernetics (SMC)},
  pages={3647--3653},
  year={2019},
  organization={IEEE}
}

@inproceedings{yang2022manydg,
  title={ManyDG: Many-domain Generalization for Healthcare Applications},
  author={Yang, Chaoqi and Westover, M Brandon and Sun, Jimeng},
  booktitle={The Eleventh International Conference on Learning Representations},
  year={2022}
}

% Subject-aware
@article{cheng2020subject,
  title={Subject-aware contrastive learning for biosignals},
  author={Cheng, Joseph Y and Goh, Hanlin and Dogrusoz, Kaan and Tuzel, Oncel and Azemi, Erdrin},
  journal={arXiv preprint arXiv:2007.04871},
  year={2020}
}




% Transformer-based models

% attention is all you need
@article{vaswani2017attention,
  title={Attention is all you need},
  author={Vaswani, Ashish and Shazeer, Noam and Parmar, Niki and Uszkoreit, Jakob and Jones, Llion and Gomez, Aidan N and Kaiser, {\L}ukasz and Polosukhin, Illia},
  journal={Advances in neural information processing systems},
  volume={30},
  year={2017}
}

% Forecasting


% Informer
@inproceedings{zhou2021informer,
  title={Informer: Beyond efficient transformer for long sequence time-series forecasting},
  author={Zhou, Haoyi and Zhang, Shanghang and Peng, Jieqi and Zhang, Shuai and Li, Jianxin and Xiong, Hui and Zhang, Wancai},
  booktitle={Proceedings of the AAAI conference on artificial intelligence},
  volume={35},
  number={12},
  pages={11106--11115},
  year={2021}
}

% Pyraformer
@inproceedings{liu2021pyraformer,
  title={Pyraformer: Low-complexity pyramidal attention for long-range time series modeling and forecasting},
  author={Liu, Shizhan and Yu, Hang and Liao, Cong and Li, Jianguo and Lin, Weiyao and Liu, Alex X and Dustdar, Schahram},
  booktitle={International conference on learning representations},
  year={2021}
}

% Autoformer
@article{wu2021autoformer,
  title={Autoformer: Decomposition transformers with auto-correlation for long-term series forecasting},
  author={Wu, Haixu and Xu, Jiehui and Wang, Jianmin and Long, Mingsheng},
  journal={Advances in Neural Information Processing Systems},
  volume={34},
  pages={22419--22430},
  year={2021}
}

% Etsformer
@article{woo2022etsformer,
  title={Etsformer: Exponential smoothing transformers for time-series forecasting},
  author={Woo, Gerald and Liu, Chenghao and Sahoo, Doyen and Kumar, Akshat and Hoi, Steven},
  journal={arXiv preprint arXiv:2202.01381},
  year={2022}
}

% Fedformer
@inproceedings{zhou2022fedformer,
  title={Fedformer: Frequency enhanced decomposed transformer for long-term series forecasting},
  author={Zhou, Tian and Ma, Ziqing and Wen, Qingsong and Wang, Xue and Sun, Liang and Jin, Rong},
  booktitle={International Conference on Machine Learning},
  pages={27268--27286},
  year={2022},
  organization={PMLR}
}


% Non-stationary transformer
@article{liu2022non,
  title={Non-stationary transformers: Exploring the stationarity in time series forecasting},
  author={Liu, Yong and Wu, Haixu and Wang, Jianmin and Long, Mingsheng},
  journal={Advances in Neural Information Processing Systems},
  volume={35},
  pages={9881--9893},
  year={2022}
}

% patchTST
@article{nie2022time,
  title={A time series is worth 64 words: Long-term forecasting with transformers},
  author={Nie, Yuqi and Nguyen, Nam H and Sinthong, Phanwadee and Kalagnanam, Jayant},
  journal={ICLR},
  year={2023}
}

% crossformer
@inproceedings{zhang2022crossformer,
  title={Crossformer: Transformer utilizing cross-dimension dependency for multivariate time series forecasting},
  author={Zhang, Yunhao and Yan, Junchi},
  booktitle={The Eleventh International Conference on Learning Representations},
  year={2022}
}

% iTransformer
@article{liu2023itransformer,
  title={itransformer: Inverted transformers are effective for time series forecasting},
  author={Liu, Yong and Hu, Tengge and Zhang, Haoran and Wu, Haixu and Wang, Shiyu and Ma, Lintao and Long, Mingsheng},
  journal={International Conference on Learning Representations},
  year={2024}
}

% MTST
@inproceedings{zhang2024multi,
  title={Multi-resolution time-series transformer for long-term forecasting},
  author={Zhang, Yitian and Ma, Liheng and Pal, Soumyasundar and Zhang, Yingxue and Coates, Mark},
  booktitle={International Conference on Artificial Intelligence and Statistics},
  pages={4222--4230},
  year={2024},
  organization={PMLR}
}


% Reformer
@inproceedings{kitaev2019reformer,
  title={Reformer: The Efficient Transformer},
  author={Kitaev, Nikita and Kaiser, Lukasz and Levskaya, Anselm},
  booktitle={International Conference on Learning Representations},
  year={2019}
}

% CARD
@inproceedings{wang2023card,
  title={CARD: Channel Aligned Robust Blend Transformer for Time Series Forecasting},
  author={Wang, Xue and Zhou, Tian and Wen, Qingsong and Gao, Jinyang and Ding, Bolin and Jin, Rong},
  booktitle={International Conference on Learning Representations},
  year={2023}
}


% Multi-scale transformer

% Pathformer
@inproceedings{
    chen2024pathformer,
    title={Pathformer: Multi-scale Transformers with Adaptive Pathways for Time Series Forecasting},
    author={Peng Chen and Yingying ZHANG and Yunyao Cheng and Yang Shu and Yihang Wang and Qingsong Wen and Bin Yang and Chenjuan Guo},
    booktitle={The Twelfth International Conference on Learning Representations},
    year={2024},
    url={https://openreview.net/forum?id=lJkOCMP2aW}
}

% Scaleformer
@article{shabani2022scaleformer,
  title={Scaleformer: Iterative Multi-scale Refining Transformers for Time Series Forecasting},
  author={Shabani, Amin and Abdi, Amir and Meng, Lili and Sylvain, Tristan},
  journal={arXiv preprint arXiv:2206.04038},
  year={2022}
}



% classification

% Gated transformer
@article{liu2021gated,
  title={Gated transformer networks for multivariate time series classification},
  author={Liu, Minghao and Ren, Shengqi and Ma, Siyuan and Jiao, Jiahui and Chen, Yizhou and Wang, Zhiguang and Song, Wei},
  journal={arXiv preprint arXiv:2103.14438},
  year={2021}
}


% ViTST
@article{li2024time,
  title={Time Series as Images: Vision Transformer for Irregularly Sampled Time Series},
  author={Li, Zekun and Li, Shiyang and Yan, Xifeng},
  journal={Advances in Neural Information Processing Systems},
  volume={36},
  year={2024}
}


% anomaly detection 


% Anomaly transformer
@article{xu2021anomaly,
  title={Anomaly transformer: Time series anomaly detection with association discrepancy},
  author={Xu, Jiehui and Wu, Haixu and Wang, Jianmin and Long, Mingsheng},
  journal={International Conference on Learning Representations},
  year={2021}
}

% Memto
@article{song2024memto,
  title={Memto: Memory-guided transformer for multivariate time series anomaly detection},
  author={Song, Junho and Kim, Keonwoo and Oh, Jeonglyul and Cho, Sungzoon},
  journal={Advances in Neural Information Processing Systems},
  volume={36},
  year={2024}
}




CNN-Based models


% EEGNet
@article{lawhern2018eegnet,
  title={EEGNet: a compact convolutional neural network for EEG-based brain--computer interfaces},
  author={Lawhern, Vernon J and Solon, Amelia J and Waytowich, Nicholas R and Gordon, Stephen M and Hung, Chou P and Lance, Brent J},
  journal={Journal of neural engineering},
  volume={15},
  number={5},
  pages={056013},
  year={2018},
  publisher={iOP Publishing}
}


% TCN
@article{bai2018empirical,
  title={An empirical evaluation of generic convolutional and recurrent networks for sequence modeling},
  author={Bai, Shaojie and Kolter, J Zico and Koltun, Vladlen},
  journal={arXiv preprint arXiv:1803.01271},
  year={2018}
}


% EF-Net
@article{arif2024ef,
  title={EF-Net: Mental State Recognition by Analyzing Multimodal EEG-fNIRS via CNN},
  author={Arif, Aniqa and Wang, Yihe and Yin, Rui and Zhang, Xiang and Helmy, Ahmed},
  journal={Sensors},
  volume={24},
  number={6},
  pages={1889},
  year={2024},
  publisher={MDPI}
}



% Datasets



% APAVA dataset
@article{escudero2006analysis,
  title={Analysis of electroencephalograms in Alzheimer's disease patients with multiscale entropy},
  author={Escudero, J and Ab{\'a}solo, Daniel and Hornero, Roberto and Espino, Pedro and L{\'o}pez, Miguel},
  journal={Physiological measurement},
  volume={27},
  number={11},
  pages={1091},
  year={2006},
  publisher={IOP Publishing}
}

% TDbrain dataset
@article{van2022two,
  title={The two decades brainclinics research archive for insights in neurophysiology (TDBRAIN) database},
  author={van Dijk, Hanneke and van Wingen, Guido and Denys, Damiaan and Olbrich, Sebastian and van Ruth, Rosalinde and Arns, Martijn},
  journal={Scientific data},
  volume={9},
  number={1},
  pages={333},
  year={2022},
  publisher={Nature Publishing Group UK London}
}

% ADFD dataset
@article{miltiadous2023dataset,
  title={A dataset of scalp EEG recordings of Alzheimer’s disease, frontotemporal dementia and healthy subjects from routine EEG},
  author={Miltiadous, Andreas and Tzimourta, Katerina D and Afrantou, Theodora and Ioannidis, Panagiotis and Grigoriadis, Nikolaos and Tsalikakis, Dimitrios G and Angelidis, Pantelis and Tsipouras, Markos G and Glavas, Euripidis and Giannakeas, Nikolaos and others},
  journal={Data},
  volume={8},
  number={6},
  pages={95},
  year={2023},
  publisher={MDPI}
}

% Use ADFD, cnn+transformer, DICE-Net
@article{miltiadous2023dice,
  title={DICE-net: a novel convolution-transformer architecture for Alzheimer detection in EEG signals},
  author={Miltiadous, Andreas and Gionanidis, Emmanouil and Tzimourta, Katerina D and Giannakeas, Nikolaos and Tzallas, Alexandros T},
  journal={IEEE Access},
  year={2023},
  publisher={IEEE}
}

% PTB dataset
@article{physiobank2000physionet,
  title={Physionet: components of a new research resource for complex physiologic signals},
  author={PhysioBank, PhysioToolkit},
  journal={Circulation},
  volume={101},
  number={23},
  pages={e215--e220},
  year={2000}
}

% PTB-XL dataset
@article{wagner2020ptb,
  title={PTB-XL, a large publicly available electrocardiography dataset},
  author={Wagner, Patrick and Strodthoff, Nils and Bousseljot, Ralf-Dieter and Kreiseler, Dieter and Lunze, Fatima I and Samek, Wojciech and Schaeffter, Tobias},
  journal={Scientific data},
  volume={7},
  number={1},
  pages={1--15},
  year={2020},
  publisher={Nature Publishing Group}
}






% deep learning EEG 
@article{badr2024review,
  title={A review on evaluating mental stress by deep learning using EEG signals},
  author={Badr, Yara and Tariq, Usman and Al-Shargie, Fares and Babiloni, Fabio and Al Mughairbi, Fadwa and Al-Nashash, Hasan},
  journal={Neural Computing and Applications},
  pages={1--26},
  year={2024},
  publisher={Springer}
}

@article{altaheri2023deep,
  title={Deep learning techniques for classification of electroencephalogram (EEG) motor imagery (MI) signals: A review},
  author={Altaheri, Hamdi and Muhammad, Ghulam and Alsulaiman, Mansour and Amin, Syed Umar and Altuwaijri, Ghadir Ali and Abdul, Wadood and Bencherif, Mohamed A and Faisal, Mohammed},
  journal={Neural Computing and Applications},
  volume={35},
  number={20},
  pages={14681--14722},
  year={2023},
  publisher={Springer}
}

@article{jafari2023emotion,
  title={Emotion recognition in EEG signals using deep learning methods: A review},
  author={Jafari, Mahboobeh and Shoeibi, Afshin and Khodatars, Marjane and Bagherzadeh, Sara and Shalbaf, Ahmad and Garc{\'\i}a, David L{\'o}pez and Gorriz, Juan M and Acharya, U Rajendra},
  journal={Computers in Biology and Medicine},
  pages={107450},
  year={2023},
  publisher={Elsevier}
}

% deep learning EEG-AD
@article{bi2019early,
  title={Early Alzheimer’s disease diagnosis based on EEG spectral images using deep learning},
  author={Bi, Xiaojun and Wang, Haibo},
  journal={Neural Networks},
  volume={114},
  pages={119--135},
  year={2019},
  publisher={Elsevier}
}


@inproceedings{tangself,
  title={Self-Supervised Graph Neural Networks for Improved Electroencephalographic Seizure Analysis},
  author={Tang, Siyi and Dunnmon, Jared and Saab, Khaled Kamal and Zhang, Xuan and Huang, Qianying and Dubost, Florian and Rubin, Daniel and Lee-Messer, Christopher},
  booktitle={International Conference on Learning Representations},
  year = {2021}
}

@inproceedings{yangmanydg,
  title={ManyDG: Many-domain Generalization for Healthcare Applications},
  author={Yang, Chaoqi and Westover, M Brandon and Sun, Jimeng},
  booktitle={The Eleventh International Conference on Learning Representations},
  year = {2023}
}

@inproceedings{quensemble,
  title={Ensemble methods and LSTM outperformed other eight machine learning classifiers in an EEG-based BCI experiment},
  author={Qu, Xiaodong and Hu, Zepeng and Li, Zhaonan and Hickey, Timothy J},
  booktitle={International Conference on Learning Representations},
  year = {2020}
}


@inproceedings{mahmud2020interface,
  title={Interface for human machine interaction for assistant devices: A review},
  author={Mahmud, Saifuddin and Lin, Xiangxu and Kim, Jong-Hoon},
  booktitle={2020 10th Annual computing and communication workshop and conference (CCWC)},
  pages={0768--0773},
  year={2020},
  organization={IEEE}
}




% deep learning ECG
@article{liu2021deep,
  title={Deep learning in ECG diagnosis: A review},
  author={Liu, Xinwen and Wang, Huan and Li, Zongjin and Qin, Lang},
  journal={Knowledge-Based Systems},
  volume={227},
  pages={107187},
  year={2021},
  publisher={Elsevier}
}

@article{murat2020application,
  title={Application of deep learning techniques for heartbeats detection using ECG signals-analysis and review},
  author={Murat, Fatma and Yildirim, Ozal and Talo, Muhammed and Baloglu, Ulas Baran and Demir, Yakup and Acharya, U Rajendra},
  journal={Computers in biology and medicine},
  volume={120},
  pages={103726},
  year={2020},
  publisher={Elsevier}
}

@article{xiao2023deep,
  title={Deep learning-based ECG arrhythmia classification: A systematic review},
  author={Xiao, Qiao and Lee, Khuan and Mokhtar, Siti Aisah and Ismail, Iskasymar and Pauzi, Ahmad Luqman bin Md and Zhang, Qiuxia and Lim, Poh Ying},
  journal={Applied Sciences},
  volume={13},
  number={8},
  pages={4964},
  year={2023},
  publisher={MDPI}
}

@article{wang2023hierarchical,
  title={Hierarchical deep learning with Generative Adversarial Network for automatic cardiac diagnosis from ECG signals},
  author={Wang, Zekai and Stavrakis, Stavros and Yao, Bing},
  journal={Computers in Biology and Medicine},
  volume={155},
  pages={106641},
  year={2023},
  publisher={Elsevier}
}


% CLOCS
@inproceedings{kiyasseh2021clocs,
  title={Clocs: Contrastive learning of cardiac signals across space, time, and patients},
  author={Kiyasseh, Dani and Zhu, Tingting and Clifton, David A},
  booktitle={International Conference on Machine Learning},
  pages={5606--5615},
  year={2021},
  organization={PMLR}
}



% ECG neural networks

@article{avanzato2020automatic,
  title={Automatic ECG diagnosis using convolutional neural network},
  author={Avanzato, Roberta and Beritelli, Francesco},
  journal={Electronics},
  volume={9},
  number={6},
  pages={951},
  year={2020},
  publisher={MDPI}
}

@article{makimoto2020performance,
  title={Performance of a convolutional neural network derived from an ECG database in recognizing myocardial infarction},
  author={Makimoto, Hisaki and H{\"o}ckmann, Moritz and Lin, Tina and Gl{\"o}ckner, David and Gerguri, Shqipe and Clasen, Lukas and Schmidt, Jan and Assadi-Schmidt, Athena and Bejinariu, Alexandru and M{\"u}ller, Patrick and others},
  journal={Scientific reports},
  volume={10},
  number={1},
  pages={8445},
  year={2020},
  publisher={Nature Publishing Group UK London}
}




% EMG 
@article{dai2022mseva,
  title={MSEva: A musculoskeletal rehabilitation evaluation system based on EMG signals},
  author={Dai, Yuanchao and Wu, Jing and Fan, Yuanzhao and Wang, Jin and Niu, Jianwei and Gu, Fei and Shen, Shigen},
  journal={ACM Transactions on Sensor Networks},
  volume={19},
  number={1},
  pages={1--23},
  year={2022},
  publisher={ACM New York, NY}
}


@article{xiong2021deep,
  title={Deep learning for EMG-based human-machine interaction: A review},
  author={Xiong, Dezhen and Zhang, Daohui and Zhao, Xingang and Zhao, Yiwen},
  journal={IEEE/CAA Journal of Automatica Sinica},
  volume={8},
  number={3},
  pages={512--533},
  year={2021},
  publisher={IEEE}
}



% EOG
@article{jiao2020driver,
  title={Driver sleepiness detection from EEG and EOG signals using GAN and LSTM networks},
  author={Jiao, Yingying and Deng, Yini and Luo, Yun and Lu, Bao-Liang},
  journal={Neurocomputing},
  volume={408},
  pages={100--111},
  year={2020},
  publisher={Elsevier}
}


@article{fan2021eognet,
  title={EOGNET: a novel deep learning model for sleep stage classification based on single-channel EOG signal},
  author={Fan, Jiahao and Sun, Chenglu and Long, Meng and Chen, Chen and Chen, Wei},
  journal={Frontiers in Neuroscience},
  volume={15},
  pages={573194},
  year={2021},
  publisher={Frontiers}
}



% Handcraft biomarkers

% machine learning AD - review 
@article{tzimourta2021machine,
  title={Machine learning algorithms and statistical approaches for Alzheimer’s disease analysis based on resting-state EEG recordings: A systematic review},
  author={Tzimourta, Katerina D and Christou, Vasileios and Tzallas, Alexandros T and Giannakeas, Nikolaos and Astrakas, Loukas G and Angelidis, Pantelis and Tsalikakis, Dimitrios and Tsipouras, Markos G},
  journal={International journal of neural systems},
  volume={31},
  number={05},
  pages={2130002},
  year={2021},
  publisher={World Scientific}
}

@article{al2023machine,
  title={Machine learning for ECG diagnosis and risk stratification of occlusion myocardial infarction},
  author={Al-Zaiti, Salah S and Martin-Gill, Christian and Z{\`e}gre-Hemsey, Jessica K and Bouzid, Zeineb and Faramand, Ziad and Alrawashdeh, Mohammad O and Gregg, Richard E and Helman, Stephanie and Riek, Nathan T and Kraevsky-Phillips, Karina and others},
  journal={Nature Medicine},
  volume={29},
  number={7},
  pages={1804--1813},
  year={2023},
  publisher={Nature Publishing Group US New York}
}


% relative band power;  50 AD patients versus 50 healthy
@article{fahimi2017index,
  title={Index of theta/alpha ratio of the quantitative electroencephalogram in Alzheimer's disease: a case-control study},
  author={Fahimi, Golshan and Tabatabaei, Seyed Mahmoud and Fahimi, Elnaz and Rajebi, Hamid},
  journal={Acta Medica Iranica},
  pages={502--506},
  year={2017}
}

% relative band power;  40s EEG recordings from 57 healthy subjects and 50 patients with AD
@article{schmidt2013index,
  title={Index of alpha/theta ratio of the electroencephalogram: a new marker for Alzheimer’s disease},
  author={Schmidt, Magali T and Kanda, Paulo AM and Basile, Luis FH and da Silva Lopes, Helder Frederico and Baratho, Regina and Demario, Jose LC and Jorge, Mario S and Nardi, Antonio E and Machado, Sergio and Ianof, J{\'e}ssica N and others},
  journal={Frontiers in aging neuroscience},
  volume={5},
  pages={60},
  year={2013},
  publisher={Frontiers Media SA}
}



% EEG foundations

@book{sanei2013eeg,
  title={EEG signal processing},
  author={Sanei, Saeid and Chambers, Jonathon A},
  year={2013},
  publisher={John Wiley \& Sons}
}


% ECG foundations


@article{bazinet2023towards,
  title={Towards a biologically annotated brain connectome},
  author={Bazinet, Vincent and Hansen, Justine Y and Misic, Bratislav},
  journal={Nature reviews neuroscience},
  volume={24},
  number={12},
  pages={747--760},
  year={2023},
  publisher={Nature Publishing Group UK London}
}



@inproceedings{wu2023timesnet,
  title={TimesNet: Temporal 2D-Variation Modeling for General Time Series Analysis},
  author={Haixu Wu and Tengge Hu and Yong Liu and Hang Zhou and Jianmin Wang and Mingsheng Long},
  booktitle={International Conference on Learning Representations},
  year={2023},
}



@article{blanco2008ecg,
  title={ECG signal denoising and baseline wander correction based on the empirical mode decomposition},
  author={Blanco-Velasco, Manuel and Weng, Binwei and Barner, Kenneth E},
  journal={Computers in biology and medicine},
  volume={38},
  number={1},
  pages={1--13},
  year={2008},
  publisher={Elsevier}
}

@article{tsc_survey_2019,
  author       = {Hassan Ismail Fawaz and
                  Germain Forestier and
                  Jonathan Weber and
                  Lhassane Idoumghar and
                  Pierre{-}Alain Muller},
  title        = {Deep learning for time series classification: a review},
  journal      = {Data Min. Knowl. Discov.},
  volume       = {33},
  number       = {4},
  pages        = {917--963},
  year         = {2019}
}


@article{liu2024todynet,
  title={Todynet: temporal dynamic graph neural network for multivariate time series classification},
  author={Liu, Huaiyuan and Yang, Donghua and Liu, Xianzhang and Chen, Xinglei and Liang, Zhiyu and Wang, Hongzhi and Cui, Yong and Gu, Jun},
  journal={Information Sciences},
  pages={120914},
  year={2024},
  publisher={Elsevier}
}

@inproceedings{zha2022towards,
  title={Towards similarity-aware time-series classification},
  author={Zha, Daochen and Lai, Kwei-Herng and Zhou, Kaixiong and Hu, Xia},
  booktitle={Proceedings of the 2022 SIAM International Conference on Data Mining (SDM)},
  pages={199--207},
  year={2022},
  organization={SIAM}
}

@article{wang2024medformer,
  title={Medformer: A Multi-Granularity Patching Transformer for Medical Time-Series Classification},
  author={Wang, Yihe and Huang, Nan and Li, Taida and Yan, Yujun and Zhang, Xiang},
  journal={arXiv preprint arXiv:2405.19363},
  year={2024}
}

@article{paszke2019pytorch,
  title={Pytorch: An imperative style, high-performance deep learning library},
  author={Paszke, Adam and Gross, Sam and Massa, Francisco and Lerer, Adam and Bradbury, James and Chanan, Gregory and Killeen, Trevor and Lin, Zeming and Gimelshein, Natalia and Antiga, Luca and others},
  journal={Advances in neural information processing systems},
  volume={32},
  year={2019}
}


@article{yi2024fouriergnn,
  title={FourierGNN: Rethinking multivariate time series forecasting from a pure graph perspective},
  author={Yi, Kun and Zhang, Qi and Fan, Wei and He, Hui and Hu, Liang and Wang, Pengyang and An, Ning and Cao, Longbing and Niu, Zhendong},
  journal={Advances in Neural Information Processing Systems},
  volume={36},
  year={2024}
}

@article{huang2023crossgnn,
  title={Crossgnn: Confronting noisy multivariate time series via cross interaction refinement},
  author={Huang, Qihe and Shen, Lei and Zhang, Ruixin and Ding, Shouhong and Wang, Binwu and Zhou, Zhengyang and Wang, Yang},
  journal={Advances in Neural Information Processing Systems},
  volume={36},
  pages={46885--46902},
  year={2023}
}

@inproceedings{comet_2023,
  author       = {Yihe Wang and
                  Yu Han and
                  Haishuai Wang and
                  Xiang Zhang},
  title        = {Contrast Everything: {A} Hierarchical Contrastive Framework for Medical
                  Time-Series},
  booktitle    = {NeurIPS},
  year         = {2023}
}

@article{eegnet_2016,
  author       = {Vernon J. Lawhern and
                  Amelia J. Solon and
                  Nicholas R. Waytowich and
                  Stephen M. Gordon and
                  Chou P. Hung and
                  Brent J. Lance},
  title        = {EEGNet: {A} Compact Convolutional Network for EEG-based Brain-Computer
                  Interfaces},
  journal      = {CoRR},
  volume       = {abs/1611.08024},
  year         = {2016}
}

@article{medformer_2024,
  author       = {Yihe Wang and
                  Nan Huang and
                  Taida Li and
                  Yujun Yan and
                  Xiang Zhang},
  title        = {Medformer: {A} Multi-Granularity Patching Transformer for Medical
                  Time-Series Classification},
  journal      = {CoRR},
  volume       = {abs/2405.19363},
  year         = {2024}
}

@inproceedings{YuYZ18,
  author    = {Bing Yu and
               Haoteng Yin and
               Zhanxing Zhu},
  title     = {Spatio-Temporal Graph Convolutional Networks: {A} Deep Learning Framework
               for Traffic Forecasting},
  booktitle = {{IJCAI}},
  pages     = {3634--3640},
  year      = {2018}
}

@inproceedings{LiYS018,
  author    = {Yaguang Li and
               Rose Yu and
               Cyrus Shahabi and
               Yan Liu},
  title     = {Diffusion Convolutional Recurrent Neural Network: Data-Driven Traffic Forecasting},
  booktitle = {{ICLR} (Poster)},
  year      = {2018}
}

@inproceedings{zonghanwu2019,
  author    = {Zonghan Wu and
               Shirui Pan and
               Guodong Long and
               Jing Jiang and
               Chengqi Zhang},
  title     = {Graph WaveNet for Deep Spatial-Temporal Graph Modeling},
  booktitle = {{IJCAI}},
  pages     = {1907--1913},
  year      = {2019}
}

@inproceedings{Bai2020nips,
  author    = {Lei Bai and
               Lina Yao and
               Can Li and
               Xianzhi Wang and
               Can Wang},
  title     = {Adaptive Graph Convolutional Recurrent Network for Traffic Forecasting},
  booktitle = {NeurIPS},
  year      = {2020}
}

@inproceedings{wu2020connecting,
  author    = {Zonghan Wu and
               Shirui Pan and
               Guodong Long and
               Jing Jiang and
               Xiaojun Chang and
               Chengqi Zhang},
  title     = {Connecting the Dots: Multivariate Time Series Forecasting with Graph
               Neural Networks},
  booktitle = {{KDD}},
  pages     = {753--763},
  year      = {2020}
}

@article{gnn_survey_2023,
  author       = {Ming Jin and
                  Huan Yee Koh and
                  Qingsong Wen and
                  Daniele Zambon and
                  Cesare Alippi and
                  Geoffrey I. Webb and
                  Irwin King and
                  Shirui Pan},
  title        = {A Survey on Graph Neural Networks for Time Series: Forecasting, Classification,
                  Imputation, and Anomaly Detection},
  journal      = {CoRR},
  volume       = {abs/2307.03759},
  year         = {2023}
}

@article{LinesB15,
  author       = {Jason Lines and
                  Anthony J. Bagnall},
  title        = {Time series classification with ensembles of elastic distance measures},
  journal      = {Data Min. Knowl. Discov.},
  volume       = {29},
  number       = {3},
  pages        = {565--592},
  year         = {2015}
}

@article{BagnallLBLK17,
  author       = {Anthony J. Bagnall and
                  Jason Lines and
                  Aaron Bostrom and
                  James Large and
                  Eamonn J. Keogh},
  title        = {The great time series classification bake off: a review and experimental
                  evaluation of recent algorithmic advances},
  journal      = {Data Min. Knowl. Discov.},
  volume       = {31},
  number       = {3},
  pages        = {606--660},
  year         = {2017}
}

@inproceedings{YangW023,
  author       = {Chaoqi Yang and
                  M. Brandon Westover and
                  Jimeng Sun},
  title        = {ManyDG: Many-domain Generalization for Healthcare Applications},
  booktitle    = {{ICLR}},
  publisher    = {OpenReview.net},
  year         = {2023}
}

@inproceedings{KiyassehZC21,
  author       = {Dani Kiyasseh and
                  Tingting Zhu and
                  David A. Clifton},
  title        = {{CLOCS:} Contrastive Learning of Cardiac Signals Across Space, Time,
                  and Patients},
  booktitle    = {{ICML}},
  series       = {Proceedings of Machine Learning Research},
  volume       = {139},
  pages        = {5606--5615},
  publisher    = {{PMLR}},
  year         = {2021}
}

@article{AdmassB24,
  author       = {Wasyihun Sema Admass and
                  Girmaw Andualem Bogale},
  title        = {Arrhythmia classification using {ECG} signal: {A} meta-heuristic improvement
                  of optimal weighted feature integration and attention-based hybrid
                  deep learning model},
  journal      = {Biomed. Signal Process. Control.},
  volume       = {87},
  number       = {Part {B}},
  pages        = {105565},
  year         = {2024}
}

@article{WangSY23,
  author       = {Zekai Wang and
                  Stavros Stavrakis and
                  Bing Yao},
  title        = {Hierarchical deep learning with Generative Adversarial Network for
                  automatic cardiac diagnosis from {ECG} signals},
  journal      = {Comput. Biol. Medicine},
  volume       = {155},
  pages        = {106641},
  year         = {2023}
}

@article{JafariSKBSLGA23,
  author       = {Mahboobeh Jafari and
                  Afshin Shoeibi and
                  Marjane Khodatars and
                  Sara Bagherzadeh and
                  Ahmad Shalbaf and
                  David L{\'{o}}pez{-}Garc{\'{\i}}a and
                  Juan Manuel G{\'{o}}rriz and
                  U. Rajendra Acharya},
  title        = {Emotion recognition in {EEG} signals using deep learning methods:
                  {A} review},
  journal      = {Comput. Biol. Medicine},
  volume       = {165},
  pages        = {107450},
  year         = {2023}
}

@article{BostromB17,
  author       = {Aaron Bostrom and
                  Anthony J. Bagnall},
  title        = {Binary Shapelet Transform for Multiclass Time Series Classification},
  journal      = {Trans. Large Scale Data Knowl. Centered Syst.},
  volume       = {32},
  pages        = {24--46},
  year         = {2017}
}

@inproceedings{ZhangZTZ22,
  author       = {Xiang Zhang and
                  Marko Zeman and
                  Theodoros Tsiligkaridis and
                  Marinka Zitnik},
  title        = {Graph-Guided Network for Irregularly Sampled Multivariate Time Series},
  booktitle    = {{ICLR}},
  publisher    = {OpenReview.net},
  year         = {2022}
}

@inproceedings{ZhaLZH22,
  author       = {Daochen Zha and
                  Kwei{-}Herng Lai and
                  Kaixiong Zhou and
                  Xia Hu},
  title        = {Towards Similarity-Aware Time-Series Classification},
  booktitle    = {{SDM}},
  pages        = {199--207},
  publisher    = {{SIAM}},
  year         = {2022}
}

@article{YounisHA24,
  author       = {Raneen Younis and
                  Abdul Hakmeh and
                  Zahra Ahmadi},
  title        = {MTS2Graph: Interpretable multivariate time series classification with
                  temporal evolving graphs},
  journal      = {Pattern Recognit.},
  volume       = {152},
  pages        = {110486},
  year         = {2024}
}

@article{kingma2014adam,
  title={Adam: A method for stochastic optimization},
  author={Kingma, Diederik P},
  journal={arXiv preprint arXiv:1412.6980},
  year={2014}
}

@article{gt_survey,
  author       = {Ahsan Shehzad and
                  Feng Xia and
                  Shagufta Abid and
                  Ciyuan Peng and
                  Shuo Yu and
                  Dongyu Zhang and
                  Karin Verspoor},
  title        = {Graph Transformers: {A} Survey},
  journal      = {CoRR},
  volume       = {abs/2407.09777},
  year         = {2024}
}

@inproceedings{MoyYSAA21,
  author       = {Valentin Moy and
                  Mohammed Sidi Yakoub and
                  Sid{-}Ahmed Selouani and
                  Yasser F. Alharbi and
                  Yousef Ajami Alotaibi},
  title        = {Classification of the Neural Correlates of Mind Wandering States in
                  {EEG} Signals},
  booktitle    = {{TSP}},
  pages        = {126--129},
  publisher    = {{IEEE}},
  year         = {2021}
}


@article{cohen2017does,
  title={Where does EEG come from and what does it mean?},
  author={Cohen, Michael X},
  journal={Trends in neurosciences},
  volume={40},
  number={4},
  pages={208--218},
  year={2017},
  publisher={Elsevier}
}

@article{berkaya2018survey,
  title={A survey on ECG analysis},
  author={Berkaya, Selcan Kaplan and Uysal, Alper Kursat and Gunal, Efnan Sora and Ergin, Semih and Gunal, Serkan and Gulmezoglu, M Bilginer},
  journal={Biomedical Signal Processing and Control},
  volume={43},
  pages={216--235},
  year={2018},
  publisher={Elsevier}
}


@article{ismail2019deep,
  title={Deep learning for time series classification: a review},
  author={Ismail Fawaz, Hassan and Forestier, Germain and Weber, Jonathan and Idoumghar, Lhassane and Muller, Pierre-Alain},
  journal={Data mining and knowledge discovery},
  volume={33},
  number={4},
  pages={917--963},
  year={2019},
  publisher={Springer}
}

@article{schaffer2021interrupted,
  title={Interrupted time series analysis using autoregressive integrated moving average (ARIMA) models: a guide for evaluating large-scale health interventions},
  author={Schaffer, Andrea L and Dobbins, Timothy A and Pearson, Sallie-Anne},
  journal={BMC medical research methodology},
  volume={21},
  pages={1--12},
  year={2021},
  publisher={Springer}
}

@article{vincent2010spatially,
  title={Spatially adaptive mixture modeling for analysis of fMRI time series},
  author={Vincent, Thomas and Risser, Laurent and Ciuciu, Philippe},
  journal={IEEE transactions on medical imaging},
  volume={29},
  number={4},
  pages={1059--1074},
  year={2010},
  publisher={IEEE}
}

@article{turner2020design,
  title={Design characteristics and statistical methods used in interrupted time series studies evaluating public health interventions: a review},
  author={Turner, Simon L and Karahalios, Amalia and Forbes, Andrew B and Taljaard, Monica and Grimshaw, Jeremy M and Cheng, Allen C and Bero, Lisa and McKenzie, Joanne E},
  journal={Journal of Clinical Epidemiology},
  volume={122},
  pages={1--11},
  year={2020},
  publisher={Elsevier}
}

@article{morid2023time,
  title={Time series prediction using deep learning methods in healthcare},
  author={Morid, Mohammad Amin and Sheng, Olivia R Liu and Dunbar, Joseph},
  journal={ACM Transactions on Management Information Systems},
  volume={14},
  number={1},
  pages={1--29},
  year={2023},
  publisher={ACM New York, NY}
}


@article{yi2024frequency,
  title={Frequency-domain MLPs are more effective learners in time series forecasting},
  author={Yi, Kun and Zhang, Qi and Fan, Wei and Wang, Shoujin and Wang, Pengyang and He, Hui and An, Ning and Lian, Defu and Cao, Longbing and Niu, Zhendong},
  journal={Advances in Neural Information Processing Systems},
  volume={36},
  year={2024}
}

@article{yi2024filternet,
  title={FilterNet: Harnessing Frequency Filters for Time Series Forecasting},
  author={Yi, Kun and Fei, Jingru and Zhang, Qi and He, Hui and Hao, Shufeng and Lian, Defu and Fan, Wei},
  journal={arXiv preprint arXiv:2411.01623},
  year={2024}
}


@inproceedings{fan2022depts,
  author       = {Wei Fan and
                  Shun Zheng and
                  Xiaohan Yi and
                  Wei Cao and
                  Yanjie Fu and
                  Jiang Bian and
                  Tie{-}Yan Liu},
  title        = {{DEPTS:} Deep Expansion Learning for Periodic Time Series Forecasting},
  booktitle    = {{ICLR}},
  publisher    = {OpenReview.net},
  year         = {2022}
}

@article{fan2024deep,
  title={Deep frequency derivative learning for non-stationary time series forecasting},
  author={Fan, Wei and Yi, Kun and Ye, Hangting and Ning, Zhiyuan and Zhang, Qi and An, Ning},
  journal={arXiv preprint arXiv:2407.00502},
  year={2024}
}

@inproceedings{fan2023Dish,
  author       = {Wei Fan and
                  Pengyang Wang and
                  Dongkun Wang and
                  Dongjie Wang and
                  Yuanchun Zhou and
                  Yanjie Fu},
  title        = {Dish-TS: {A} General Paradigm for Alleviating Distribution Shift in
                  Time Series Forecasting},
  booktitle    = {{AAAI}},
  pages        = {7522--7529},
  publisher    = {{AAAI} Press},
  year         = {2023}
}

@article{fan2024dewp,
  title={Dewp: Deep expansion learning for wind power forecasting},
  author={Fan, Wei and Fu, Yanjie and Zheng, Shun and Bian, Jiang and Zhou, Yuanchun and Xiong, Hui},
  journal={ACM Transactions on Knowledge Discovery from Data},
  volume={18},
  number={3},
  pages={1--21},
  year={2024},
  publisher={ACM New York, NY}
}

@article{kunyi_2023survey,
  author={Kun Yi and Qi Zhang and Longbing Cao and Shoujin Wang and Guodong Long and Liang Hu and Hui He and Zhendong Niu and Wei Fan and Hui Xiong},
  title={A Survey on Deep Learning based Time Series Analysis with Frequency Transformation}, 
  journal   = {CoRR},
  volume    = {abs/2302.02173},
  year      = {2023}
}

@inproceedings{yifrets_23,
  author       = {Kun Yi and
                  Qi Zhang and
                  Wei Fan and
                  Shoujin Wang and
                  Pengyang Wang and
                  Hui He and
                  Ning An and
                  Defu Lian and
                  Longbing Cao and
                  Zhendong Niu},
  title        = {Frequency-domain MLPs are More Effective Learners in Time Series Forecasting},
  booktitle    = {NeurIPS},
  year         = {2023}
}

