@inproceedings{ahn2024split,
  title={Split Learning-based Sound Event Detection in Energy-Constrained Sensor Devices},
  author={Ahn, Junick and others},
  booktitle={2024 23rd ACM/IEEE International Conference on Information Processing in Sensor Networks (IPSN)},
  pages={176--187},
  year={2024},
  organization={IEEE}
}

@inproceedings{chang2021subspectral,
  title={Subspectral normalization for neural audio data processing},
  author={Chang, Simyung and others},
  booktitle={ICASSP 2021-2021 IEEE International Conference on Acoustics, Speech and Signal Processing (ICASSP)},
  pages={850--854},
  year={2021},
  organization={IEEE}
}

@article{daubechies1990wavelet,
  title={The wavelet transform, time-frequency localization and signal analysis},
  author={Daubechies, Ingrid},
  journal={IEEE transactions on information theory},
  volume={36},
  number={5},
  pages={961--1005},
  year={1990},
  publisher={Ieee}
}

@inproceedings{frusque2022learnable,
  title={Learnable wavelet packet transform for data-adapted spectrograms},
  author={Frusque, Ga{\"e}tan and others},
  booktitle={ICASSP 2022-2022 IEEE International Conference on Acoustics, Speech and Signal Processing (ICASSP)},
  pages={3119--3123},
  year={2022},
  organization={IEEE}
}

@inproceedings{hojjat2024limitnet,
  title={LimitNet: Progressive, Content-Aware Image Offloading for Extremely Weak Devices \& Networks},
  author={Hojjat, Ali and others},
  booktitle={Proceedings of the 22nd Annual International Conference on Mobile Systems, Applications and Services},
  pages={519--533},
  year={2024}
}

@inproceedings{huang2023rethink,
  title={Re-thinking computation offload for efficient inference on IoT devices with duty-cycled radios},
  author={Huang, Jin and others},
  booktitle={Proceedings of the 29th Annual International Conference on Mobile Computing and Networking},
  pages={1--15},
  year={2023}
}

@article{jing2022lpai,
  title={LPAIâ€”A Complete AIoT Framework Based on LPWAN Applicable to Acoustic Scene Classification Scenarios},
  author={Jing, Xinru and Tian, Xin and Du, Chong},
  journal={Sensors},
  volume={22},
  number={23},
  pages={9404},
  year={2022},
  publisher={MDPI}
}

@article{kronland1987analysis,
  title={Analysis of sound patterns through wavelet transforms},
  author={Kronland-Martinet, Richard and others},
  journal={International journal of pattern recognition and artificial intelligence},
  volume={1},
  number={02},
  pages={273--302},
  year={1987},
  publisher={World Scientific}
}

@article{laine1993texture,
  title={Texture classification by wavelet packet signatures},
  author={Laine, Andrew and others},
  journal={IEEE Transactions on pattern analysis and machine intelligence},
  volume={15},
  number={11},
  pages={1186--1191},
  year={1993},
  publisher={IEEE}
}

@inproceedings{lambrou1998classification,
  title={Classification of audio signals using statistical features on time and wavelet transform domains},
  author={Lambrou, Tryphon and others},
  booktitle={Proceedings of the 1998 IEEE International Conference on Acoustics, Speech and Signal Processing, ICASSP'98 (Cat. No. 98CH36181)},
  volume={6},
  pages={3621--3624},
  year={1998},
  organization={IEEE}
}

@inproceedings{mileiko2023run,
  title={Run-time Energy Management for Intermittent LoRaWAN Communications},
  author={Mileiko, Sergey and others},
  booktitle={Proceedings of the 11th International Workshop on Energy Harvesting \& Energy-Neutral Sensing Systems},
  pages={23--29},
  year={2023}
}

@inproceedings{monjur2023soundsieve,
  title={Soundsieve: Seconds-long audio event recognition on intermittently-powered systems},
  author={Monjur, Mahathir and others},
  booktitle={Proceedings of the 21st Annual International Conference on Mobile Systems, Applications and Services},
  pages={28--41},
  year={2023}
}

@inproceedings{nakamura2020time,
  title={Time-domain audio source separation based on wave-u-net combined with discrete wavelet transform},
  author={Nakamura, Tomohiko and others},
  booktitle={ICASSP 2020-2020 IEEE International Conference on Acoustics, Speech and Signal Processing (ICASSP)},
  pages={386--390},
  year={2020},
  organization={IEEE}
}

@article{phaye2019subspectralnet,
  title={SubSpectralNet-Using Sub-Spectrogram based Convolutional Neural Networks for Acoustic Scene Classification},
  author={Phaye, Sai Samarth R and others},
  journal={arXiv preprint arXiv:1810.12642},
  year={2018}
}

@inproceedings{qian2017wavelets,
  title={Wavelets revisited for the classification of acoustic scenes},
  author={Qian, Kun andand others},
  booktitle={DCASE},
  pages={108--112},
  year={2017}
}

@inproceedings{rastikerdar2024cactus,
  title={CACTUS: Dynamically Switchable Context-aware micro-Classifiers for Efficient IoT Inference},
  author={Rastikerdar, Mohammad Mehdi and others},
  booktitle={Proceedings of the 22nd Annual International Conference on Mobile Systems, Applications and Services},
  pages={505--518},
  year={2024}
}

@inproceedings{redmon2016you,
  title={You only look once: Unified, real-time object detection},
  author={Redmon, Joseph and others},
  booktitle={Proceedings of the IEEE conference on computer vision and pattern recognition},
  pages={779--788},
  year={2016}
}

@article{ren2015faster,
  title={Faster r-cnn: Towards real-time object detection with region proposal networks},
  author={Ren, Shaoqing and others},
  journal={Advances in neural information processing systems},
  volume={28},
  year={2015}
}

@article{shensa1992discrete,
  title={The discrete wavelet transform: wedding the a trous and Mallat algorithms},
  author={Shensa, Mark J and others},
  journal={IEEE Transactions on signal processing},
  volume={40},
  number={10},
  pages={2464--2482},
  year={1992}
}

@inproceedings{wu2020time,
  title={Time-frequency feature decomposition based on sound duration for acoustic scene classification},
  author={Wu, Yuzhong and others},
  booktitle={ICASSP 2020-2020 IEEE International Conference on Acoustics, Speech and Signal Processing (ICASSP)},
  pages={716--720},
  year={2020},
  organization={IEEE}
}

@inproceedings{yao2020deep,
  title={Deep compressive offloading: Speeding up neural network inference by trading edge computation for network latency},
  author={Yao, Shuochao and others},
  booktitle={Proceedings of the 18th conference on embedded networked sensor systems},
  pages={476--488},
  year={2020}
}

