@inproceedings{jeon2023harvnet,
  title={HarvNet: Resource-Optimized Operation of Multi-Exit Deep Neural Networks on Energy Harvesting Devices},
  author={Jeon, Seunghyeok and others},
  booktitle={Proceedings of the 21st Annual International Conference on Mobile Systems, Applications and Services},
  pages={42--55},
  year={2023}
}

@article{islam2020zygarde,
  title={Zygarde: Time-Sensitive On-Device Deep Inference and Adaptation on Intermittently-Powered Systems},
  author={Islam, Bashima and others},
  journal={Proceedings of the ACM on Interactive, Mobile, Wearable and Ubiquitous Technologies},
  volume={4},
  number={3},
  pages={1--29},
  year={2020},
  publisher={ACM New York, NY, USA}
}

@article{lee2019intermittent,
  title={Intermittent learning: On-device machine learning on intermittently powered system},
  author={Lee, Seulki and others},
  journal={Proceedings of the ACM on Interactive, Mobile, Wearable and Ubiquitous Technologies},
  volume={3},
  number={4},
  pages={1--30},
  year={2019},
  publisher={ACM New York, NY, USA}
}


@inproceedings{gobieski2019intelligence,
  title={Intelligence beyond the edge: Inference on intermittent embedded systems},
  author={Gobieski, Graham and others},
  booktitle={Proceedings of the Twenty-Fourth International Conference on Architectural Support for Programming Languages and Operating Systems},
  pages={199--213},
  year={2019}
}


@inproceedings{piczak2015esc,
  title={ESC: Dataset for environmental sound classification},
  author={Piczak, Karol J},
  booktitle={Proceedings of the 23rd ACM international conference on Multimedia},
  pages={1015--1018},
  year={2015}
}


@inproceedings{lee2020learning,
  title={Learning in the wild: When, how, and what to learn for on-device dataset adaptation},
  author={Lee, Seulki and others},
  booktitle={Proceedings of the 2nd International Workshop on Challenges in Artificial Intelligence and Machine Learning for Internet of Things},
  pages={34--40},
  year={2020}
}

@inproceedings{mileiko2023run,
  title={Run-time Energy Management for Intermittent LoRaWAN Communications},
  author={Mileiko, Sergey and others},
  booktitle={Proceedings of the 11th International Workshop on Energy Harvesting \& Energy-Neutral Sensing Systems},
  pages={23--29},
  year={2023}
}

@inproceedings{huang2023rethink,
  title={Re-thinking computation offload for efficient inference on IoT devices with duty-cycled radios},
  author={Huang, Jin and others},
  booktitle={Proceedings of the 29th Annual International Conference on Mobile Computing and Networking},
  pages={1--15},
  year={2023}
}

@article{daubechies1990wavelet,
  title={The wavelet transform, time-frequency localization and signal analysis},
  author={Daubechies, Ingrid},
  journal={IEEE transactions on information theory},
  volume={36},
  number={5},
  pages={961--1005},
  year={1990},
  publisher={Ieee}
}

@article{shensa1992discrete,
  title={The discrete wavelet transform: wedding the a trous and Mallat algorithms},
  author={Shensa, Mark J and others},
  journal={IEEE Transactions on signal processing},
  volume={40},
  number={10},
  pages={2464--2482},
  year={1992}
}

@article{laine1993texture,
  title={Texture classification by wavelet packet signatures},
  author={Laine, Andrew and others},
  journal={IEEE Transactions on pattern analysis and machine intelligence},
  volume={15},
  number={11},
  pages={1186--1191},
  year={1993},
  publisher={IEEE}
}

@article{kronland1987analysis,
  title={Analysis of sound patterns through wavelet transforms},
  author={Kronland-Martinet, Richard and others},
  journal={International journal of pattern recognition and artificial intelligence},
  volume={1},
  number={02},
  pages={273--302},
  year={1987},
  publisher={World Scientific}
}

@inproceedings{qian2017wavelets,
  title={Wavelets revisited for the classification of acoustic scenes},
  author={Qian, Kun andand others},
  booktitle={DCASE},
  pages={108--112},
  year={2017}
}

@inproceedings{lambrou1998classification,
  title={Classification of audio signals using statistical features on time and wavelet transform domains},
  author={Lambrou, Tryphon and others},
  booktitle={Proceedings of the 1998 IEEE International Conference on Acoustics, Speech and Signal Processing, ICASSP'98 (Cat. No. 98CH36181)},
  volume={6},
  pages={3621--3624},
  year={1998},
  organization={IEEE}
}

@inproceedings{wu2020time,
  title={Time-frequency feature decomposition based on sound duration for acoustic scene classification},
  author={Wu, Yuzhong and others},
  booktitle={ICASSP 2020-2020 IEEE International Conference on Acoustics, Speech and Signal Processing (ICASSP)},
  pages={716--720},
  year={2020},
  organization={IEEE}
}

@inproceedings{nakamura2020time,
  title={Time-domain audio source separation based on wave-u-net combined with discrete wavelet transform},
  author={Nakamura, Tomohiko and others},
  booktitle={ICASSP 2020-2020 IEEE International Conference on Acoustics, Speech and Signal Processing (ICASSP)},
  pages={386--390},
  year={2020},
  organization={IEEE}
}

@inproceedings{frusque2022learnable,
  title={Learnable wavelet packet transform for data-adapted spectrograms},
  author={Frusque, Ga{\"e}tan and others},
  booktitle={ICASSP 2022-2022 IEEE International Conference on Acoustics, Speech and Signal Processing (ICASSP)},
  pages={3119--3123},
  year={2022},
  organization={IEEE}
}

@inproceedings{nardello2019camaroptera,
  title={Camaroptera: A batteryless long-range remote visual sensing system},
  author={Nardello, Matteo and others},
  booktitle={Proceedings of the 7th International Workshop on Energy Harvesting \& Energy-Neutral Sensing Systems},
  pages={8--14},
  year={2019}
}

@misc{LoRaAlliance2020,
  author       = {{LoRa Alliance}},
  title        = {{TS001-1.0.4 LoRaWAN L2 1.0.4 Specification}},
  year         = {2020},
}

@article{mekki2019lpwan,
  title={A comparative study of LPWAN technologies for large-scale IoT deployment},
  author={Mekki, Kais and others},
  journal={ICT express},
  volume={5},
  number={1},
  pages={1--7},
  year={2019},
  publisher={Elsevier}
}

@inproceedings{hojjat2024limitnet,
  title={LimitNet: Progressive, Content-Aware Image Offloading for Extremely Weak Devices \& Networks},
  author={Hojjat, Ali and others},
  booktitle={Proceedings of the 22nd Annual International Conference on Mobile Systems, Applications and Services},
  pages={519--533},
  year={2024}
}

@inproceedings{yao2020deep,
  title={Deep compressive offloading: Speeding up neural network inference by trading edge computation for network latency},
  author={Yao, Shuochao and others},
  booktitle={Proceedings of the 18th conference on embedded networked sensor systems},
  pages={476--488},
  year={2020}
}

@inproceedings{ahn2024split,
  title={Split Learning-based Sound Event Detection in Energy-Constrained Sensor Devices},
  author={Ahn, Junick and others},
  booktitle={2024 23rd ACM/IEEE International Conference on Information Processing in Sensor Networks (IPSN)},
  pages={176--187},
  year={2024},
  organization={IEEE}
}

@inproceedings{bor2016lora,
  title={LoRa for the Internet of Things.},
  author={Bor, Martin C and others},
  booktitle={Ewsn},
  volume={16},
  pages={361--366},
  year={2016}
}

@manual{texas2021msp430,
  title        = {MSP430FR599x, MSP430FR596x Mixed-Signal Microcontrollers},
  author       = {{Texas Instruments}},
  year         = {2021},
  note         = {Technical Report},
  url          = {https://www.ti.com/lit/ds/symlink/msp430fr5994.pdf}
}

@misc{fcc2021,
  title        = {FCC Title 47, Part 15 - Radio Frequency Devices},
  author       = {{Federal Communications Commission}},
  year         = {2021},
  url          = {https://www.ecfr.gov/current/title-47/chapter-I/subchapter-A/part-15},
  note         = {Accessed: 2024-08-15}
}

@manual{etsi2021,
  title        = {ETSI EN 300 220-1 - Electromagnetic compatibility and Radio spectrum Matters (ERM); Short Range Devices (SRD); Radio equipment to be used in the 25 MHz to 1,000 MHz frequency range; Part 1: Technical characteristics and test methods},
  author       = {{European Telecommunications Standards Institute}},
  year         = {2021},
  url          = {https://www.etsi.org/deliver/etsi_en/300200_300299/30022001/03.01.01_60/en_30022001v030101p.pdf},
  note         = {Accessed: 2024-08-15}
}

@inproceedings{rastikerdar2024cactus,
  title={CACTUS: Dynamically Switchable Context-aware micro-Classifiers for Efficient IoT Inference},
  author={Rastikerdar, Mohammad Mehdi and others},
  booktitle={Proceedings of the 22nd Annual International Conference on Mobile Systems, Applications and Services},
  pages={505--518},
  year={2024}
}

@article{dosovitskiy2020vit,
  title={An image is worth 16x16 words: Transformers for image recognition at scale},
  author={Dosovitskiy, Alexey and others},
  journal={arXiv preprint arXiv:2010.11929},
  year={2020}
}

@inproceedings{monjur2023soundsieve,
  title={Soundsieve: Seconds-long audio event recognition on intermittently-powered systems},
  author={Monjur, Mahathir and others},
  booktitle={Proceedings of the 21st Annual International Conference on Mobile Systems, Applications and Services},
  pages={28--41},
  year={2023}
}

@misc{biva2018,
  title={Bird Vocalisation Activity (BiVA) database: annotated soundscapes from the Chernobyl Exclusion Zone},
  author={Kendrick, P and others}
}

@article{terborgh1990structure,
  title={Structure and organization of an Amazonian forest bird community},
  author={Terborgh, John and others},
  journal={Ecological Monographs},
  volume={60},
  number={2},
  pages={213--238},
  year={1990},
  publisher={Wiley Online Library}
}

@inproceedings{mohan2008nericell,
  title={Nericell: rich monitoring of road and traffic conditions using mobile smartphones},
  author={Mohan, Prashanth and others},
  booktitle={Proceedings of the 6th ACM conference on Embedded network sensor systems},
  pages={323--336},
  year={2008}
}

@inproceedings{rana2010ear,
  title={Ear-phone: an end-to-end participatory urban noise mapping system},
  author={Rana, Rajib Kumar and others},
  booktitle={Proceedings of the 9th ACM/IEEE international conference on information processing in sensor networks},
  pages={105--116},
  year={2010}
}

@inproceedings{wu2019design,
  title={Design and implementation of a wearable sensor network system for IoT-connected safety and health applications},
  author={Wu, Fan and others},
  booktitle={2019 IEEE 5th World Forum on Internet of Things (WF-IoT)},
  pages={87--90},
  year={2019},
  organization={IEEE}
}

@inproceedings{daepp2022eclipse,
  title={Eclipse: An end-to-end platform for low-cost, hyperlocal environmental sensing in cities},
  author={Daepp, Madeleine IG and others},
  booktitle={2022 21st ACM/IEEE International Conference on Information Processing in Sensor Networks (IPSN)},
  pages={28--40},
  year={2022},
  organization={IEEE}
}

@article{phaye2019subspectralnet,
  title={SubSpectralNet-Using Sub-Spectrogram based Convolutional Neural Networks for Acoustic Scene Classification},
  author={Phaye, Sai Samarth R and others},
  journal={arXiv preprint arXiv:1810.12642},
  year={2018}
}

@inproceedings{selvaraju2017grad,
  title={Grad-cam: Visual explanations from deep networks via gradient-based localization},
  author={Selvaraju, Ramprasaath R and others},
  booktitle={Proceedings of the IEEE international conference on computer vision},
  pages={618--626},
  year={2017}
}

@inproceedings{redmon2016you,
  title={You only look once: Unified, real-time object detection},
  author={Redmon, Joseph and others},
  booktitle={Proceedings of the IEEE conference on computer vision and pattern recognition},
  pages={779--788},
  year={2016}
}

@article{ren2015faster,
  title={Faster r-cnn: Towards real-time object detection with region proposal networks},
  author={Ren, Shaoqing and others},
  journal={Advances in neural information processing systems},
  volume={28},
  year={2015}
}

@article{salamon2017us8k,
  title={Deep convolutional neural networks and data augmentation for environmental sound classification},
  author={Salamon, Justin and others},
  journal={IEEE Signal processing letters},
  volume={24},
  number={3},
  pages={279--283},
  year={2017},
  publisher={IEEE}
}

@inproceedings{chang2021subspectral,
  title={Subspectral normalization for neural audio data processing},
  author={Chang, Simyung and others},
  booktitle={ICASSP 2021-2021 IEEE International Conference on Acoustics, Speech and Signal Processing (ICASSP)},
  pages={850--854},
  year={2021},
  organization={IEEE}
}

@techreport{Semtech2016LoRaWAN,
  title={LoRaWAN -- Simple Rate Adaptation Recommended Algorithm},
  author={Semtech},
  year={2016},
  institution={Semtech},
  type={Technical Report},
  number={Revision 1.0}
}

@article{abnar2020quantifying,
  title={Quantifying attention flow in transformers},
  author={Abnar, Samira and others},
  journal={arXiv preprint arXiv:2005.00928},
  year={2020}
}

@inproceedings{colin2018reconfigurable,
  title={A reconfigurable energy storage architecture for energy-harvesting devices},
  author={Colin, Alexei and others},
  booktitle={Proceedings of the Twenty-Third International Conference on Architectural Support for Programming Languages and Operating Systems},
  pages={767--781},
  year={2018}
}

@inproceedings{bakar2022protean,
  title={Protean: An energy-efficient and heterogeneous platform for adaptive and hardware-accelerated battery-free computing},
  author={Bakar, Abu and others},
  booktitle={Proceedings of the 20th ACM Conference on Embedded Networked Sensor Systems},
  pages={207--221},
  year={2022}
}


@inproceedings{schroff2015facenet,
  title={Facenet: A unified embedding for face recognition and clustering},
  author={Schroff, Florian and others},
  booktitle={Proceedings of the IEEE conference on computer vision and pattern recognition},
  pages={815--823},
  year={2015}
}

@misc{RaspberryPi4B2019,
  author       = {{Raspberry Pi Foundation}},
  title        = {Raspberry Pi 4 Model B},
  year         = 2019,
  url          = {https://www.raspberrypi.com/products/raspberry-pi-4-model-b/}
}

@misc{MSPLEA2016,
  author       = {{Texas Instruments}},
  title        = {Low-Energy Accelerator (LEA) Frequently Asked Questions (FAQ)},
  year         = 2016,
  url          = {https://www.ti.com/lit/an/slaa720/slaa720.pdf}
}

@article{Lee2019PyWavelet, 
    doi = {10.21105/joss.01237}, 
    url = {https://doi.org/10.21105/joss.01237}, 
    year = {2019}, 
    publisher = {The Open Journal}, 
    volume = {4}, 
    number = {36}, 
    pages = {1237}, 
    author = {Gregory R. Lee and others}, 
    title = {PyWavelets: A Python package for wavelet analysis}, journal = {Journal of Open Source Software} 
}

@article{paszke2019pytorch,
  title={Pytorch: An imperative style, high-performance deep learning library},
  author={Paszke, Adam and others},
  journal={Advances in neural information processing systems},
  volume={32},
  year={2019}
}

@misc{mccauley2013radiohead,
  title = {RadioHead Packet Radio Library for Embedded Microprocessors},
  author = {Mike McCauley},
  year = {2013},
  url = {http://www.airspayce.com/mikem/arduino/RadioHead/},
  note = {Accessed: 2024-09-01}
}

@inproceedings{turpault2019desed,
  title={Sound event detection in domestic environments with weakly labeled data and soundscape synthesis},
  author={Turpault, Nicolas and others},
  booktitle={Workshop on Detection and Classification of Acoustic Scenes and Events},
  year={2019}
}

@misc{ti2019bq25570,
  title = {bq25570 nano power boost charger and buck converter for energy harvester powered applications},
  author = {Texas Instruments},
  year = {2019},
  url = {https://www.ti.com/lit/ds/symlink/bq25570.pdf},
  note = {Accessed: 2024-09-09}
}

@inproceedings{zhu2023multiscale,
  title={Multiscale audio spectrogram transformer for efficient audio classification},
  author={Zhu, Wentao and others},
  booktitle={ICASSP 2023-2023 IEEE International Conference on Acoustics, Speech and Signal Processing (ICASSP)},
  pages={1--5},
  year={2023},
  organization={IEEE}
}

@inproceedings{de2018paws,
  title={Paws: A wearable acoustic system for pedestrian safety},
  author={De Godoy, Daniel and others},
  booktitle={2018 IEEE/ACM Third International Conference on Internet-of-Things Design and Implementation (IoTDI)},
  pages={237--248},
  year={2018},
  organization={IEEE}
}

@inproceedings{nirjon2013auditeur,
  title={Auditeur: A mobile-cloud service platform for acoustic event detection on smartphones},
  author={Nirjon, Shahriar and others},
  booktitle={Proceeding of the 11th annual international conference on Mobile systems, applications, and services},
  pages={403--416},
  year={2013}
}

@article{dominguez2016wireless,
  title={Wireless sensor network for wildlife tracking and behavior classification of animals in Do{\~n}ana},
  author={Dominguez-Morales, Juan Pedro and others},
  journal={IEEE Communications Letters},
  volume={20},
  number={12},
  pages={2534--2537},
  year={2016},
  publisher={IEEE}
}

@article{salamon2016towards,
  title={Towards the automatic classification of avian flight calls for bioacoustic monitoring},
  author={Salamon, Justin and others},
  journal={PloS one},
  volume={11},
  number={11},
  pages={e0166866},
  year={2016},
  publisher={Public Library of Science San Francisco, CA USA}
}

@manual{hoperf2016RFM95,
  title        = {{RFM95/96/97/98(W) - Low Power Long Range Transceiver Module}},
  author       = {{HopeRF}},
  year         = {2016}
}

@misc{adafruit2019FeatherM0,
  title = {{Adafruit Feather M0 with RFM95 LoRa Radio - 900MHz -RadioFruit}},
  author = {{Adafruit}},
  year = {2019},
  note = {Accessed: 2024-11-06},
}

@manual{vesper2017VM1010,
    title = {{VM1010 Low-Noise Bottom Port Piezoelectric MEMS Microphone With Wake on Sound Feature}},
    author = {{Vesper Technologies Inc}},
    year = {2017},
    howpublished = {\url{https://mm.digikey.com/Volume0/opasdata/d220001/medias/docus/794/VM1010_DS.pdf}},
    note = {Accessed: 2024-11-06}
}


@misc{lightbulb2024philips,
  title        = {{Smart LED light bulbs}},
  author       = {{Philips}},
  year         = {2024},
  note         = {Accessed: 2024-11-06}
}

@misc{studioimaginaire2020phue,
  author       = {Studio Imaginaire},
  title        = {{phue: A Python library for Philips Hue}},
  year         = {2020},
  howpublished = {\url{https://github.com/studioimaginaire/phue}},
  note         = {Accessed: 2024-11-06}
}

@misc{ams2013TSL2591,
    title = {TSL2591 Datasheet - Apr. 2013 - ams163.5},
    author = {ams-OSRAM},
    year = {2013},
    note = {Accessed: 2024-11-06}
}

@inproceedings{lane2015deepear,
  title={Deepear: robust smartphone audio sensing in unconstrained acoustic environments using deep learning},
  author={Lane, Nicholas D and others},
  booktitle={Proceedings of the 2015 ACM international joint conference on pervasive and ubiquitous computing},
  pages={283--294},
  year={2015}
}

@article{tomar2006converting,
  title={Converting video formats with FFmpeg},
  author={Tomar, Suramya},
  journal={Linux journal},
  volume={2006},
  number={146},
  pages={10},
  year={2006},
  publisher={Belltown Media Houston, TX}
}

@article{voigt2016mitigating,
  title={Mitigating inter-network interference in LoRa networks},
  author={Voigt, Thiemo and Bor, Martin and Roedig, Utz and Alonso, Juan},
  journal={arXiv preprint arXiv:1611.00688},
  year={2016}
}



@article{jing2022lpai,
  title={LPAI—A Complete AIoT Framework Based on LPWAN Applicable to Acoustic Scene Classification Scenarios},
  author={Jing, Xinru and Tian, Xin and Du, Chong},
  journal={Sensors},
  volume={22},
  number={23},
  pages={9404},
  year={2022},
  publisher={MDPI}
}

@article{verma2024aviear,
  title={AviEar: An IoT-based Low Power Solution for Acoustic Monitoring of Avian Species},
  author={Verma, Ridhima and Kumar, Suman},
  journal={IEEE Sensors Journal},
  year={2024},
  publisher={IEEE}
}

@article{tan2021extracting,
  title={Extracting urban sound information for residential areas in smart cities using an end-to-end IoT system},
  author={Tan, Ee-Leng and Karnapi, Furi Andi and Ng, Linus Junjia and Ooi, Kenneth and Gan, Woon-Seng},
  journal={IEEE Internet of Things Journal},
  volume={8},
  number={18},
  pages={14308--14321},
  year={2021},
  publisher={IEEE}
}

@misc{eccob2020msp430,
  author       = {Eccob},
  title        = {{MSP430\_LoRaWAN}},
  journal      = {Github},
  howpublished = { \url{https://github.com/EccoB/MSP430_LoRaWAN} },
  year         = {2019},
}

@inproceedings{zhang2022demo,
  title={Demo Abstract: Capuchin: A Neural Network Model Generator for 16-bit Microcontrollers},
  author={Zhang, Le and others},
  booktitle={2022 ACM/IEEE International Conference on Information Processing in Sensor Networks (IPSN)},
  year={2022},
}