@inproceedings{burchell-etal-2023-open,
	title = "An Open Dataset and Model for Language Identification",
	author = "Burchell, Laurie  and
	  Birch, Alexandra  and
	  Bogoychev, Nikolay  and
	  Heafield, Kenneth",
	editor = "Rogers, Anna  and
	  Boyd-Graber, Jordan  and
	  Okazaki, Naoaki",
	booktitle = ACL:2023:short,
	month = jul,
	year = "2023",
	address = "Toronto, Canada",
	publisher = acl,
	url = anth # {2023.acl-short.75},
	doi = "10.18653/v1/2023.acl-short.75",
	pages = "865--879",
}

@inproceedings{goutte-etal-2016-discriminating,
	title = "Discriminating Similar Languages: Evaluations and Explorations",
	author = "Goutte, Cyril  and
	  L{\'e}ger, Serge  and
	  Malmasi, Shervin  and
	  Zampieri, Marcos",
	editor = "Calzolari, Nicoletta  and
	  Choukri, Khalid  and
	  Declerck, Thierry  and
	  Goggi, Sara  and
	  Grobelnik, Marko  and
	  Maegaard, Bente  and
	  Mariani, Joseph  and
	  Mazo, Helene  and
	  Moreno, Asuncion  and
	  Odijk, Jan  and
	  Piperidis, Stelios",
	booktitle = LREC:2016:1,
	month = may,
	year = "2016",
	address = "Portoro{\v{z}}, Slovenia",
	publisher = "European Language Resources Association (ELRA)",
	url = anth # {L16-1284},
	pages = "1800--1807",
}

@inproceedings{grave-etal-2018-learning,
	title = "Learning Word Vectors for 157 Languages",
	author = "Grave, Edouard  and
	  Bojanowski, Piotr  and
	  Gupta, Prakhar  and
	  Joulin, Armand  and
	  Mikolov, Tomas",
	editor = "Calzolari, Nicoletta  and
	  Choukri, Khalid  and
	  Cieri, Christopher  and
	  Declerck, Thierry  and
	  Goggi, Sara  and
	  Hasida, Koiti  and
	  Isahara, Hitoshi  and
	  Maegaard, Bente  and
	  Mariani, Joseph  and
	  Mazo, H{\'e}l{\`e}ne  and
	  Moreno, Asuncion  and
	  Odijk, Jan  and
	  Piperidis, Stelios  and
	  Tokunaga, Takenobu",
	booktitle = LREC:2018:1,
	month = may,
	year = "2018",
	address = "Miyazaki, Japan",
	publisher = "European Language Resources Association (ELRA)",
	url = anth # {L18-1550},
}

@inproceedings{jauhiainen-etal-2022-heli,
	title = "{H}e{LI}-{OTS}, Off-the-shelf Language Identifier for Text",
	author = "Jauhiainen, Tommi  and
	  Jauhiainen, Heidi  and
	  Lind{\'e}n, Krister",
	editor = "Calzolari, Nicoletta  and
	  B{\'e}chet, Fr{\'e}d{\'e}ric  and
	  Blache, Philippe  and
	  Choukri, Khalid  and
	  Cieri, Christopher  and
	  Declerck, Thierry  and
	  Goggi, Sara  and
	  Isahara, Hitoshi  and
	  Maegaard, Bente  and
	  Mariani, Joseph  and
	  Mazo, H{\'e}l{\`e}ne  and
	  Odijk, Jan  and
	  Piperidis, Stelios",
	booktitle = LREC:2022:1,
	month = jun,
	year = "2022",
	address = "Marseille, France",
	publisher = "European Language Resources Association",
	url = anth # {2022.lrec-1.416},
	pages = "3912--3922",
}

@inproceedings{joulin-etal-2017-bag,
	title = "Bag of Tricks for Efficient Text Classification",
	author = "Joulin, Armand  and
	  Grave, Edouard  and
	  Bojanowski, Piotr  and
	  Mikolov, Tomas",
	editor = "Lapata, Mirella  and
	  Blunsom, Phil  and
	  Koller, Alexander",
	booktitle = EACL:2017:2,
	month = apr,
	year = "2017",
	address = "Valencia, Spain",
	publisher = acl,
	url = anth # {E17-2068},
	pages = "427--431",
}

@inproceedings{keleg-magdy-2023-arabic,
	title = "{A}rabic Dialect Identification under Scrutiny: Limitations of Single-label Classification",
	author = "Keleg, Amr  and
	  Magdy, Walid",
	editor = "Sawaf, Hassan  and
	  El-Beltagy, Samhaa  and
	  Zaghouani, Wajdi  and
	  Magdy, Walid  and
	  Abdelali, Ahmed  and
	  Tomeh, Nadi  and
	  Abu Farha, Ibrahim  and
	  Habash, Nizar  and
	  Khalifa, Salam  and
	  Keleg, Amr  and
	  Haddad, Hatem  and
	  Zitouni, Imed  and
	  Mrini, Khalil  and
	  Almatham, Rawan",
	booktitle = ARABICNLP:2023:1,
	month = dec,
	year = "2023",
	address = "Singapore (Hybrid)",
	publisher = acl,
	url = anth # {2023.arabicnlp-1.31},
	doi = "10.18653/v1/2023.arabicnlp-1.31",
	pages = "385--398",
}

