@InProceedings{Cheng_2023_CVPR,
    author    = {Cheng, Ziang and Li, Junxuan and Li, Hongdong},
    title     = {WildLight: In-the-Wild Inverse Rendering With a Flashlight},
    booktitle = {Proceedings of the IEEE/CVF Conference on Computer Vision and Pattern Recognition (CVPR)},
    month     = {June},
    year      = {2023},
    pages     = {4305-4314}
}

@article{dong2010manifold,
  title={Manifold bootstrapping for SVBRDF capture},
  author={Dong, Yue and Wang, Jiaping and Tong, Xin and Snyder, John and Lan, Yanxiang and Ben-Ezra, Moshe and Guo, Baining},
  journal={ACM Transactions on Graphics (TOG)},
  volume={29},
  number={4},
  pages={1--10},
  year={2010},
  publisher={ACM New York, NY, USA}
}

@article{hernandez2008multiview,
  title={Multiview photometric stereo},
  author={Hernandez, Carlos and Vogiatzis, George and Cipolla, Roberto},
  journal={IEEE Transactions on Pattern Analysis and Machine Intelligence},
  volume={30},
  number={3},
  pages={548--554},
  year={2008}
}

@inproceedings{kaya2021neural,
  title={Neural Radiance Fields Approach to Deep Multi-View Photometric Stereo},
  author={Kaya, Berk and Kumar, Suryansh and Sarno, Francesco and Ferrari, Vittorio and Van Gool, Luc},
  booktitle={Proceedings of the IEEE/CVF Winter Conference on Applications of Computer Vision},
  pages={1965--1977},
  year={2022}
}

@inproceedings{kaya2022uncertainty,
  title={Uncertainty-aware deep multi-view photometric stereo},
  author={Kaya, Berk and Kumar, Suryansh and Oliveira, Carlos and Ferrari, Vittorio and Van Gool, Luc},
  booktitle={Proceedings of the IEEE/CVF Conference on Computer Vision and Pattern Recognition},
  pages={12601--12611},
  year={2022}
}

@inproceedings{kaya2023multi,
  title={Multi-View Photometric Stereo Revisited},
  author={Kaya, Berk and Kumar, Suryansh and Oliveira, Carlos and Ferrari, Vittorio and Van Gool, Luc},
  booktitle={Proceedings of the IEEE/CVF Winter Conference on Applications of Computer Vision},
  pages={3126--3135},
  year={2023}
}

@inproceedings{lichy2021shape,
  title={Shape and material capture at home},
  author={Lichy, Daniel and Wu, Jiaye and Sengupta, Soumyadip and Jacobs, David W},
  booktitle={Proceedings of the IEEE/CVF Conference on Computer Vision and Pattern Recognition},
  pages={6123--6133},
  year={2021}
}

@article{nehab2005efficiently,
   author={Nehab, Diego and Rusinkiewicz, Szymon and Davis, James and Ramamoorthi, Ravi},
   title={Efficiently Combining Positions and Normals for Precise 3D Geometry},
   journal={ACM Transactions on Graphics (Proc. of ACM SIGGRAPH 2005)},
   volume={24},
   number={3},
   pages={536--543},
   year={2005}
}

@article{park2016robust,
  title={Robust multiview photometric stereo using planar mesh parameterization},
  author={Park, Jaesik and Sinha, Sudipta N and Matsushita, Yasuyuki and Tai, Yu-Wing and Kweon, In So},
  journal={IEEE transactions on pattern analysis and machine intelligence},
  volume={39},
  number={8},
  pages={1591--1604},
  year={2016},
  publisher={IEEE}
}

@article{ren2011pocket,
  title={Pocket reflectometry},
  author={Ren, Peiran and Wang, Jiaping and Snyder, John and Tong, Xin and Guo, Baining},
  journal={ACM Transactions on Graphics (TOG)},
  volume={30},
  number={4},
  pages={1--10},
  year={2011},
  publisher={ACM New York, NY, USA}
}

@article{wang2021neus,
  title={NeuS: Learning Neural Implicit Surfaces by Volume Rendering for Multi-view Reconstruction},
  author={Wang, Peng and Liu, Lingjie and Liu, Yuan and Theobalt, Christian and Komura, Taku and Wang, Wenping},
  journal={Advances in Neural Information Processing Systems},
  volume={34},
  pages={27171--27183},
  year={2021}
}

@inproceedings{zhang2022iron,
  title={Iron: Inverse rendering by optimizing neural sdfs and materials from photometric images},
  author={Zhang, Kai and Luan, Fujun and Li, Zhengqi and Snavely, Noah},
  booktitle={Proceedings of the IEEE/CVF Conference on Computer Vision and Pattern Recognition},
  pages={5565--5574},
  year={2022}
}

@inproceedings{zhao2023mvpsnet,
  title={Mvpsnet: Fast generalizable multi-view photometric stereo},
  author={Zhao, Dongxu and Lichy, Daniel and Perrin, Pierre-Nicolas and Frahm, Jan-Michael and Sengupta, Soumyadip},
  booktitle={Proceedings of the IEEE/CVF International Conference on Computer Vision},
  pages={12525--12536},
  year={2023}
}

