@String(PAMI = {IEEE Trans. Pattern Anal. Mach. Intell.})
@String(IJCV = {Int. J. Comput. Vis.})
@String(CVPR= {IEEE Conf. Comput. Vis. Pattern Recog.})
@String(ICCV= {Int. Conf. Comput. Vis.})
@String(ECCV= {Eur. Conf. Comput. Vis.})
@String(NIPS= {Adv. Neural Inform. Process. Syst.})
@String(ICPR = {Int. Conf. Pattern Recog.})
@String(BMVC= {Brit. Mach. Vis. Conf.})
@String(TOG= {ACM Trans. Graph.})
@String(TIP  = {IEEE Trans. Image Process.})
@String(TVCG  = {IEEE Trans. Vis. Comput. Graph.})
@String(TMM  = {IEEE Trans. Multimedia})
@String(ACMMM= {ACM Int. Conf. Multimedia})
@String(ICME = {Int. Conf. Multimedia and Expo})
@String(ICASSP=	{ICASSP})
@String(ICIP = {IEEE Int. Conf. Image Process.})
@String(ACCV  = {ACCV})
@String(ICLR = {Int. Conf. Learn. Represent.})
@String(IJCAI = {IJCAI})
@String(PR   = {Pattern Recognition})
@String(AAAI = {AAAI})
@String(CVPRW= {IEEE Conf. Comput. Vis. Pattern Recog. Worksh.})
@String(CSVT = {IEEE Trans. Circuit Syst. Video Technol.})

@String(SPL	= {IEEE Sign. Process. Letters})
@String(VR   = {Vis. Res.})
@String(JOV	 = {J. Vis.})
@String(TVC  = {The Vis. Comput.})
@String(JCST  = {J. Comput. Sci. Tech.})
@String(CGF  = {Comput. Graph. Forum})
@String(CVM = {Computational Visual Media})


@String(PAMI  = {IEEE TPAMI})
@String(IJCV  = {IJCV})
@String(CVPR  = {CVPR})
@String(ICCV  = {ICCV})
@String(ECCV  = {ECCV})
@String(NIPS  = {NeurIPS})
@String(ICPR  = {ICPR})
@String(BMVC  =	{BMVC})
@String(TOG   = {ACM TOG})
@String(TIP   = {IEEE TIP})
@String(TVCG  = {IEEE TVCG})
@String(TCSVT = {IEEE TCSVT})
@String(TMM   =	{IEEE TMM})
@String(ACMMM = {ACM MM})
@String(ICME  =	{ICME})
@String(ICASSP=	{ICASSP})
@String(ICIP  = {ICIP})
@String(ACCV  = {ACCV})
@String(ICLR  = {ICLR})
@String(IJCAI = {IJCAI})
@String(PR = {PR})
@String(AAAI = {AAAI})
@String(CVPRW= {CVPRW})
@String(CSVT = {IEEE TCSVT})

@inproceedings{kaya2023multi,
  title={Multi-View Photometric Stereo Revisited},
  author={Kaya, Berk and Kumar, Suryansh and Oliveira, Carlos and Ferrari, Vittorio and Van Gool, Luc},
  booktitle={Proceedings of the IEEE/CVF Winter Conference on Applications of Computer Vision},
  pages={3126--3135},
  year={2023}
}

@inproceedings{kaya2022uncertainty,
  title={Uncertainty-aware deep multi-view photometric stereo},
  author={Kaya, Berk and Kumar, Suryansh and Oliveira, Carlos and Ferrari, Vittorio and Van Gool, Luc},
  booktitle={Proceedings of the IEEE/CVF Conference on Computer Vision and Pattern Recognition},
  pages={12601--12611},
  year={2022}
}

@article{li2020multi,
  title={Multi-View Photometric Stereo: A Robust Solution and Benchmark Dataset for Spatially Varying Isotropic Materials},
  author={Li, Min and Zhou, Zhenglong and Wu, Zhe and Shi, Boxin and Diao, Changyu and Tan, Ping},
  journal={IEEE Transactions on Image Processing},
  volume={29},
  pages={4159--4173},
  year={2020},
  publisher={IEEE}
}

@inproceedings{schoenberger2016sfm,
  title={Structure-From-Motion Revisited},
  author={Schonberger, Johannes L and Frahm, Jan-Michael},
  booktitle={Proceedings of the IEEE/CVF Conference on Computer Vision and Pattern Recognition},
  pages={4104--4113},
  year={2016},
  organization={IEEE}
}

@article{furukawa2015multi,
  title={Multi-view stereo: A tutorial},
  author={Furukawa, Yasutaka and Hern{\'a}ndez, Carlos},
  journal={Foundations and Trends{\textregistered} in Computer Graphics and Vision},
  volume={9},
  number={1-2},
  pages={1--148},
  year={2015},
  publisher={Now Publishers Inc. Hanover, MA, USA}
}

@article{woodham1980photometric,
  title={Photometric method for determining surface orientation from multiple images},
  author={Woodham, Robert J},
  journal={Optical engineering},
  volume={19},
  number={1},
  pages={139--144},
  year={1980},
  publisher={International Society for Optics and Photonics}
}

@article{hernandez2008multiview,
  title={Multiview photometric stereo},
  author={Hernandez, Carlos and Vogiatzis, George and Cipolla, Roberto},
  journal={IEEE Transactions on Pattern Analysis and Machine Intelligence},
  volume={30},
  number={3},
  pages={548--554},
  year={2008}
}

@inproceedings{mildenhall2020nerf,
  title={Nerf: Representing scenes as neural radiance fields for view synthesis},
  author={Mildenhall, Ben and Srinivasan, Pratul P and Tancik, Matthew and Barron, Jonathan T and Ramamoorthi, Ravi and Ng, Ren},
  booktitle={European conference on computer vision},
  pages={405--421},
  year={2020},
  organization={Springer}
}

@Article{kerbl3Dgaussians,
      author       = {Kerbl, Bernhard and Kopanas, Georgios and Leimk{\"u}hler, Thomas and Drettakis, George},
      title        = {3D Gaussian Splatting for Real-Time Radiance Field Rendering},
      journal      = {ACM Transactions on Graphics},
      number       = {4},
      volume       = {42},
      month        = {July},
      year         = {2023}
}

@article{mueller2022instant,
    author = {Thomas M\"uller and Alex Evans and Christoph Schied and Alexander Keller},
    title = {Instant Neural Graphics Primitives with a Multiresolution Hash Encoding},
    journal = {ACM Trans. Graph.},
    issue_date = {July 2022},
    volume = {41},
    number = {4},
    month = jul,
    year = {2022},
    pages = {102:1--102:15},
    articleno = {102},
    numpages = {15},
    publisher = {ACM},
    address = {New York, NY, USA}
}

@article{jain2024learning,
  title={Learning Robust Multi-scale Representation for Neural Radiance Fields from Unposed Images},
  author={Jain, Nishant and Kumar, Suryansh and Van Gool, Luc},
  journal={International Journal of Computer Vision},
  volume={132},
  number={4},
  pages={1310--1335},
  year={2024},
  publisher={Springer}
}


@article{nehab2005efficiently,
   author={Nehab, Diego and Rusinkiewicz, Szymon and Davis, James and Ramamoorthi, Ravi},
   title={Efficiently Combining Positions and Normals for Precise 3D Geometry},
   journal={ACM Transactions on Graphics (Proc. of ACM SIGGRAPH 2005)},
   volume={24},
   number={3},
   pages={536--543},
   year={2005}
}

@book{moons20093d,
  title={3D reconstruction from multiple images: principles},
  author={Moons, Theo and Van Gool, Luc and Vergauwen, Maarten},
  year={2009},
  publisher={Now Publishers Inc}
}

@inproceedings{chatterjee2015photometric,
  title={Photometric refinement of depth maps for multi-albedo objects},
  author={Chatterjee, Avishek and Madhav Govindu, Venu},
  booktitle={Proceedings of the IEEE Conference on Computer Vision and Pattern Recognition},
  pages={933--941},
  year={2015}
}

@book{bronstein2008numerical,
  title={Numerical geometry of non-rigid shapes},
  author={Bronstein, Alexander M and Bronstein, Michael M and Kimmel, Ron},
  year={2008},
  publisher={Springer Science \& Business Media}
}

@inproceedings{kaya2021neural,
  title={Neural Radiance Fields Approach to Deep Multi-View Photometric Stereo},
  author={Kaya, Berk and Kumar, Suryansh and Sarno, Francesco and Ferrari, Vittorio and Van Gool, Luc},
  booktitle={Proceedings of the IEEE/CVF Winter Conference on Applications of Computer Vision},
  pages={1965--1977},
  year={2022}
}

@inproceedings{park2013multiview,
  title={Multiview photometric stereo using planar mesh parameterization},
  author={Park, Jaesik and Sinha, Sudipta N and Matsushita, Yasuyuki and Tai, Yu-Wing and So Kweon, In},
  booktitle={Proceedings of the IEEE International Conference on Computer Vision},
  pages={1161--1168},
  year={2013}
}

@article{park2016robust,
  title={Robust multiview photometric stereo using planar mesh parameterization},
  author={Park, Jaesik and Sinha, Sudipta N and Matsushita, Yasuyuki and Tai, Yu-Wing and Kweon, In So},
  journal={IEEE transactions on pattern analysis and machine intelligence},
  volume={39},
  number={8},
  pages={1591--1604},
  year={2016},
  publisher={IEEE}
}

@article{ren2011pocket,
  title={Pocket reflectometry},
  author={Ren, Peiran and Wang, Jiaping and Snyder, John and Tong, Xin and Guo, Baining},
  journal={ACM Transactions on Graphics (TOG)},
  volume={30},
  number={4},
  pages={1--10},
  year={2011},
  publisher={ACM New York, NY, USA}
}

@article{dong2010manifold,
  title={Manifold bootstrapping for SVBRDF capture},
  author={Dong, Yue and Wang, Jiaping and Tong, Xin and Snyder, John and Lan, Yanxiang and Ben-Ezra, Moshe and Guo, Baining},
  journal={ACM Transactions on Graphics (TOG)},
  volume={29},
  number={4},
  pages={1--10},
  year={2010},
  publisher={ACM New York, NY, USA}
}

@inproceedings{zhang2022iron,
  title={Iron: Inverse rendering by optimizing neural sdfs and materials from photometric images},
  author={Zhang, Kai and Luan, Fujun and Li, Zhengqi and Snavely, Noah},
  booktitle={Proceedings of the IEEE/CVF Conference on Computer Vision and Pattern Recognition},
  pages={5565--5574},
  year={2022}
}

@inproceedings{zhao2023mvpsnet,
  title={Mvpsnet: Fast generalizable multi-view photometric stereo},
  author={Zhao, Dongxu and Lichy, Daniel and Perrin, Pierre-Nicolas and Frahm, Jan-Michael and Sengupta, Soumyadip},
  booktitle={Proceedings of the IEEE/CVF International Conference on Computer Vision},
  pages={12525--12536},
  year={2023}
}

@inproceedings{lichy2021shape,
  title={Shape and material capture at home},
  author={Lichy, Daniel and Wu, Jiaye and Sengupta, Soumyadip and Jacobs, David W},
  booktitle={Proceedings of the IEEE/CVF Conference on Computer Vision and Pattern Recognition},
  pages={6123--6133},
  year={2021}
}

@InProceedings{Cheng_2023_CVPR,
    author    = {Cheng, Ziang and Li, Junxuan and Li, Hongdong},
    title     = {WildLight: In-the-Wild Inverse Rendering With a Flashlight},
    booktitle = {Proceedings of the IEEE/CVF Conference on Computer Vision and Pattern Recognition (CVPR)},
    month     = {June},
    year      = {2023},
    pages     = {4305-4314}
}

@article{wang2021neus,
  title={NeuS: Learning Neural Implicit Surfaces by Volume Rendering for Multi-view Reconstruction},
  author={Wang, Peng and Liu, Lingjie and Liu, Yuan and Theobalt, Christian and Komura, Taku and Wang, Wenping},
  journal={Advances in Neural Information Processing Systems},
  volume={34},
  pages={27171--27183},
  year={2021}
}

@inproceedings{shi2016benchmark,
  title={A benchmark dataset and evaluation for non-lambertian and uncalibrated photometric stereo},
  author={Shi, Boxin and Wu, Zhe and Mo, Zhipeng and Duan, Dinglong and Yeung, Sai-Kit and Tan, Ping},
  booktitle={Proceedings of the IEEE Conference on Computer Vision and Pattern Recognition},
  pages={3707--3716},
  year={2016}
}

@inproceedings{chen2019self,
  title={Self-calibrating deep photometric stereo networks},
  author={Chen, Guanying and Han, Kai and Shi, Boxin and Matsushita, Yasuyuki and Wong, Kwan-Yee K},
  booktitle={Proceedings of the IEEE Conference on Computer Vision and Pattern Recognition},
  pages={8739--8747},
  year={2019}
}

@inproceedings{kaya2021uncalibrated,
  title={Uncalibrated neural inverse rendering for photometric stereo of general surfaces},
  author={Kaya, Berk and Kumar, Suryansh and Oliveira, Carlos and Ferrari, Vittorio and Van Gool, Luc},
  booktitle={Proceedings of the IEEE/CVF Conference on Computer Vision and Pattern Recognition},
  pages={3804--3814},
  year={2021}
}

@inproceedings{ikehata2018cnn,
  title={CNN-PS: CNN-based photometric stereo for general non-convex surfaces},
  author={Ikehata, Satoshi},
  booktitle={Proceedings of the European Conference on Computer Vision (ECCV)},
  pages={3--18},
  year={2018}
}

@inproceedings{gal2015bayesian,
Author = {Yarin Gal and Zoubin Ghahramani},
Title = {Bayesian Convolutional Neural Networks with {B}ernoulli Approximate Variational Inference},
Year = {2016},
booktitle = {4th International Conference on Learning Representations (ICLR) workshop track},
}

@inproceedings{ranftl2021vision,
  title={Vision transformers for dense prediction},
  author={Ranftl, Ren{\'e} and Bochkovskiy, Alexey and Koltun, Vladlen},
  booktitle={Proceedings of the IEEE/CVF international conference on computer vision},
  pages={12179--12188},
  year={2021}
}

@article{ranftl2020towards,
  title={Towards robust monocular depth estimation: Mixing datasets for zero-shot cross-dataset transfer},
  author={Ranftl, Ren{\'e} and Lasinger, Katrin and Hafner, David and Schindler, Konrad and Koltun, Vladlen},
  journal={IEEE transactions on pattern analysis and machine intelligence},
  volume={44},
  number={3},
  pages={1623--1637},
  year={2020},
  publisher={IEEE}
}

@article{birkl2023midas,
      title={MiDaS v3.1 -- A Model Zoo for Robust Monocular Relative Depth Estimation},
      author={Reiner Birkl and Diana Wofk and Matthias M{\"u}ller},
      journal={arXiv preprint arXiv:2307.14460},
      year={2023}
}

@inproceedings{liu2023single,
  title={Single image depth prediction made better: A multivariate gaussian take},
  author={Liu, Ce and Kumar, Suryansh and Gu, Shuhang and Timofte, Radu and Van Gool, Luc},
  booktitle={Proceedings of the IEEE/CVF Conference on Computer Vision and Pattern Recognition},
  pages={17346--17356},
  year={2023}
}

@inproceedings{liu2023va,
  title={VA-DepthNet: A Variational Approach to Single Image Depth Prediction},
  author={Liu, Ce and Kumar, Suryansh and Gu, Shuhang and Timofte, Radu and Van Gool, Luc},
  booktitle={The Eleventh International Conference on Learning Representations (ICLR)},
  year={2023}
}

@inproceedings{shi2014photometric,
  title={Photometric stereo using internet images},
  author={Shi, Boxin and Inose, Kenji and Matsushita, Yasuyuki and Tan, Ping and Yeung, Sai-Kit and Ikeuchi, Katsushi},
  booktitle={2014 2nd International Conference on 3D Vision},
  volume={1},
  pages={361--368},
  year={2014},
  organization={IEEE}
}

@inproceedings{antensteiner2018variational,
  title={Variational Depth and Normal Fusion Algorithms for 3D Reconstruction},
  author={Antensteiner, Doris and Stolc, Svorad and Pock, Thomas},
  booktitle={Woman in Computer Vision Workshop (WiCV)@ Computer Vision and Pattern Recognition (CVPR) 2018},
  year={2018}
}

@article{hager2013limited,
  title={The limited memory conjugate gradient method},
  author={Hager, William W and Zhang, Hongchao},
  journal={SIAM Journal on Optimization},
  volume={23},
  number={4},
  pages={2150--2168},
  year={2013},
  publisher={SIAM}
}

@article{liu1989limited,
  title={On the limited memory BFGS method for large scale optimization},
  author={Liu, Dong C and Nocedal, Jorge},
  journal={Mathematical programming},
  volume={45},
  number={1-3},
  pages={503--528},
  year={1989},
  publisher={Springer}
}

@inproceedings{curless1996volumetric,
  title={A volumetric method for building complex models from range images},
  author={Curless, Brian and Levoy, Marc},
  booktitle={Proceedings of the 23rd annual conference on Computer graphics and interactive techniques},
  pages={303--312},
  year={1996}
}

@article{yang2020teaser,
  title={Teaser: Fast and certifiable point cloud registration},
  author={Yang, Heng and Shi, Jingnan and Carlone, Luca},
  journal={IEEE Transactions on Robotics},
  volume={37},
  number={2},
  pages={314--333},
  year={2020},
  publisher={IEEE}
}

@inproceedings{chen2018ps,
  title={PS-FCN: A flexible learning framework for photometric stereo},
  author={Chen, Guanying and Han, Kai and Wong, Kwan-Yee K},
  booktitle={Proceedings of the European Conference on Computer Vision (ECCV)},
  pages={3--18},
  year={2018}
}

@inproceedings{kingma2014adam,
  title={Adam: A method for stochastic gradient descent},
  author={Kingma, Diederik P and Ba, Jimmy Lei},
  booktitle={ICLR: international conference on learning representations},
  pages={1--15},
  year={2015},
  organization={ICLR US.}
}

@article{lorensen1987marching,
  title={Marching cubes: A high resolution 3D surface construction algorithm},
  author={Lorensen, William E and Cline, Harvey E},
  journal={ACM siggraph computer graphics},
  volume={21},
  number={4},
  pages={163--169},
  year={1987},
  publisher={ACM New York, NY, USA}
}

@inproceedings{yao2018mvsnet,
  title={Mvsnet: Depth inference for unstructured multi-view stereo},
  author={Yao, Yao and Luo, Zixin and Li, Shiwei and Fang, Tian and Quan, Long},
  booktitle={Proceedings of the European Conference on Computer Vision (ECCV)},
  pages={767--783},
  year={2018}
}

@inproceedings{wang2021patchmatchnet,
  title={PatchmatchNet: Learned Multi-View Patchmatch Stereo},
  author={Wang, Fangjinhua and Galliani, Silvano and Vogel, Christoph and Speciale, Pablo and Pollefeys, Marc},
  booktitle={Proceedings of the IEEE/CVF Conference on Computer Vision and Pattern Recognition},
  pages={14194--14203},
  year={2021}
}


@article{indelman2015incremental,
  title={Incremental light bundle adjustment for structure from motion and robotics},
  author={Indelman, Vadim and Roberts, Richard and Dellaert, Frank},
  journal={Robotics and Autonomous Systems},
  volume={70},
  pages={63--82},
  year={2015},
  publisher={Elsevier}
}

@article{knapitsch2017tanks,
  title={Tanks and temples: Benchmarking large-scale scene reconstruction},
  author={Knapitsch, Arno and Park, Jaesik and Zhou, Qian-Yi and Koltun, Vladlen},
  journal={ACM Transactions on Graphics (ToG)},
  volume={36},
  number={4},
  pages={1--13},
  year={2017},
  publisher={ACM New York, NY, USA}
}

@inproceedings{lee2019monocular,
  title={Monocular depth estimation using relative depth maps},
  author={Lee, Jae-Han and Kim, Chang-Su},
  booktitle={Proceedings of the IEEE/CVF Conference on Computer Vision and Pattern Recognition},
  pages={9729--9738},
  year={2019}
}

@article{kumar2019superpixel,
  title={Superpixel soup: Monocular dense 3d reconstruction of a complex dynamic scene},
  author={Kumar, Suryansh and Dai, Yuchao and Li, Hongdong},
  journal={IEEE transactions on pattern analysis and machine intelligence},
  volume={43},
  number={5},
  pages={1705--1717},
  year={2019},
  publisher={IEEE}
}

@inproceedings{pulli1999multiview,
  title={Multiview registration for large data sets},
  author={Pulli, Kari},
  booktitle={Second international conference on 3-d digital imaging and modeling (cat. no. pr00062)},
  pages={160--168},
  year={1999},
  organization={IEEE}
}

@inproceedings{kirillov2023segany,
  title={Segment anything},
  author={Kirillov, Alexander and Mintun, Eric and Ravi, Nikhila and Mao, Hanzi and Rolland, Chloe and Gustafson, Laura and Xiao, Tete and Whitehead, Spencer and Berg, Alexander C and Lo, Wan-Yen and others},
  booktitle={Proceedings of the IEEE/CVF International Conference on Computer Vision},
  pages={4015--4026},
  year={2023}
}

@article{menini2021real,
  title={A real-time online learning framework for joint 3d reconstruction and semantic segmentation of indoor scenes},
  author={Menini, Davide and Kumar, Suryansh and Oswald, Martin R and Sandstr{\"o}m, Erik and Sminchisescu, Cristian and Van Gool, Luc},
  journal={IEEE Robotics and Automation Letters},
  volume={7},
  number={2},
  pages={1332--1339},
  year={2021},
  publisher={IEEE}
}

@inproceedings{sandstrom2022learning,
  title={Learning online multi-sensor depth fusion},
  author={Sandstr{\"o}m, Erik and Oswald, Martin R and Kumar, Suryansh and Weder, Silvan and Yu, Fisher and Sminchisescu, Cristian and Van Gool, Luc},
  booktitle={European Conference on Computer Vision},
  pages={87--105},
  year={2022},
  organization={Springer}
}

@article{berahas2016multi,
  title={A multi-batch L-BFGS method for machine learning},
  author={Berahas, Albert S and Nocedal, Jorge and Tak{\'a}c, Martin},
  journal={Advances in Neural Information Processing Systems},
  volume={29},
  year={2016}
}