@inproceedings{DBLP:conf/aaai/0001WWMZWH24,
  author       = {Yan Cai and
                  Linlin Wang and
                  Ye Wang and
                  Gerard de Melo and
                  Ya Zhang and
                  Yanfeng Wang and
                  Liang He},
  title        = {MedBench: {A} large-scale Chinese benchmark for evaluating medical
                  Large Language Models},
  booktitle    = {Thirty-Eighth {AAAI} Conference on Artificial Intelligence, {AAAI}
                  2024, Thirty-Sixth Conference on Innovative Applications of Artificial
                  Intelligence, {IAAI} 2024, Fourteenth Symposium on Educational Advances
                  in Artificial Intelligence, {EAAI} 2014, February 20-27, 2024, Vancouver,
                  Canada},
  pages        = {17709--17717},
  publisher    = {{AAAI} Press},
  year         = {2024},
  doi          = {10.1609/AAAI.V38I16.29723},
}

@inproceedings{DBLP:conf/kdd/ChenMGWZC24,
  author       = {Xuanzhong Chen and
                  Xiaohao Mao and
                  Qihan Guo and
                  Lun Wang and
                  Shuyang Zhang and
                  Ting Chen},
  title        = {RareBench: Can LLMs Serve as Rare Diseases Specialists?},
  booktitle    = {Proceedings of the 30th {ACM} {SIGKDD} Conference on Knowledge Discovery
                  and Data Mining, {KDD} 2024, Barcelona, Spain, August 25-29, 2024},
  pages        = {4850--4861},
  publisher    = {{ACM}},
  year         = {2024},
  url          = {https://doi.org/10.1145/3637528.3671576},
  doi          = {10.1145/3637528.3671576},
  timestamp    = {Tue, 27 Aug 2024 15:57:44 +0200},
  biburl       = {https://dblp.org/rec/conf/kdd/ChenMGWZC24.bib},
  bibsource    = {dblp computer science bibliography, https://dblp.org}
}

@article{DBLP:journals/corr/abs-2406-01126,
  author       = {Wenjing Yue and
                  Xiaoling Wang and
                  Wei Zhu and
                  Ming Guan and
                  Huanran Zheng and
                  Pengfei Wang and
                  Changzhi Sun and
                  Xin Ma},
  title        = {TCMBench: {A} Comprehensive Benchmark for Evaluating Large Language
                  Models in Traditional Chinese Medicine},
  journal      = {CoRR},
  volume       = {abs/2406.01126},
  year         = {2024},
  url          = {https://doi.org/10.48550/arXiv.2406.01126},
  doi          = {10.48550/ARXIV.2406.01126},
  eprinttype    = {arXiv},
  eprint       = {2406.01126},
  timestamp    = {Thu, 04 Jul 2024 12:24:28 +0200},
  biburl       = {https://dblp.org/rec/journals/corr/abs-2406-01126.bib},
  bibsource    = {dblp computer science bibliography, https://dblp.org}
}

@article{antaki2023capabilities,
  title={Capabilities of GPT-4 in ophthalmology: an analysis of model entropy and progress towards human-level medical question answering},
  author={Antaki, Fares and Milad, Daniel and Chia, Mark A and Gigu{\`e}re, Charles-{\'E}douard and Touma, Samir and El-Khoury, Jonathan and Keane, Pearse A and Duval, Renaud},
  journal={British Journal of Ophthalmology},
  volume={108},
  number={10},
  pages={1371--1376},
  year={2023},
  publisher={BMJ Publishing Group Ltd}
}

@article{bernstein2023comparison,
  title={Comparison of Ophthalmologist and Large Language Model Chatbot Responses to Online Patient Eye Care Questions},
  author={Bernstein, Isaac A and Zhang, Youchen and Govil, Devendra and Majid, Iyad and Chang, Robert T and Sun, Yang and Shue, Ann and Chou, Jonathan C and Schehlein, Emily and Christopher, Karen L and others},
  journal={JAMA Network Open},
  volume={6},
  number={8},
  pages={e2330320--e2330320},
  year={2023},
  publisher={American Medical Association}
}

@article{cao2024compassjudger,
  title={CompassJudger-1: All-in-one Judge Model Helps Model Evaluation and Evolution},
  author={Cao, Maosong and Lam, Alexander and Duan, Haodong and Liu, Hongwei and Zhang, Songyang and Chen, Kai},
  journal={arXiv preprint arXiv:2410.16256},
  year={2024}
}

@article{goodman2023accuracy,
  title={Accuracy and reliability of chatbot responses to physician questions},
  author={Goodman, Rachel S and Patrinely, J Randall and Stone, Cosby A and Zimmerman, Eli and Donald, Rebecca R and Chang, Sam S and others},
  journal={JAMA Netw. Open},
  volume={6},
  number={10},
  pages={e2336483--e2336483},
  year={2023}
}

@article{hager2024evaluation,
  title={Evaluation and mitigation of the limitations of large language models in clinical decision-making},
  author={Hager, Paul and Jungmann, Friederike and Holland, Robbie and Bhagat, Kunal and Hubrecht, Inga and Knauer, Manuel and others},
  journal={Nat. Med.},
  volume={30},
  number={9},
  pages={2613--2622},
  year={2024}
}

@article{huang2024assessment,
  title={Assessment of a large language model’s responses to questions and cases about glaucoma and retina management},
  author={Huang, Andy S and Hirabayashi, Kyle and Barna, Laura and Parikh, Deep and Pasquale, Louis R},
  journal={JAMA ophthalmology},
  volume={142},
  number={4},
  pages={371--375},
  year={2024},
  publisher={American Medical Association}
}

@article{jiang2024jmedbench,
  title={JMedBench: A Benchmark for Evaluating Japanese Biomedical Large Language Models},
  author={Jiang, Junfeng and Huang, Jiahao and Aizawa, Akiko},
  journal={arXiv preprint arXiv:2409.13317},
  year={2024}
}

@article{li2023chatgpt,
  title={ChatGPT outscored human candidates in a virtual objective structured clinical examination in obstetrics and gynecology},
  author={Li, Sarah W and Kemp, Matthew W and Logan, Susan JS and Dimri, Pooja Sharma and Singh, Navkaran and Mattar, Citra NZ and Dashraath, Pradip and Ramlal, Harshaana and Mahyuddin, Aniza P and Kanayan, Suren and others},
  journal={American Journal of Obstetrics and Gynecology},
  volume={229},
  number={2},
  pages={172--e1},
  year={2023},
  publisher={Elsevier}
}

@inproceedings{li2024multiple,
  title={Can Multiple-choice Questions Really Be Useful in Detecting the Abilities of LLMs?},
  author={Li, Wangyue and Li, Liangzhi and Xiang, Tong and Liu, Xiao and Deng, Wei and Garcia, Noa},
  booktitle={Proceedings of the 2024 Joint International Conference on Computational Linguistics, Language Resources and Evaluation (LREC-COLING 2024)},
  pages={2819--2834},
  year={2024},
  organization={ELRA and ICCL}
}

@article{lim2023benchmarking,
  title={Benchmarking large language models’ performances for myopia care: a comparative analysis of chatgpt-3.5, chatgpt-4.0, and google bard},
  author={Lim, Zhi Wei and Pushpanathan, Krithi and Yew, Samantha Min Er and Lai, Yien and Sun, Chen-Hsin and Lam, Janice Sing Harn and others},
  journal={EBioMed.},
  volume={95},
  year={2023},
  number={}
}

@article{liu2024benchmarking,
  title={Benchmarking large language models on cmexam-a comprehensive Chinese medical exam dataset},
  author={Liu, Junling and Zhou, Peilin and Hua, Yining and Chong, Dading and Tian, Zhongyu and Liu, Andrew and Wang, Helin and You, Chenyu and Guo, Zhenhua and Zhu, Lei and others},
  journal={Advances in Neural Information Processing Systems},
  volume={36},
  year={2024}
}

@article{longwell2024performance,
  title={Performance of large language models on medical oncology examination questions},
  author={Longwell, Jack B and Hirsch, Ian and Binder, Fernando and Conchas, Galileo Arturo Gonzalez and Mau, Daniel and Jang, Raymond and others},
  journal={JAMA Netw. Open},
  volume={7},
  number={6},
  pages={e2417641--e2417641},
  year={2024}
}

@inproceedings{pal2022medmcqa,
  title={Medmcqa: A large-scale multi-subject multi-choice dataset for medical domain question answering},
  author={Pal, Ankit and Umapathi, Logesh Kumar and Sankarasubbu, Malaikannan},
  booktitle={Conf. Health Infer. Learn.},
  pages={248--260},
  year={2022}
}

@article{rao2023assessing,
  title={Assessing the utility of chatgpt throughout the entire clinical workflow: development and usability study},
  author={Rao, Arya and Pang, Michael and Kim, John and Kamineni, Meghana and Lie, Winston and Prasad, Anoop K and others},
  journal={J. Med. Internet Res.},
  volume={25},
  pages={e48659},
  year={2023},
}

@article{singhal2023large,
  title={Large language models encode clinical knowledge},
  author={Singhal, Karan and Azizi, Shekoofeh and Tu, Tao and Mahdavi, S Sara and Wei, Jason and Chung, Hyung Won and others},
  journal={Nature},
  volume={620},
  number={7972},
  pages={172--180},
  year={2023}
}

@article{son2024llm,
  title={LLM-as-a-Judge \& Reward Model: What They Can and Cannot Do},
  author={Son, Guijin and Ko, Hyunwoo and Lee, Hoyoung and Kim, Yewon and Hong, Seunghyeok},
  journal={arXiv preprint arXiv:2409.11239},
  year={2024}
}

@article{suthar2023artificial,
  title={Artificial intelligence (AI) in radiology: a deep dive into ChatGPT 4.0's accuracy with the American Journal of Neuroradiology's (AJNR)" Case of the Month"},
  author={Suthar, Pokhraj P and Kounsal, Avin and Chhetri, Lavanya and Saini, Divya and Dua, Sumeet G},
  journal={Cureus},
  volume={15},
  number={8},
  year={2023},
  publisher={Cureus Inc.}
}

@article{wang2023cmb,
  title={Cmb: A comprehensive medical benchmark in chinese},
  author={Wang, Xidong and Chen, Guiming Hardy and Song, Dingjie and Zhang, Zhiyi and Chen, Zhihong and Xiao, Qingying and Jiang, Feng and Li, Jianquan and Wan, Xiang and Wang, Benyou and others},
  journal={arXiv preprint arXiv:2308.08833},
  year={2023}
}

@article{zhang2021cblue,
  title={Cblue: A Chinese biomedical language understanding evaluation benchmark},
  author={Zhang, Ningyu and Chen, Mosha and Bi, Zhen and Liang, Xiaozhuan and Li, Lei and Shang, Xin and Yin, Kangping and Tan, Chuanqi and Xu, Jian and Huang, Fei and others},
  journal={arXiv preprint arXiv:2106.08087},
  year={2021}
}

@article{zhang2024pediabench,
  title={PediaBench: A Comprehensive Chinese Pediatric Dataset for Benchmarking Large Language Models},
  author={Zhang, Qian and Chen, Panfeng and Li, Jiali and Feng, Linkun and Liu, Shuyu and Chen, Mei and Li, Hui and Wang, Yanhao},
  journal={arXiv preprint arXiv:2412.06287},
  year={2024}
}

@misc{zhu2023promptcblue,
  title={PROMPTCBLUE: A Chinese Prompt Tuning Benchmark for the Medical Domain},
  author={Zhu, Wei and Wang, Xiaoling and Zheng, Huanran},
  year={2023},
  publisher = {GitHub},
  journal = {GitHub repository},
  howpublished = {\\url{https://github.com/michael-wzhu/PromptCBLUE}},
}

