@article{thirunavukarasu2023large,
  title={Large language models in medicine},
  author={Thirunavukarasu, Arun James and Ting, Darren Shu Jeng and Elangovan, Kabilan and Gutierrez, Laura and Tan, Ting Fang and Ting, Daniel Shu Wei},
  journal={Nat. Med.},
  volume={29},
  number={8},
  pages={1930--1940},
  year={2023}
}

@article{gao2024empowering,
  title={Empowering biomedical discovery with ai agents},
  author={Gao, Shanghua and Fang, Ada and Huang, Yepeng and Giunchiglia, Valentina and Noori, Ayush and Schwarz, Jonathan Richard and others},
  journal={Cell},
  volume={187},
  number={22},
  pages={6125--6151},
  year={2024}
}

@article{chen2024survey,
  title={A survey on large language models for critical societal domains: finance, healthcare, and law},
  author={Chen, Zhiyu Zoey and Ma, Jing and Zhang, Xinlu and Hao, Nan and Yan, An and Nourbakhsh, Armineh and others},
  journal={arXiv preprint arXiv:2405.01769},
  year={2024}
}

@article{singhal2023large,
  title={Large language models encode clinical knowledge},
  author={Singhal, Karan and Azizi, Shekoofeh and Tu, Tao and Mahdavi, S Sara and Wei, Jason and Chung, Hyung Won and others},
  journal={Nature},
  volume={620},
  number={7972},
  pages={172--180},
  year={2023}
}

@article{tang2023evaluating,
  title={Evaluating large language models on medical evidence summarization},
  author={Tang, Liyan and Sun, Zhaoyi and Idnay, Betina and Nestor, Jordan G and Soroush, Ali and Elias, Pierre A and others},
  journal={NPJ Digit. Med.},
  volume={6},
  number={1},
  pages={158},
  year={2023}
}

@article{van2024adapted,
  title={Adapted large language models can outperform medical experts in clinical text summarization},
  author={Van Veen, Dave and Van Uden, Cara and Blankemeier, Louis and Delbrouck, Jean-Benoit and Aali, Asad and Bluethgen, Christian and others},
  journal={Nat. Med.},
  volume={30},
  number={4},
  pages={1134--1142},
  year={2024}
}

@article{jin2024matching,
  title={Matching patients to clinical trials with large language models},
  author={Jin, Qiao and Wang, Zifeng and Floudas, Charalampos S and Chen, Fangyuan and Gong, Changlin and Bracken-Clarke, Dara and others},
  journal={Nat. Commun.},
  volume={15},
  number={1},
  pages={9074},
  year={2024}
}

@inproceedings{pmlr-v219-wong23a,
  title={Scaling clinical trial matching using large language models: a case study in oncology},
  author={Wong, Cliff and Zhang, Sheng and Gu, Yu and Moung, Christine and Abel, Jacob and Usuyama, Naoto and others},
  booktitle={Proc. Mach. Learn. Healthc. Conf.},
  volume={219},
  pages={846--862},
  year={2023}
}

@article{haltaufderheide2024ethics,
  title={The ethics of chatgpt in medicine and healthcare: a systematic review on large language models (llms)},
  author={Haltaufderheide, Joschka and Ranisch, Robert},
  journal={NPJ Digit. Med.},
  volume={7},
  number={1},
  pages={183},
  year={2024}
}

@article{li2023ethics,
  title={Ethics of large language models in medicine and medical research},
  author={Li, Hanzhou and Moon, John T and Purkayastha, Saptarshi and Celi, Leo Anthony and Trivedi, Hari and Gichoya, Judy W},
  journal={Lancet Digit. Health},
  volume={5},
  number={6},
  pages={e333--e335},
  year={2023}
}

@article{betzler2023large,
  title={Large language models and their impact in ophthalmology},
  author={Betzler, Bjorn Kaijun and Chen, Haichao and Cheng, Ching-Yu and Lee, Cecilia S and Ning, Guochen and Song, Su Jeong and others},
  journal={Lancet Digit. Health},
  volume={5},
  number={12},
  pages={e917--e924},
  year={2023}
}

@article{sheng2024artificial,
  title={Artificial intelligence for diabetes care: current and future prospects},
  author={Sheng, Bin and Pushpanathan, Krithi and Guan, Zhouyu and Lim, Quan Hziung and Lim, Zhi Wei and Yew, Samantha Min Er and others},
  journal={Lancet Diabetes Endocrinol.},
  volume={12},
  number={8},
  pages={569--595},
  year={2024}
}

@article{li2024integrated,
  title={Integrated image-based deep learning and language models for primary diabetes care},
  author={Li, Jiajia and Guan, Zhouyu and Wang, Jing and Cheung, Carol Y and Zheng, Yingfeng and Lim, Lee-Ling and others},
  journal={Nat. Med.},
  pages={1--11},
  year={2024}
}

@article{brown2020language,
  title={Language models are few-shot learners},
  author={Brown, Tom and Mann, Benjamin and Ryder, Nick and Subbiah, Melanie and Kaplan, Jared D and Dhariwal, Prafulla and others},
  journal={Adv. Neural Inf. Process. Syst.},
  volume={33},
  pages={1877--1901},
  year={2020}
}

@article{achiam2023gpt,
  title={Gpt-4 technical report},
  author={Achiam, Josh and Adler, Steven and Agarwal, Sandhini and Ahmad, Lama and Akkaya, Ilge and Aleman, Florencia Leoni and others},
  journal={arXiv},
  year={2023}
}

@article{luo2024clinical,
  title={Clinical large language models with misplaced focus},
  author={Luo, Zining and Ma, Haowei and Li, Zhiwu and Chen, Yuquan and Sun, Yixin and Hu, Aimin and others},
  journal={Nat. Mach. Intell.},
  pages={1--2},
  year={2024},
}

@article{klang2024strategy,
  title={A strategy for cost-effective large language model use at health system-scale},
  author={Klang, Eyal and Apakama, Donald and Abbott, Ethan E and Vaid, Akhil and Lampert, Joshua and Sakhuja, Ankit and others},
  journal={NPJ Digit. Med.},
  volume={7},
  number={1},
  pages={320},
  year={2024}
}

@misc{shen2023chatgpt,
  title={Chatgpt and other large language models are double-edged swords},
  author={Shen, Yiqiu and Heacock, Laura and Elias, Jonathan and Hentel, Keith D and Reig, Beatriu and Shih, George and others},
  journal={Radiol.},
  volume={307},
  number={2},
  pages={e230163},
  year={2023}
}

@article{khandekar2024medcalc,
  title={MedCalc-Bench: Evaluating large language models for medical calculations},
  author={Khandekar, Nikhil and Jin, Qiao and Xiong, Guangzhi and Dunn, Soren and Applebaum, Serina S and Anwar, Zain and others},
  journal={arXiv preprint arXiv:2406.12036},
  year={2024},
}

@article{adams2024longhealth,
  title={Longhealth: A question answering benchmark with long clinical documents},
  author={Adams, Lisa and Busch, Felix and Han, Tianyu and Excoffier, Jean-Baptiste and Ortala, Matthieu and L{\"o}ser, Alexander and others},
  journal={arXiv preprint arXiv:2401.14490},
  year={2024},
}

@inproceedings{pal2022medmcqa,
  title={Medmcqa: A large-scale multi-subject multi-choice dataset for medical domain question answering},
  author={Pal, Ankit and Umapathi, Logesh Kumar and Sankarasubbu, Malaikannan},
  booktitle={Conf. Health Infer. Learn.},
  pages={248--260},
  year={2022}
}

@article{rao2023assessing,
  title={Assessing the utility of chatgpt throughout the entire clinical workflow: development and usability study},
  author={Rao, Arya and Pang, Michael and Kim, John and Kamineni, Meghana and Lie, Winston and Prasad, Anoop K and others},
  journal={J. Med. Internet Res.},
  volume={25},
  pages={e48659},
  year={2023},
}

@article{hager2024evaluation,
  title={Evaluation and mitigation of the limitations of large language models in clinical decision-making},
  author={Hager, Paul and Jungmann, Friederike and Holland, Robbie and Bhagat, Kunal and Hubrecht, Inga and Knauer, Manuel and others},
  journal={Nat. Med.},
  volume={30},
  number={9},
  pages={2613--2622},
  year={2024}
}

@article{goodman2023accuracy,
  title={Accuracy and reliability of chatbot responses to physician questions},
  author={Goodman, Rachel S and Patrinely, J Randall and Stone, Cosby A and Zimmerman, Eli and Donald, Rebecca R and Chang, Sam S and others},
  journal={JAMA Netw. Open},
  volume={6},
  number={10},
  pages={e2336483--e2336483},
  year={2023}
}

@article{longwell2024performance,
  title={Performance of large language models on medical oncology examination questions},
  author={Longwell, Jack B and Hirsch, Ian and Binder, Fernando and Conchas, Galileo Arturo Gonzalez and Mau, Daniel and Jang, Raymond and others},
  journal={JAMA Netw. Open},
  volume={7},
  number={6},
  pages={e2417641--e2417641},
  year={2024}
}

@article{yalamanchili2024quality,
  title={Quality of large language model responses to radiation oncology patient care questions},
  author={Yalamanchili, Amulya and Sengupta, Bishwambhar and Song, Joshua and Lim, Sara and Thomas, Tarita O and Mittal, Bharat B and others},
  journal={JAMA Netw. Open},
  volume={7},
  number={4},
  pages={e244630--e244630},
  year={2024}
}

@article{lim2023benchmarking,
  title={Benchmarking large language modelsâ€™ performances for myopia care: a comparative analysis of chatgpt-3.5, chatgpt-4.0, and google bard},
  author={Lim, Zhi Wei and Pushpanathan, Krithi and Yew, Samantha Min Er and Lai, Yien and Sun, Chen-Hsin and Lam, Janice Sing Harn and others},
  journal={EBioMed.},
  volume={95},
  year={2023},
  number={}
}



@article{li2023chatgpt,
  title={ChatGPT outscored human candidates in a virtual objective structured clinical examination in obstetrics and gynecology},
  author={Li, Sarah W and Kemp, Matthew W and Logan, Susan JS and Dimri, Pooja Sharma and Singh, Navkaran and Mattar, Citra NZ and Dashraath, Pradip and Ramlal, Harshaana and Mahyuddin, Aniza P and Kanayan, Suren and others},
  journal={American Journal of Obstetrics and Gynecology},
  volume={229},
  number={2},
  pages={172--e1},
  year={2023},
  publisher={Elsevier}
}

@article{suthar2023artificial,
  title={Artificial intelligence (AI) in radiology: a deep dive into ChatGPT 4.0's accuracy with the American Journal of Neuroradiology's (AJNR)" Case of the Month"},
  author={Suthar, Pokhraj P and Kounsal, Avin and Chhetri, Lavanya and Saini, Divya and Dua, Sumeet G},
  journal={Cureus},
  volume={15},
  number={8},
  year={2023},
  publisher={Cureus Inc.}
}


@article{zhang2021cblue,
  title={Cblue: A Chinese biomedical language understanding evaluation benchmark},
  author={Zhang, Ningyu and Chen, Mosha and Bi, Zhen and Liang, Xiaozhuan and Li, Lei and Shang, Xin and Yin, Kangping and Tan, Chuanqi and Xu, Jian and Huang, Fei and others},
  journal={arXiv preprint arXiv:2106.08087},
  year={2021}
}

@article{liu2024benchmarking,
  title={Benchmarking large language models on cmexam-a comprehensive Chinese medical exam dataset},
  author={Liu, Junling and Zhou, Peilin and Hua, Yining and Chong, Dading and Tian, Zhongyu and Liu, Andrew and Wang, Helin and You, Chenyu and Guo, Zhenhua and Zhu, Lei and others},
  journal={Advances in Neural Information Processing Systems},
  volume={36},
  year={2024}
}

@inproceedings{DBLP:conf/aaai/0001WWMZWH24,
  author       = {Yan Cai and
                  Linlin Wang and
                  Ye Wang and
                  Gerard de Melo and
                  Ya Zhang and
                  Yanfeng Wang and
                  Liang He},
  title        = {MedBench: {A} large-scale Chinese benchmark for evaluating medical
                  Large Language Models},
  booktitle    = {Thirty-Eighth {AAAI} Conference on Artificial Intelligence, {AAAI}
                  2024, Thirty-Sixth Conference on Innovative Applications of Artificial
                  Intelligence, {IAAI} 2024, Fourteenth Symposium on Educational Advances
                  in Artificial Intelligence, {EAAI} 2014, February 20-27, 2024, Vancouver,
                  Canada},
  pages        = {17709--17717},
  publisher    = {{AAAI} Press},
  year         = {2024},
  doi          = {10.1609/AAAI.V38I16.29723},
}


@article{DBLP:journals/corr/abs-2009-13081,
  author       = {Di Jin and
                  Eileen Pan and
                  Nassim Oufattole and
                  Wei{-}Hung Weng and
                  Hanyi Fang and
                  Peter Szolovits},
  title        = {What disease does this patient have? {A} large-scale open domain question
                  answering dataset from medical exams},
  journal      = {CoRR},
  volume       = {abs/2009.13081},
  year         = {2020},
  url          = {https://arxiv.org/abs/2009.13081},
  eprinttype    = {arXiv},
  eprint       = {2009.13081},
  timestamp    = {Wed, 30 Sep 2020 16:16:22 +0200},
  biburl       = {https://dblp.org/rec/journals/corr/abs-2009-13081.bib},
  bibsource    = {dblp computer science bibliography, https://dblp.org}
}



@inproceedings{DBLP:conf/kdd/ChenMGWZC24,
  author       = {Xuanzhong Chen and
                  Xiaohao Mao and
                  Qihan Guo and
                  Lun Wang and
                  Shuyang Zhang and
                  Ting Chen},
  title        = {RareBench: Can LLMs Serve as Rare Diseases Specialists?},
  booktitle    = {Proceedings of the 30th {ACM} {SIGKDD} Conference on Knowledge Discovery
                  and Data Mining, {KDD} 2024, Barcelona, Spain, August 25-29, 2024},
  pages        = {4850--4861},
  publisher    = {{ACM}},
  year         = {2024},
  url          = {https://doi.org/10.1145/3637528.3671576},
  doi          = {10.1145/3637528.3671576},
  timestamp    = {Tue, 27 Aug 2024 15:57:44 +0200},
  biburl       = {https://dblp.org/rec/conf/kdd/ChenMGWZC24.bib},
  bibsource    = {dblp computer science bibliography, https://dblp.org}
}

@inproceedings{DBLP:conf/chil/PalUS22,
  author       = {Ankit Pal and
                  Logesh Kumar Umapathi and
                  Malaikannan Sankarasubbu},
  editor       = {Gerardo Flores and
                  George H. Chen and
                  Tom J. Pollard and
                  Joyce C. Ho and
                  Tristan Naumann},
  title        = {MedMCQA: {A} Large-scale Multi-Subject Multi-Choice Dataset for Medical
                  domain Question Answering},
  booktitle    = {Conference on Health, Inference, and Learning, {CHIL} 2022, 7-8 April
                  2022, Virtual Event},
  series       = {Proceedings of Machine Learning Research},
  volume       = {174},
  pages        = {248--260},
  publisher    = {{PMLR}},
  year         = {2022},
  url          = {https://proceedings.mlr.press/v174/pal22a.html},
  timestamp    = {Wed, 27 Apr 2022 14:42:20 +0200},
  biburl       = {https://dblp.org/rec/conf/chil/PalUS22.bib},
  bibsource    = {dblp computer science bibliography, https://dblp.org}
}

@article{DBLP:journals/corr/abs-2406-01126,
  author       = {Wenjing Yue and
                  Xiaoling Wang and
                  Wei Zhu and
                  Ming Guan and
                  Huanran Zheng and
                  Pengfei Wang and
                  Changzhi Sun and
                  Xin Ma},
  title        = {TCMBench: {A} Comprehensive Benchmark for Evaluating Large Language
                  Models in Traditional Chinese Medicine},
  journal      = {CoRR},
  volume       = {abs/2406.01126},
  year         = {2024},
  url          = {https://doi.org/10.48550/arXiv.2406.01126},
  doi          = {10.48550/ARXIV.2406.01126},
  eprinttype    = {arXiv},
  eprint       = {2406.01126},
  timestamp    = {Thu, 04 Jul 2024 12:24:28 +0200},
  biburl       = {https://dblp.org/rec/journals/corr/abs-2406-01126.bib},
  bibsource    = {dblp computer science bibliography, https://dblp.org}
}

@article{zhuo2024prosa,
  title={ProSA: Assessing and understanding the prompt sensitivity of LLMs},
  author={Zhuo, Jingming and Zhang, Songyang and Fang, Xinyu and Duan, Haodong and Lin, Dahua and Chen, Kai},
  journal={arXiv preprint arXiv:2410.12405},
  year={2024}
}

@article{dong2024generalization,
  title={Generalization or memorization: Data contamination and trustworthy evaluation for large language models},
  author={Dong, Yihong and Jiang, Xue and Liu, Huanyu and Jin, Zhi and Gu, Bin and Yang, Mengfei and Li, Ge},
  journal={arXiv preprint arXiv:2402.15938},
  year={2024}
}

@article{ni2024training,
  title={Training on the Benchmark Is Not All You Need},
  author={Ni, Shiwen and Kong, Xiangtao and Li, Chengming and Hu, Xiping and Xu, Ruifeng and Zhu, Jia and Yang, Min},
  journal={arXiv preprint arXiv:2409.01790},
  year={2024}
}

@article{abacha2024medec,
  title={Medec: A benchmark for medical error detection and correction in clinical notes},
  author={Abacha, Asma Ben and Yim, Wen-wai and Fu, Yujuan and Sun, Zhaoyi and Yetisgen, Meliha and Xia, Fei and Lin, Thomas},
  journal={arXiv preprint arXiv:2412.19260},
  year={2024}
}

@article{savage2024diagnostic,
  title={Diagnostic reasoning prompts reveal the potential for large language model interpretability in medicine},
  author={Savage, Thomas and Nayak, Ashwin and Gallo, Robert and Rangan, Ekanath and Chen, Jonathan H},
  journal={NPJ Digital Medicine},
  volume={7},
  number={1},
  pages={20},
  year={2024},
  publisher={Nature Publishing Group UK London}
}

@article{teo2023won,
  title={How i won singaporeâ€™s gpt-4 prompt engineering competition},
  author={Teo, Sheila},
  journal={Towards Data Science, Medium},
  volume={29},
  year={2023}
}

@inproceedings{DBLP:conf/acl/LiuLWHFWCKXTZ0G24,
  author       = {Xiao Liu and
                  Xuanyu Lei and
                  Shengyuan Wang and
                  Yue Huang and
                  Andrew Feng and
                  Bosi Wen and
                  Jiale Cheng and
                  Pei Ke and
                  Yifan Xu and
                  Weng Lam Tam and
                  Xiaohan Zhang and
                  Lichao Sun and
                  Xiaotao Gu and
                  Hongning Wang and
                  Jing Zhang and
                  Minlie Huang and
                  Yuxiao Dong and
                  Jie Tang},
  title        = {AlignBench: Benchmarking Chinese Alignment of Large Language Models},
  booktitle    = {Proceedings of the 62nd Annual Meeting of the Association for Computational
                  Linguistics (Volume 1: Long Papers), {ACL} 2024, Bangkok, Thailand,
                  August 11-16, 2024},
  pages        = {11621--11640},
  publisher    = {Association for Computational Linguistics},
  year         = {2024},
  url          = {https://doi.org/10.18653/v1/2024.acl-long.624},
  doi          = {10.18653/V1/2024.ACL-LONG.624},
  timestamp    = {Thu, 02 Jan 2025 09:55:37 +0100},
  biburl       = {https://dblp.org/rec/conf/acl/LiuLWHFWCKXTZ0G24.bib},
  bibsource    = {dblp computer science bibliography, https://dblp.org}
}

@article{cao2024compassjudger,
  title={CompassJudger-1: All-in-one Judge Model Helps Model Evaluation and Evolution},
  author={Cao, Maosong and Lam, Alexander and Duan, Haodong and Liu, Hongwei and Zhang, Songyang and Chen, Kai},
  journal={arXiv preprint arXiv:2410.16256},
  year={2024}
}

@article{sun2024hunyuan,
  title={Hunyuan-large: An open-source moe model with 52 billion activated parameters by tencent},
  author={Sun, Xingwu and Chen, Yanfeng and Huang, Yiqing and Xie, Ruobing and Zhu, Jiaqi and Zhang, Kai and Li, Shuaipeng and Yang, Zhen and Han, Jonny and Shu, Xiaobo and others},
  journal={arXiv preprint arXiv:2411.02265},
  year={2024}
}

@article{young2024yi,
  title={Yi: Open foundation models by 01. ai},
  author={Young, Alex and Chen, Bei and Li, Chao and Huang, Chengen and Zhang, Ge and Zhang, Guanwei and Li, Heng and Zhu, Jiangcheng and Chen, Jianqun and Chang, Jing and others},
  journal={arXiv preprint arXiv:2403.04652},
  year={2024}
}

@article{yang2023baichuan,
  title={Baichuan 2: Open large-scale language models},
  author={Yang, Aiyuan and Xiao, Bin and Wang, Bingning and Zhang, Borong and Bian, Ce and Yin, Chao and Lv, Chenxu and Pan, Da and Wang, Dian and Yan, Dong and others},
  journal={arXiv preprint arXiv:2309.10305},
  year={2023}
}

@article{abdin2024phi,
  title={Phi-3 technical report: A highly capable language model locally on your phone},
  author={Abdin, Marah and Aneja, Jyoti and Awadalla, Hany and Awadallah, Ahmed and Awan, Ammar Ahmad and Bach, Nguyen and Bahree, Amit and Bakhtiari, Arash and Bao, Jianmin and Behl, Harkirat and others},
  journal={arXiv preprint arXiv:2404.14219},
  year={2024}
}

@article{zhang2023huatuogpt,
  title={Huatuogpt, towards taming language model to be a doctor},
  author={Zhang, Hongbo and Chen, Junying and Jiang, Feng and Yu, Fei and Chen, Zhihong and Li, Jianquan and Chen, Guiming and Wu, Xiangbo and Zhang, Zhiyi and Xiao, Qingying and others},
  journal={arXiv preprint arXiv:2305.15075},
  year={2023}
}

@article{chen2024huatuogpt,
  title={HuatuoGPT-o1, Towards Medical Complex Reasoning with LLMs},
  author={Chen, Junying and Cai, Zhenyang and Ji, Ke and Wang, Xidong and Liu, Wanlong and Wang, Rongsheng and Hou, Jianye and Wang, Benyou},
  journal={arXiv preprint arXiv:2412.18925},
  year={2024}
}

@article{lambert2024t,
  title={T$\backslash$" ULU 3: Pushing Frontiers in Open Language Model Post-Training},
  author={Lambert, Nathan and Morrison, Jacob and Pyatkin, Valentina and Huang, Shengyi and Ivison, Hamish and Brahman, Faeze and Miranda, Lester James V and Liu, Alisa and Dziri, Nouha and Lyu, Shane and others},
  journal={arXiv preprint arXiv:2411.15124},
  year={2024}
}

@article{dubey2024llama,
  title={The llama 3 herd of models},
  author={Dubey, Abhimanyu and Jauhri, Abhinav and Pandey, Abhinav and Kadian, Abhishek and Al-Dahle, Ahmad and Letman, Aiesha and Mathur, Akhil and Schelten, Alan and Yang, Amy and Fan, Angela and others},
  journal={arXiv preprint arXiv:2407.21783},
  year={2024}
}

@article{jiang2023mistral,
  title={Mistral 7B},
  author={Jiang, Albert Q and Sablayrolles, Alexandre and Mensch, Arthur and Bamford, Chris and Chaplot, Devendra Singh and Casas, Diego de las and Bressand, Florian and Lengyel, Gianna and Lample, Guillaume and Saulnier, Lucile and others},
  journal={arXiv preprint arXiv:2310.06825},
  year={2023}
}

@article{pulse2023,
      title={PULSE: Pretrained and Unified Language Service Engine}, 
      author={Xiaofan Zhang, Kui Xue, Shaoting Zhang},
      year={2023},
      url={https://github.com/openmedlab/PULSE}
}

@article{yang2024qwen2,
  title={Qwen2. 5 Technical Report},
  author={Yang, An and Yang, Baosong and Zhang, Beichen and Hui, Binyuan and Zheng, Bo and Yu, Bowen and Li, Chengyuan and Liu, Dayiheng and Huang, Fei and Wei, Haoran and others},
  journal={arXiv preprint arXiv:2412.15115},
  year={2024}
}


@misc{Sunsimiao, 
  author={Xin Yan, Dong Xue*}, 
  title = {Sunsimiao: Chinese Medicine LLM}, 
  year = {2023}, 
  publisher = {GitHub}, 
  journal = {GitHub repository}, 
  howpublished = {\url{https://github.com/thomas-yanxin/Sunsimiao}}, 
}

@article{deepseek-llm,
  author = {DeepSeek-AI},
  title = {DeepSeek LLM: Scaling Open-Source Language Models with Longtermism},
  journal = {arXiv preprint arXiv:2401.02954},
  year = {2024},
  url = {https://github.com/deepseek-ai/DeepSeek-LLM}
}

@article{liu2024deepseek,
  title={Deepseek-v2: A strong, economical, and efficient mixture-of-experts language model},
  author={Liu, Aixin and Feng, Bei and Wang, Bin and Wang, Bingxuan and Liu, Bo and Zhao, Chenggang and Dengr, Chengqi and Ruan, Chong and Dai, Damai and Guo, Daya and others},
  journal={arXiv preprint arXiv:2405.04434},
  year={2024}
}

@article{liu2025deepseek,
  title={DeepSeek-V3 Technical Report},
  author={Liu, Aixin and Feng, Bei and Xue, Bing and Wang, Bingxuan and Wu, Bochao and Lu, Chengda and Zhao, Chenggang and Deng, Chengqi and Zhang, Chenyu and Ruan, Chong and others},
  journal={arXiv preprint arXiv:2412.19437},
  year={2024}
}

@article{cai2024internlm2,
  title={Internlm2 technical report},
  author={Cai, Zheng and Cao, Maosong and Chen, Haojiong and Chen, Kai and Chen, Keyu and Chen, Xin and Chen, Xun and Chen, Zehui and Chen, Zhi and Chu, Pei and others},
  journal={arXiv preprint arXiv:2403.17297},
  year={2024}
}

@article{team2024gemma,
  title={Gemma 2: Improving open language models at a practical size},
  author={Team, Gemma and Riviere, Morgane and Pathak, Shreya and Sessa, Pier Giuseppe and Hardin, Cassidy and Bhupatiraju, Surya and Hussenot, L{\'e}onard and Mesnard, Thomas and Shahriari, Bobak and Ram{\'e}, Alexandre and others},
  journal={arXiv preprint arXiv:2408.00118},
  year={2024}
}

@misc{granite2024granite,
  title={Granite 3.0 Language Models},
  author={Granite Team, IBM},
  year={2024}
}

@article{glm2024chatglm,
  title={Chatglm: A family of large language models from glm-130b to glm-4 all tools},
  author={GLM, Team and Zeng, Aohan and Xu, Bin and Wang, Bowen and Zhang, Chenhui and Yin, Da and Zhang, Dan and Rojas, Diego and Feng, Guanyu and Zhao, Hanlin and others},
  journal={arXiv preprint arXiv:2406.12793},
  year={2024}
}

@article{zhang2024pediabench,
  title={PediaBench: A Comprehensive Chinese Pediatric Dataset for Benchmarking Large Language Models},
  author={Zhang, Qian and Chen, Panfeng and Li, Jiali and Feng, Linkun and Liu, Shuyu and Chen, Mei and Li, Hui and Wang, Yanhao},
  journal={arXiv preprint arXiv:2412.06287},
  year={2024}
}

@article{jiang2024jmedbench,
  title={JMedBench: A Benchmark for Evaluating Japanese Biomedical Large Language Models},
  author={Jiang, Junfeng and Huang, Jiahao and Aizawa, Akiko},
  journal={arXiv preprint arXiv:2409.13317},
  year={2024}
}

@article{antaki2023capabilities,
  title={Capabilities of GPT-4 in ophthalmology: an analysis of model entropy and progress towards human-level medical question answering},
  author={Antaki, Fares and Milad, Daniel and Chia, Mark A and Gigu{\`e}re, Charles-{\'E}douard and Touma, Samir and El-Khoury, Jonathan and Keane, Pearse A and Duval, Renaud},
  journal={British Journal of Ophthalmology},
  volume={108},
  number={10},
  pages={1371--1376},
  year={2023},
  publisher={BMJ Publishing Group Ltd}
}

@article{bernstein2023comparison,
  title={Comparison of Ophthalmologist and Large Language Model Chatbot Responses to Online Patient Eye Care Questions},
  author={Bernstein, Isaac A and Zhang, Youchen and Govil, Devendra and Majid, Iyad and Chang, Robert T and Sun, Yang and Shue, Ann and Chou, Jonathan C and Schehlein, Emily and Christopher, Karen L and others},
  journal={JAMA Network Open},
  volume={6},
  number={8},
  pages={e2330320--e2330320},
  year={2023},
  publisher={American Medical Association}
}

@article{son2024llm,
  title={LLM-as-a-Judge \& Reward Model: What They Can and Cannot Do},
  author={Son, Guijin and Ko, Hyunwoo and Lee, Hoyoung and Kim, Yewon and Hong, Seunghyeok},
  journal={arXiv preprint arXiv:2409.11239},
  year={2024}
}


@inproceedings{li2024multiple,
  title={Can Multiple-choice Questions Really Be Useful in Detecting the Abilities of LLMs?},
  author={Li, Wangyue and Li, Liangzhi and Xiang, Tong and Liu, Xiao and Deng, Wei and Garcia, Noa},
  booktitle={Proceedings of the 2024 Joint International Conference on Computational Linguistics, Language Resources and Evaluation (LREC-COLING 2024)},
  pages={2819--2834},
  year={2024},
  organization={ELRA and ICCL}
}


@article{huang2024assessment,
  title={Assessment of a large language modelâ€™s responses to questions and cases about glaucoma and retina management},
  author={Huang, Andy S and Hirabayashi, Kyle and Barna, Laura and Parikh, Deep and Pasquale, Louis R},
  journal={JAMA ophthalmology},
  volume={142},
  number={4},
  pages={371--375},
  year={2024},
  publisher={American Medical Association}
}

@article{wang2023cmb,
  title={Cmb: A comprehensive medical benchmark in chinese},
  author={Wang, Xidong and Chen, Guiming Hardy and Song, Dingjie and Zhang, Zhiyi and Chen, Zhihong and Xiao, Qingying and Jiang, Feng and Li, Jianquan and Wan, Xiang and Wang, Benyou and others},
  journal={arXiv preprint arXiv:2308.08833},
  year={2023}
}

@misc{zhu2023promptcblue,
  title={PROMPTCBLUE: A Chinese Prompt Tuning Benchmark for the Medical Domain},
  author={Zhu, Wei and Wang, Xiaoling and Zheng, Huanran},
  year={2023},
  publisher = {GitHub},
  journal = {GitHub repository},
  howpublished = {\\url{https://github.com/michael-wzhu/PromptCBLUE}},
}

