@article{chen2024survey,
  title={A Survey on Multi-Generative Agent System: Recent Advances and New Frontiers},
  author={Chen, Shuaihang and Liu, Yuanxing and Han, Wei and Zhang, Weinan and Liu, Ting},
  journal={arXiv},
  year={2024}
}

@article{duan2022survey,
  title={A survey of embodied ai: From simulators to research tasks},
  author={Duan, Jiafei and Yu, Samson and Tan, Hui Li and Zhu, Hongyuan and Tan, Cheston},
  journal={IEEE Transactions on Emerging Topics in Computational Intelligence},
  volume={6},
  number={2},
  pages={230--244},
  year={2022}
}

@article{firoozi2023foundation,
  title={Foundation models in robotics: Applications, challenges, and the future},
  author={Firoozi, Roya and Tucker,J. and Tian, Stephen and others},
  journal={The International Journal of Robotics Research},
  pages={02783649241281508},
  year={2023},
  publisher={SAGE Publications Sage UK: London, England}
}

@inproceedings{guo2024large,
  title={Large Language Model based Multi-Agents: A Survey of Progress and Challenges.},
  author={Guo, T and Chen, X and Wang, Y and Chang, R and others},
  booktitle={IJCAI},
  year={2024}
}

@article{hu2023toward,
  title={Toward general-purpose robots via foundation models: A survey and meta-analysis},
  author={Hu, Yafei and Xie, Quanting and Jain, Vidhi and others},
  journal={arXiv},
  year={2023}
}

@article{hunt2024survey,
  title={A Survey of Language-Based Communication in Robotics},
  author={Hunt, William and Ramchurn, Sarvapali D and Soorati, Mohammad D},
  journal={arXiv},
  year={2024}
}

@article{ismail2018survey,
  title={A survey and analysis of cooperative multi-agent robot systems: challenges and directions},
  author={Ismail, Z H. and Sariff, N. and others},
  journal={Applications of Mobile Robots},
  volume={5},
  pages={8--14},
  year={2018}
}

@article{liu2024aligning,
  title={Aligning cyber space with physical world: A comprehensive survey on embodied ai},
  author={Liu, Yang and Chen, Weixing and Bai, Yongjie and others},
  journal={arXiv},
  year={2024}
}

@article{lu2024merge,
  title={Merge, ensemble, and cooperate! a survey on collaborative strategies in the era of large language models},
  author={Lu, Jinliang and Pang, Ziliang and others},
  journal={arXiv},
  year={2024}
}

@article{ma2024survey,
  title={A Survey on Vision-Language-Action Models for Embodied AI},
  author={Ma, Yueen and Song, Zixing and others},
  journal={arXiv},
  year={2024}
}

@article{sun2024llm,
  title={LLM-based Multi-Agent Reinforcement Learning: Current and Future Directions},
  author={Sun, Chuanneng and Huang, Songjun and Pompili, Dario},
  journal={arXiv},
  year={2024}
}

@article{yan2013survey,
  title={A survey and analysis of multi-robot coordination},
  author={Yan, Zhi and Jouandeau, N. and others},
  journal={International Journal of Advanced Robotic Systems},
  volume={10},
  number={12},
  pages={399},
  year={2013}
}

