@article{park2023clara,
  title={CLARA: classifying and disambiguating user commands for reliable interactive robotic agents},
  author={Park, J. and Lim, Seungwon and others},
  journal={IEEE Robotics and Automation Letters},
  year={2023}
}

@article{yan2013survey,
  title={A survey and analysis of multi-robot coordination},
  author={Yan, Zhi and Jouandeau, N. and others},
  journal={International Journal of Advanced Robotic Systems},
  volume={10},
  number={12},
  pages={399},
  year={2013}
}

@article{hunt2024survey,
  title={A Survey of Language-Based Communication in Robotics},
  author={Hunt, William and Ramchurn, Sarvapali D and Soorati, Mohammad D},
  journal={arXiv},
  year={2024}
}

@article{sun2024llm,
  title={LLM-based Multi-Agent Reinforcement Learning: Current and Future Directions},
  author={Sun, Chuanneng and Huang, Songjun and Pompili, Dario},
  journal={arXiv},
  year={2024}
}

@article{ismail2018survey,
  title={A survey and analysis of cooperative multi-agent robot systems: challenges and directions},
  author={Ismail, Z H. and Sariff, N. and others},
  journal={Applications of Mobile Robots},
  volume={5},
  pages={8--14},
  year={2018}
}

@article{fastandslow,
  title={Llm-powered hierarchical language agent for real-time human-ai coordination},
  author={Liu, Jijia and Yu, C and and others},
  journal={arXiv},
  year={2023}
}

@article{lu2024merge,
  title={Merge, ensemble, and cooperate! a survey on collaborative strategies in the era of large language models},
  author={Lu, Jinliang and Pang, Ziliang and others},
  journal={arXiv},
  year={2024}
}

@article{liu2024aligning,
  title={Aligning cyber space with physical world: A comprehensive survey on embodied ai},
  author={Liu, Yang and Chen, Weixing and Bai, Yongjie and others},
  journal={arXiv},
  year={2024}
}

@article{chen2024survey,
  title={A Survey on Multi-Generative Agent System: Recent Advances and New Frontiers},
  author={Chen, Shuaihang and Liu, Yuanxing and Han, Wei and Zhang, Weinan and Liu, Ting},
  journal={arXiv},
  year={2024}
}

@inproceedings{guo2024large,
  title={Large Language Model based Multi-Agents: A Survey of Progress and Challenges.},
  author={Guo, T and Chen, X and Wang, Y and Chang, R and others},
  booktitle={IJCAI},
  year={2024}
}

@article{duan2022survey,
  title={A survey of embodied ai: From simulators to research tasks},
  author={Duan, Jiafei and Yu, Samson and Tan, Hui Li and Zhu, Hongyuan and Tan, Cheston},
  journal={IEEE Transactions on Emerging Topics in Computational Intelligence},
  volume={6},
  number={2},
  pages={230--244},
  year={2022}
}

@article{ma2024survey,
  title={A Survey on Vision-Language-Action Models for Embodied AI},
  author={Ma, Yueen and Song, Zixing and others},
  journal={arXiv},
  year={2024}
}

@article{firoozi2023foundation,
  title={Foundation models in robotics: Applications, challenges, and the future},
  author={Firoozi, Roya and Tucker,J. and Tian, Stephen and others},
  journal={The International Journal of Robotics Research},
  pages={02783649241281508},
  year={2023},
  publisher={SAGE Publications Sage UK: London, England}
}

@article{hu2023toward,
  title={Toward general-purpose robots via foundation models: A survey and meta-analysis},
  author={Hu, Yafei and Xie, Quanting and Jain, Vidhi and others},
  journal={arXiv},
  year={2023}
}

@article{shi2024yell,
  title={Yell at your robot: Improving on-the-fly from language corrections},
  author={Shi, Lucy X. and Hu, Zheyuan and others},
  journal={arXiv},
  year={2024}
}

@inproceedings{cui2023no,
  title={No, to the right: Online language corrections for robotic manipulation via shared autonomy},
  author={Cui, Yuchen and Karamcheti, S. and others},
  booktitle={HRI},
  year={2023}
}

@inproceedings{ren2023robots,
  title={Robots That Ask For Help: Uncertainty Alignment for Large Language Model Planners},
  author={Ren, Allen Z and Dixit, Anushri and Bodrova, Alexandra and others},
  booktitle={CoRL},
  year={2023}
}

@article{pan2024recent,
  title={Recent Advances in Robot Navigation via Large Language Models: A Review},
  author={Pan, Haotian and Huang, Shibo and others},
  journal={arXiv},
  year={2024}
}

@inproceedings{wang_voyager_2023,
  title={Voyager: An Open-Ended Embodied Agent with Large Language Models},
  author={Wang, Guanzhi and Xie, Yuqi and Jiang, Yunfan and Mandlekar, Ajay and others},
  booktitle={NeurIPS},
  year = {2023}
}

@inproceedings{divekar_embodied_2019,
	location = {Macao, China},
	title = {Embodied Conversational {AI} Agents in a Multi-modal Multi-agent Competitive Dialogue},
author={Divekar, Rahul R and Mou, Xiangyang and Chen, Lisha and De Bayser, Maira Gatti and Guerra, Melina Alberio and Su, Hui},
	booktitle = {IJCAI},
    year = {2019}
}

@article{zhang_combo_2024,
  title={COMBO: Compositional World Models for Embodied Multi-Agent Cooperation},
  author={Zhang, Hongxin and Wang, Zeyuan and Lyu, Qiushi and others},
  journal={arXiv},
  year={2024}
}

@article{kaur_review_2023,
  title={A review of platforms for simulating embodied agents in 3D virtual environments},
  author={Kaur, Deepti Prit and Singh, Narinder Pal and Banerjee, Bonny},
  journal={Artificial Intelligence Review},
  volume={56},
  number={4},
  pages={3711--3753},
  year={2023},
  publisher={Springer}
}

@inproceedings{liu_embodied_2022,
    title = {Embodied Multi-Agent Task Planning from Ambiguous Instruction.},
    booktitle = {RSS},
    author = {Liu, Xinzhu and Li, Xinghang and Guo, Di and Tan, Sinan and Liu, Huaping and Sun, Fuchun},
    year = {2022},
}

@article{liu_heterogeneous_2023,
  title={Heterogeneous Embodied Multi-Agent Collaboration},
  author={Liu, Xinzhu and Guo, Di and Zhang, Xinyu and Liu, Huaping},
  journal={IEEE Robotics and Automation Letters},
  year={2024},
  publisher={IEEE}
}

@article{bullard_exploring_2020,
  title={Exploring zero-shot emergent communication in embodied multi-agent populations},
  author={Bullard, Kalesha and Meier, Franziska and Kiela, Douwe and Pineau, Joelle and Foerster, Jakob},
  journal={arXiv},
  year={2020}
}

@inproceedings{chen_agentverse_2024,
  title={Agentverse: Facilitating multi-agent collaboration and exploring emergent behaviors},
  author={Chen, Weize and Su, Yusheng and Zuo, Jingwei and others},
  booktitle={ICLR},
  year={2023}
}

@inproceedings{
zhang_building_2024,
title={Building Cooperative Embodied Agents Modularly with Large Language Models},
author={Hongxin Zhang and Weihua Du and Jiaming Shan and others},
booktitle={ICLR},
year={2024}
}


@inproceedings{zhao_hierarchical_2024,
  title={Hierarchical Auto-Organizing System for Open-Ended Multi-Agent Navigation},
  author={Zhao, Zhonghan and Chen, Kewei and others},
  booktitle={ICLR 2024 Workshop on LLM Agents},
  year={2024}
}

@article{zhao_we_2024,
  title={Do we really need a complex agent system? distill embodied agent into a single model},
  author={Zhao, Zhonghan and Ma, Ke and Chai, Wenhao and Wang, Xuan and others},
  journal={arXiv},
  year={2024}
}

@article{tan_knowledge-based_2023,
  title={Knowledge-based embodied question answering},
  author={Tan, Sinan and Ge, Mengmeng and Guo, Di and Liu, Huaping and Sun, Fuchun},
  journal={IEEE Transactions on Pattern Analysis and Machine Intelligence},
  volume={45},
  number={10},
  pages={11948--11960},
  year={2023},
  publisher={IEEE}
}

@inproceedings{chen_towards_2023,
  title={Towards End-to-End Embodied Decision Making with Multi-modal Large Language Model: Explorations with GPT4-Vision and Beyond},
  author={Chen, Liang and Zhang, Yichi and Ren, Shuhuai and Zhao, Haozhe and others},
  booktitle={NeurIPS 2023 Foundation Models for Decision Making Workshop},
  year={2023}
}

@article{guo_embodied_2024,
  title={Embodied llm agents learn to cooperate in organized teams},
  author={Guo, Xudong and Huang, Kaixuan and Liu, Jiale and others},
  journal={arXiv},
  year={2024}
}


@article{singh2024multi,
  title={Multi-agent Collaborative Perception for Robotic Fleet: A Systematic Review},
  author={Singh, Apoorv and Raut, Gaurav and Choudhary, Alka},
  journal={arXiv},
  year={2024}
}

@article{sheng2022learning,
  title={Learning structured communication for multi-agent reinforcement learning},
  author={Sheng, Junjie and Wang, Xiangfeng and Jin, Bo and Yan, Junchi and Li, Wenhao and others},
  journal={Autonomous Agents and Multi-Agent Systems},
  volume={36},
  number={2},
  pages={50},
  year={2022},
  publisher={Springer}
}

@inproceedings{brohan2023can,
  title={Do as i can, not as i say: Grounding language in robotic affordances},
  author={Brohan, Anthony and Chebotar, Yevgen and Finn, Chelsea and Hausman, Karol and others},
  booktitle={CoRL},
  year={2023}
}

@inproceedings{huang2023voxposer,
  title={VoxPoser: Composable 3D Value Maps for Robotic Manipulation with Language Models},
  author={Huang, Wenlong and Wang, Chen and others},
  booktitle={CoRL},
  year={2023},
}

@inproceedings{qin_mp5_2024,
  title={Mp5: A multi-modal open-ended embodied system in minecraft via active perception},
  author={Qin, Yiran and Zhou, Enshen and Liu, Qichang and Yin, Zhenfei and others},
  booktitle={CVPR},
  year={2024}
}


@inproceedings{yang_spatio-temporal_2023,
	title = {Spatio-Temporal Domain Awareness for Multi-Agent Collaborative Perception},
	booktitle = {ICCV},
	author = {Yang, Kun and Yang, Dingkang and Zhang, Jingyu and others},
    year = {2023}
}

@inproceedings{hong_multi-agent_2024,
	title = {Multi-agent Collaborative Perception via Motion-aware Robust Communication Network},
	booktitle = {CVPR},
	author = {Hong, Shixin and Liu, Yu and Li, Zhi and Li, Shaohui and He, You},
	year = {2024}
}

@inproceedings{gorrostieta_hurtado_survey_2019,
	title = {A Survey and Analysis of Cooperative Multi-Agent Robot Systems: Challenges and Directions},
	booktitle = {AMR},
	author = {Hilmi I, Z. and Sariff, N.},
	year = {2019}
}

@article{lykov_llm-mars_2023,
  title={Llm-mars: Large language model for behavior tree generation and nlp-enhanced dialogue in multi-agent robot systems},
  author={Lykov, Artem and Dronova, Maria and Naglov, Nikolay and Litvinov, Mikhail and others},
  journal={arXiv},
  year={2023}
}

@article{orr_multi-agent_2023,
	title = {Multi-Agent Deep Reinforcement Learning for Multi-Robot Applications: A Survey},
	volume = {23},
	rights = {https://creativecommons.org/licenses/by/4.0/},
	issn = {1424-8220},
	url = {https://www.mdpi.com/1424-8220/23/7/3625},
	doi = {10.3390/s23073625},
	shorttitle = {Multi-Agent Deep Reinforcement Learning for Multi-Robot Applications},
	pages = {3625},
	number = {7},
	journaltitle = {Sensors},
	shortjournal = {Sensors},
	author = {Orr, James and Dutta, Ayan},
	urldate = {2024-11-04},
	date = {2023-03-30},
	langid = {english},
	file = {Orr 和 Dutta - 2023 - Multi-Agent Deep Reinforcement Learning for Multi-.pdf:files/1280/Orr 和 Dutta - 2023 - Multi-Agent Deep Reinforcement Learning for Multi-.pdf:application/pdf},
}

@article{hunt_survey_2024,
  title={A Survey of Language-Based Communication in Robotics},
  author={Hunt, William and Ramchurn, Sarvapali D and Soorati, Mohammad D},
  journal={arXiv},
  year={2024}
}


@inproceedings{wu_shall_2024,
  title={Shall we team up: Exploring spontaneous cooperation of competing llm agents},
  author={Wu, Zengqing and Peng, Run and Zheng, Shuyuan and Liu, Qianying and Han, Xu and Kwon, Brian and Onizuka, Makoto and Tang, Shaojie and Xiao, Chuan},
  booktitle={EMNLP Findings},
  year={2024}
}

@inproceedings{mandi_roco_2023,
  title={Roco: Dialectic multi-robot collaboration with large language models},
  author={Mandi, Zhao and Jain, Shreeya and others},
  booktitle={ICRA},
  year={2024}
}

@inproceedings{chen_scalable_2024,
  title={Scalable multi-robot collaboration with large language models: Centralized or decentralized systems?},
  author={Chen, Yongchao and Arkin, Jacob and Zhang, Yang and others},
  booktitle={ICRA},
  year={2024}
}

@inproceedings{hunt_conversational_2024,
  title={Conversational Language Models for Human-in-the-Loop Multi-Robot Coordination},
  author={Hunt, William and Godfrey, Toby and Soorati, Mohammad D},
  booktitle={AAMAS},
  year={2024}
}

@inproceedings{chen_autotamp_2024,
  title={Autotamp: Autoregressive task and motion planning with llms as translators and checkers},
  author={Chen, Yongchao and Arkin, Jacob and Dawson, Charles and others},
  booktitle={ICRA},
  year={2024}
}

@inproceedings{kannan_smart-llm_2024,
  title={Smart-llm: Smart multi-agent robot task planning using large language models},
  author={Kannan, Shyam Sundar and Venkatesh, Vishnunandan LN and Min, Byung-Cheol},
  booktitle={IROS},
  year={2024}
}

@article{liu_capo_2024,
  title={CaPo: Cooperative Plan Optimization for Efficient Embodied Multi-Agent Cooperation},
  author={Liu, Jie and Zhou, Pan and Du, Yingjun and Tan, Ah-Hwee and others},
  journal={arXiv},
  year={2024}
}

@article{patel_multi-llm_2024,
  title={Embodied Question Answering via Multi-LLM Systems},
  author={Patel, Bhrij and Dorbala, Vishnu Sashank and others},
  journal={arXiv},
  year={2024}
}

@inproceedings{wang_llm-sap_2024,
	title = {{LLM}-{SAP}: Large Language Models Situational Awareness-Based Planning},
	booktitle = {ICMEW},
	author = {Wang, Liman and Zhong, Hanyang},
    year = {2024}
}

@inproceedings{hong_multi-agent_2024-1,
	title = {Multi-Agent Collaborative Perception via Motion-Aware Robust Communication Network},
	booktitle = {CVPR},
	author = {Hong, Shixin and Liu, Yu and Li, Zhi and Li, Shaohui and He, You},
	year = {2024}
}

@inproceedings{tan_multi-agent_2020,
  title={Multi-agent embodied question answering in interactive environments},
  author={Tan, Sinan and Xiang, Weilai and Liu, Huaping and Guo, Di and Sun, Fuchun},
  booktitle={ECCV},
  year={2020}
}

@article{zhang_towards_2024,
  title={Towards efficient llm grounding for embodied multi-agent collaboration},
  author={Zhang, Yang and Yang, Shixin and Bai, Chenjia and Wu, Fei and Li, Xiu and Wang, Zhen and Li, Xuelong},
  journal={arXiv},
  year={2024}
}

@article{wu_camon_2024,
  title={Camon: Cooperative agents for multi-object navigation with llm-based conversations},
  author={Wu, Pengying and Mu, Yao and Zhou, Kangjie and others},
  journal={arXiv},
  year={2024}
}

@article{obata_lip-llm_2024,
  title={LiP-LLM: Integrating Linear Programming and dependency graph with Large Language Models for multi-robot task planning},
  author={Obata, Kazuma and Aoki, Tatsuya and others},
  journal={IEEE Robotics and Automation Letters},
  year={2024},
  publisher={IEEE}
}

@article{liu_coherent_2024,
  title={COHERENT: Collaboration of Heterogeneous Multi-Robot System with Large Language Models},
  author={Liu, Kehui and Tang, Zixin and Wang, Dong and Wang, Zhigang and others},
  journal={arXiv},
  year={2024}
}

@article{Kolve2017AI2THORAn,
  title={{AI2-THOR: An Interactive 3D Environment for Visual AI}},
  author={Eric Kolve and Roozbeh Mottaghi and others},
  journal={ArXiv},
  year={2017}
}

@article{chen_optima_2024,
  title={Optima: Optimizing effectiveness and efficiency for llm-based multi-agent system},
  author={Chen, Weize and Yuan, Jiarui and Qian, Chen and Yang, Cheng and Liu, Zhiyuan and Sun, Maosong},
  journal={arXiv},
  year={2024}
}

@article{sun_llm-based_2024,
  title={LLM-based Multi-Agent Reinforcement Learning: Current and Future Directions},
  author={Sun, Chuanneng and Huang, Songjun and Pompili, Dario},
  journal={arXiv},
  year={2024}
}

@article{li_survey_2024,
  title={A survey on LLM-based multi-agent systems: workflow, infrastructure, and challenges},
  author={Li, Xinyi and Wang, Sai and Zeng, Siqi and Wu, Yu and Yang, Yi},
  journal={Vicinagearth},
  volume={1},
  number={1},
  pages={9},
  year={2024},
  publisher={Springer}
}

@article{wu_hierarchical_2024,
  title={Hierarchical LLMs In-the-loop Optimization for Real-time Multi-Robot Target Tracking under Unknown Hazards},
  author={Wu, Yuwei and Tao, Yuezhan and Li, Peihan and others},
  journal={arXiv},
  year={2024}
}

@article{zhang_lamma-p_2024,
  title={LaMMA-P: Generalizable Multi-Agent Long-Horizon Task Allocation and Planning with LM-Driven PDDL Planner},
  author={Zhang, Xiaopan and Qin, Hao and Wang, Fuquan and others},
  journal={arXiv},
  year={2024}
}

@article{nayak_long-horizon_2024,
  title={Long-Horizon Planning for Multi-Agent Robots in Partially Observable Environments},
  author={Nayak,Siddharth and Orozco,Adelmo Morrison and others},
  journal={arXiv},
  year={2024}
}

@article{yu_mhrc_2024,
  title={MHRC: Closed-loop Decentralized Multi-Heterogeneous Robot Collaboration with Large Language Models},
  author={Yu, Wenhao and Peng, Jie and Ying, Yueliang and others},
  journal={arXiv},
  year={2024}
}

@article{chen_multi-agent_2023,
  title={Multi-agent consensus seeking via large language models},
  author={Chen, Huaben and Ji, Wenkang and others},
  journal={arXiv},
  year={2023}
}

@article{shi_opex_2024,
  title={OPEx: A Component-Wise Analysis of LLM-Centric Agents in Embodied Instruction Following},
  author={Shi, Haochen and Sun, Zhiyuan and Yuan, Xingdi and others},
  journal={arXiv},
  year={2024}
}

@article{gupte_rebel_2024,
  title={REBEL: Rule-based and Experience-enhanced Learning with LLMs for Initial Task Allocation in Multi-Human Multi-Robot Teams},
  author={Gupte, Arjun and Wang, Ruiqi and others},
  journal={arXiv},
  year={2024}
}

@article{wang_safe_2024,
  title={Safe Task Planning for Language-Instructed Multi-Robot Systems using Conformal Prediction},
  author={Wang, Jun and He, Guocheng and Kantaros, Yiannis},
  journal={arXiv},
  year={2024}
}

@article{liu_agentlite_2024,
  title={AgentLite: A Lightweight Library for Building and Advancing Task-Oriented LLM Agent System},
  author={Liu, Zhiwei and Yao, Weiran and Zhang, Jianguo and Yang, Liangwei and others},
  journal={arXiv},
  year={2024}
}

@article{yu_co-navgpt_2023,
  title={Co-NavGPT: Multi-robot cooperative visual semantic navigation using large language models},
  author={Yu, Bangguo and Kasaei, Hamidreza and Cao, Ming},
  journal={arXiv},
  year={2023}
}

@article{chen_emos_2024,
  title={EMOS: EMBODIMENT-AWARE HETEROGENEOUS MULTI-ROBOT OPERATING SYSTEM WITH LLM AGENTS},
  author={Chen, Junting and Yu, Checheng and Zhou, Xunzhe and Xu, Tianqi and others},
  journal={arXiv},
  year={2024}
}

@article{garg_foundation_2024,
  title={Large Language Models to the Rescue: Deadlock Resolution in Multi-Robot Systems},
  author={Garg, Kunal and Arkin, Jacob and Zhang, Songyuan and Roy, Nicholas and Fan, Chuchu},
  journal={arXiv},
  year={2024}
}

@article{park_mrsteve_2024,
  title={Mr.Steve: Instruction-Following Agents in Minecraft with What-Where-When Memory},
  author={Park, J. and Cho, J. and others},
  journal={arXiv},
  year={2024}
}

@article{zhang_controlling_2024,
  title={Controlling large language model-based agents for large-scale decision-making: An actor-critic approach},
  author={Zhang, Bin and Mao, Hangyu and Ruan, Jingqing and others},
  journal={arXiv},
  year={2023}
}

@article{agashe_llm-coordination_2024,
  title={Evaluating multi-agent coordination abilities in large language models},
  author={Agashe, Saaket and Fan, Yue and others},
  journal={arXiv},
  year={2023}
}

@article{ying_goma_2024,
  title={GOMA: Proactive Embodied Cooperative Communication via Goal-Oriented Mental Alignment},
  author={Ying, Lance and Jha, Kunal and others},
  journal={arXiv},
  year={2024}
}

@article{chen_s-agents_2024,
  title={S-Agents: self-organizing agents in open-ended environment},
  author={Chen, Jiaqi and Jiang, Yuxian and others},
  journal={arXiv},
  year={2024}
}

@article{dorri2018multi,
  title={Multi-agent systems: A survey},
  author={Dorri, Ali and Kanhere, Salil S and Jurdak, Raja},
  journal={IEEE Access},
  volume={6},
  pages={28573--28593},
  year={2018},
  publisher={IEEE}
}

@incollection{landauer2008computational,
  title={Computational embodiment: agents as constructed complex systems},
  author={Landauer, C. and Bellman, K. L},
  booktitle={Human Cognition and Social Agent Technology},
  pages={301--322},
  year={2008},
  publisher={John Benjamins Publishing Company}
}

@article{orr2023multi,
  title={Multi-agent deep reinforcement learning for multi-robot applications: A survey},
  author={Orr, James and Dutta, Ayan},
  journal={Sensors},
  volume={23},
  number={7},
  pages={3625},
  year={2023},
  publisher={MDPI}
}

@article{mahajan2022generalization,
  title={Generalization in cooperative multi-agent systems},
  author={Mahajan, Anuj and Samvelyan, Mikayel and others},
  journal={arXiv},
  year={2022}
}

@article{cui2022survey,
  title={A survey on large-population systems and scalable multi-agent reinforcement learning},
  author={Cui, Kai and Tahir, Anam and Ekinci and others},
  journal={arXiv},
  year={2022}
}

@inproceedings{weinberg2004best,
  title={Best-response multiagent learning in non-stationary environments},
  author={Weinberg, M. and Rosenschein, J.S},
  booktitle={AAMAS},
  year={2004}
}

@inproceedings{yuan2023robust,
  title={Robust multi-agent coordination via evolutionary generation of auxiliary adversarial attackers},
  author={Yuan, Lei and Zhang, Ziqian and others},
  booktitle={AAAI},
  year={2023}
}

@article{zhou2024comprehensive,
  title={A comprehensive survey on pretrained foundation models: A history from bert to chatgpt},
  author={Zhou, Ce and Li, Qian and Li, Chen and others},
  journal={International Journal of Machine Learning and Cybernetics},
  pages={1--65},
  year={2024},
  publisher={Springer}
}

@article{brohan2022rt,
  title={Rt-1: Robotics transformer for real-world control at scale},
  author={Brohan, Anthony and Brown, Noah and others},
  journal={arXiv},
  year={2022}
}

@article{liu2024rdt,
  title={Rdt-1b: a diffusion foundation model for bimanual manipulation},
  author={Liu, Songming and Wu, Lingxuan and others},
  journal={arXiv},
  year={2024}
}