@misc{AdultLiteracy,
    Author = {Adult Literacy For Life},
    Title ={Let's talk about literacy},
    year = {2025},
    note = {\url{https://www.adultliteracyforlife.ie/}, Acessed: 14-01-25}
}

@misc{DigComp,
    Author = {Publications Office of the European Union},
    Title ={DigComp 2.2, The Digital Competence framework for citizens},
    year = {2022},
    note = {\url{https://op.europa.eu/en/publication-detail/-/publication/50c53c01-abeb-11ec-83e1-01aa75ed71a1/language-en}, Acessed: 14-01-245}
}

@misc{Emmigration, 
  author       = {{Central Statistics Office}}, 
  title        = {Population and Migration Estimates, April 2024}, 
  year         = {2024}, 
  note         = {\url{https://www.cso.ie/en/releasesandpublications/ep/p-pme/populationandmigrationestimatesapril2024/keyfindings/}, Accessed: 24-11-2024} 
}

@misc{abela_consumer_2017,  
  title = {Consumer Survey},  
  author = {Abela, Robert},  
  year = {2017},  
  url = {https://www.netsparker.com/blog/news/consumers-web-applications-most-risk-hacked/},  
  note = {Accessed: 2024-11-01}  
}

@misc{digitalreport,
    Author = {Department of the Taoiseach },
    Title ={Publication of Harnessing Digital 2022 Progress Report},
    year = {2022},
    note = {\url{https://www.gov.ie/en/press-release/a36f1-publication-of-harnessing-digital-2022-progress-report/}, Acessed: 14-01-245}
}

@misc{eurostat2024adulteducation, 
  author       = {Eurostat}, 
  title        = {Adult Education Survey (AES) - Participation in Education and Training (last 12 months)}, 
  year         = {2024}, 
  note         = {\url{https://ec.europa.eu/eurostat/databrowser/view/trng\_aes\_201/default/table?lang=en}, Accessed: 7-11-2024} 
}

@book{flynn2023ireland,  
  title={Ireland and the Lifelong Learning Curve: The Intergenerational Contribution to Digital Literacy for Life},  
  author={Flynn, Sandra},  
  year={2023},  
  publisher={Lancaster University (United Kingdom)}  
}

@inproceedings{frik2019privacy,  
  title={Privacy and security threat models and mitigation strategies of older adults},  
  author={Frik, Alisa and Nurgalieva, Leysan and Bernd, Julia and Lee, Joyce and Schaub, Florian and Egelman, Serge},  
  booktitle={Fifteenth symposium on usable privacy and security (SOUPS 2019)},  
  pages={21--40},  
  year={2019}  
}

@book{garvey2021ageing, 
  title={Ageing with smartphones in Ireland: When life becomes craft}, 
  author={Garvey, Pauline and Miller, Daniel}, 
  year={2021}, 
  publisher={UCL Press}
}

@article{grimes2010older, 
  title={Older adults' knowledge of internet hazards}, 
  author={Grimes, Galen A and Hough, Michelle G and Mazur, Elizabeth and Signorella, Margaret L}, 
  journal={Educational Gerontology}, 
  volume={36}, 
  number={3}, 
  pages={173--192}, 
  year={2010}, 
  publisher={Taylor \& Francis} 
}

@article{hargittai2013new,  
  title={New strategies for employment? internet skills and online privacy practices during people's job search},  
  author={Hargittai, Eszter and Litt, Eden},  
  journal={IEEE security \& privacy},  
  volume={11},  
  number={3},  
  pages={38--45},  
  year={2013},  
  publisher={IEEE}  
}

@inproceedings{herbert2023world,
  title={A world full of privacy and security (mis) conceptions? Findings of a representative survey in 12 countries},
  author={Herbert, Franziska and Becker, Steffen and Schaewitz, Leonie and Hielscher, Jonas and Kowalewski, Marvin and Sasse, Angela and Acar, Yasemin and D{\"u}rmuth, Markus},
  booktitle={Proceedings of the 2023 CHI Conference on Human Factors in Computing Systems},
  pages={1--23},
  year={2023}
}

@inproceedings{karole2011comparative,  
  title={A comparative usability evaluation of traditional password managers},  
  author={Karole, Ambarish and Saxena, Nitesh and Christin, Nicolas},  
  booktitle={Information Security and Cryptology-ICISC 2010: 13th International Conference, Seoul, Korea, December 1-3, 2010, Revised Selected Papers 13},  
  pages={233--251},  
  year={2011},  
  organization={Springer}  
}

@inproceedings{latulipe2022unofficial,
  title={Unofficial proxies: How close others help older adults with banking},
  author={Latulipe, Celine and Dsouza, Ronnie and Cumbers, Murray},
  booktitle={Proceedings of the 2022 CHI Conference on Human Factors in Computing Systems},
  pages={1--13},
  year={2022}
}

@inproceedings{mentis2019upside,  
  title={Upside and downside risk in online security for older adults with mild cognitive impairment},  
  author={Mentis, Helena M and Madjaroff, Galina and Massey, Aaron K},  
  booktitle={Proceedings of the 2019 CHI Conference on Human Factors in Computing Systems},  
  pages={1--13},  
  year={2019}  
}

@article{mentis2020illusion,  
  title={The illusion of choice in discussing cybersecurity safeguards between older adults with mild cognitive impairment and their caregivers},  
  author={Mentis, Helena M and Madjaroff, Galina and Massey, Aaron and Trendafilova, Zoya},  
  journal={Proceedings of the ACM on Human-Computer Interaction},  
  volume={4},  
  number={CSCW2},  
  pages={1--19},  
  year={2020},  
  publisher={ACM New York, NY, USA}  
}

@article{murray2020convergence, 
  title={Convergence of password guessing to optimal success rates}, 
  author={Murray, Hazel and Malone, David}, 
  journal={Entropy}, 
  volume={22}, 
  number={4}, 
  pages={378}, 
  year={2020}, 
  publisher={MDPI} 
}

@article{murray2023adaptive, 
  title={Adaptive password guessing: learning language, nationality and dataset source}, 
  author={Murray, Hazel and Malone, David}, 
  journal={Annals of Telecommunications}, 
  volume={78}, 
  number={7}, 
  pages={385--400}, 
  year={2023}, 
  publisher={Springer} 
}

@article{murthy2021individually,
  title={Individually vulnerable, collectively safe: The security and privacy practices of households with older adults},
  author={Murthy, Savanthi and Bhat, Karthik S and Das, Sauvik and Kumar, Neha},
  journal={Proceedings of the ACM on Human-Computer Interaction},
  volume={5},
  number={CSCW1},
  pages={1--24},
  year={2021},
  publisher={ACM New York, NY, USA}
}

@article{nedvved2021careless, 
  title={Careless society: Drivers of (un) secure passwords}, 
  author={Nedv{\v{e}}d, Vojt{\v{e}}ch}, 
  year={2021}, 
  publisher={Univerzita Karlova, Fakulta soci{\'a}ln{\'\i}ch v{\v{e}}d} 
}

@inproceedings{piper2016technological,  
  title={Technological caregiving: Supporting online activity for adults with cognitive impairments},  
  author={Piper, Anne Marie and Cornejo, Raymundo and Hurwitz, Lisa and Unumb, Caitlin},  
  booktitle={Proceedings of the 2016 chi conference on human factors in computing systems},  
  pages={5311--5323},  
  year={2016}  
}

@inproceedings{ray2021older,  
  title={Why older adults (Don't) use password managers},  
  author={Ray, Hirak and Wolf, Flynn and Kuber, Ravi and Aviv, Adam J},  
  booktitle={30th USENIX Security Symposium (USENIX Security 21)},  
  pages={73--90},  
  year={2021}  
}

@phdthesis{redahan2013older,  
  title={Older Irish Adults and the internet. A qualitative study exploring their thoughts, beliefs and practices},  
  author={Redahan, Peter},  
  year={2013},  
  school={School of Social Work and Social Policy, Trinity College Dublin}  
}

@inproceedings{singh2007password,  
  title={Password sharing: implications for security design based on social practice},  
  author={Singh, Supriya and Cabraal, Anuja and Demosthenous, Catherine and Astbrink, Gunela and Furlong, Michele},  
  booktitle={Proceedings of the SIGCHI conference on Human factors in computing systems},  
  pages={895--904},  
  year={2007}  
}

@inproceedings{stobert2014password,  
  title={A password manager that doesn't remember passwords},  
  author={Stobert, Elizabeth and Biddle, Robert},  
  booktitle={Proceedings of the 2014 New Security Paradigms Workshop},  
  pages={39--52},  
  year={2014}  
}

@inproceedings{wash2016understanding,  
  title={Understanding password choices: How frequently entered passwords are re-used across websites},  
  author={Wash, Rick and Rader, Emilee and Berman, Ruthie and Wellmer, Zac},  
  booktitle={Twelfth Symposium on Usable Privacy and Security (SOUPS 2016)},  
  pages={175--188},  
  year={2016}  
}

@article{wei2024sok,
  title={SoK (or SoLK?): On the Quantitative Study of Sociodemographic Factors and Computer Security Behaviors},
  author={Wei, Miranda and Mink, Jaron and Eiger, Yael and Kohno, Tadayoshi and Redmiles, Elissa M and Roesner, Franziska},
  journal={arXiv preprint arXiv:2404.10187},
  year={2024}
}
article{murray2023adaptive,
  title={Adaptive password guessing: learning language, nationality and dataset source},
  author={Murray, Hazel and Malone, David},
  journal={Annals of Telecommunications},
  volume={78},
  number={7},
  pages={385--400},
  year={2023},
  publisher={Springer}
}

