References 
[1] @article{murray2023costs,  
  title={Costs and benefits of authentication advice},  
  author={Murray, Hazel and Malone, David},  
  journal={ACM Transactions on Privacy and Security},  
  volume={26},  
  number={3},  
  pages={1--35},  
  year={2023},  
  publisher={ACM New York, NY}  
} 
[2] @misc{nist, 
    title = {Cybersecurity}, 
    author={NIST}, 
    note = {\url{https://www.nist.gov/cybersecurity}, Accessed 19-07-24} 
} 
[3] @inproceedings{florencio2014password, 
  title={Password Portfolios and the $\{$Finite-Effort$\}$ User: Sustainably Managing Large Numbers of Accounts}, 
  author={Flor{\^e}ncio, Dinei and Herley, Cormac and Van Oorschot, Paul C}, 
  booktitle={23rd USENIX Security Symposium (USENIX Security 14)}, 
  pages={575--590}, 
  year={2014} 
} 
[4] @inproceedings{maoneke2018influence, 
  title={The influence of native language on password composition and security: A socioculture theoretical view}, 
  author={Maoneke, Pardon Blessings and Flowerday, Stephen and Isabirye, Naomi}, 
  booktitle={ICT Systems Security and Privacy Protection: 33rd IFIP TC 11 International Conference, SEC 2018, Held at the 24th IFIP World Computer Congress, WCC 2018, Poznan, Poland, September 18-20, 2018, Proceedings 33}, 
  pages={33--46}, 
  year={2018}, 
  organization={Springer} 
} 
 
My references 
[5] @misc{nordpass_passwords_2024,  
  title = {How Many Passwords Does the Average Person Have?},  
  author = {{NordPass}},  
  year = {2024},  
  url = {https://nordpass.com/blog/how-many-passwords-does-average-person-have/},  
  note = {Accessed: 2024-11-01}  
}  
  
[7] @book{murray2021improving,  
  title={Improving Authentication for Users Via Better Understanding Password use and Abuse},  
  author={Murray, Hazel},  
  year={2021},  
  publisher={National University of Ireland, Maynooth (Ireland)}  
}  
  
[8] @inproceedings{lee2022password,  
  title={Password policies of most top websites fail to follow best practices},  
  author={Lee, Kevin and Sj{\"o}berg, Sten and Narayanan, Arvind},  
  booktitle={Eighteenth Symposium on Usable Privacy and Security (SOUPS 2022)},  
  pages={561--580},  
  year={2022}  
}  
  
[9] @inproceedings{stobert2014password,  
  title={A password manager that doesn't remember passwords},  
  author={Stobert, Elizabeth and Biddle, Robert},  
  booktitle={Proceedings of the 2014 New Security Paradigms Workshop},  
  pages={39--52},  
  year={2014}  
}  
  
[10] @inproceedings{frik2019privacy,  
  title={Privacy and security threat models and mitigation strategies of older adults},  
  author={Frik, Alisa and Nurgalieva, Leysan and Bernd, Julia and Lee, Joyce and Schaub, Florian and Egelman, Serge},  
  booktitle={Fifteenth symposium on usable privacy and security (SOUPS 2019)},  
  pages={21--40},  
  year={2019}  
}  
  
[11] @inproceedings{mentis2019upside,  
  title={Upside and downside risk in online security for older adults with mild cognitive impairment},  
  author={Mentis, Helena M and Madjaroff, Galina and Massey, Aaron K},  
  booktitle={Proceedings of the 2019 CHI Conference on Human Factors in Computing Systems},  
  pages={1--13},  
  year={2019}  
}  
  
[12] @article{hargittai2013new,  
  title={New strategies for employment? internet skills and online privacy practices during people's job search},  
  author={Hargittai, Eszter and Litt, Eden},  
  journal={IEEE security \& privacy},  
  volume={11},  
  number={3},  
  pages={38--45},  
  year={2013},  
  publisher={IEEE}  
}  
  
[13] @inproceedings{wash2016understanding,  
  title={Understanding password choices: How frequently entered passwords are re-used across websites},  
  author={Wash, Rick and Rader, Emilee and Berman, Ruthie and Wellmer, Zac},  
  booktitle={Twelfth Symposium on Usable Privacy and Security (SOUPS 2016)},  
  pages={175--188},  
  year={2016}  
}  

@inproceedings{herley2009so,
  title={So long, and no thanks for the externalities: the rational rejection of security advice by users},
  author={Herley, Cormac},
  booktitle={Proceedings of the 2009 workshop on New security paradigms workshop},
  pages={133--144},
  year={2009}
}

@inproceedings{florencio2007large,
  title={A large-scale study of web password habits},
  author={Florencio, Dinei and Herley, Cormac},
  booktitle={Proceedings of the 16th international conference on World Wide Web},
  pages={657--666},
  year={2007}
}

@inproceedings{beautement2008compliance,
  title={The compliance budget: managing security behaviour in organisations},
  author={Beautement, Adam and Sasse, M Angela and Wonham, Mike},
  booktitle={Proceedings of the 2008 new security paradigms workshop},
  pages={47--58},
  year={2008}
}

@inproceedings{nisenoff2023two,
  title={A $\{$Two-Decade$\}$ Retrospective Analysis of a University's Vulnerability to Attacks Exploiting Reused Passwords},
  author={Nisenoff, Alexandra and Golla, Maximilian and Wei, Miranda and Hainline, Juliette and Szymanek, Hayley and Braun, Annika and Hildebrandt, Annika and Christensen, Blair and Langenberg, David and Ur, Blase},
  booktitle={{32nd USENIX Security Symposium (USENIX Security 23)}},
  pages={5127--5144},
  year={2023}
}

@inproceedings{inglesant2010true,
  title={The true cost of unusable password policies: password use in the wild},
  author={Inglesant, Philip G and Sasse, M Angela},
  booktitle={Proceedings of the sigchi conference on human factors in computing systems},
  pages={383--392},
  year={2010}
}

@article{stanton2016security,
  title={Security fatigue},
  author={Stanton, Brian and Theofanos, Mary F and Prettyman, Sandra Spickard and Furman, Susanne},
  journal={It Professional},
  volume={18},
  number={5},
  pages={26--32},
  year={2016},
  publisher={IEEE}
}

@inproceedings{murray2017evaluating,
  title={Evaluating password advice},
  author={Murray, Hazel and Malone, David},
  booktitle={2017 28th Irish Signals and Systems Conference (ISSC)},
  pages={1--6},
  year={2017},
  organization={IEEE}
}
@article{adams1999users,
  title={Users are not the enemy},
  author={Adams, Anne and Sasse, Martina Angela},
  journal={Communications of the ACM},
  volume={42},
  number={12},
  pages={40--46},
  year={1999},
  publisher={ACM New York, NY, USA}
}

@article{reeder2017152,
  title={152 simple steps to stay safe online: Security advice for non-tech-savvy users},
  author={Reeder, Robert W and Ion, Iulia and Consolvo, Sunny},
  journal={IEEE Security \& Privacy},
  volume={15},
  number={5},
  pages={55--64},
  year={2017},
  publisher={IEEE}
}

 
[15] @article{grimes2010older, 
  title={Older adults' knowledge of internet hazards}, 
  author={Grimes, Galen A and Hough, Michelle G and Mazur, Elizabeth and Signorella, Margaret L}, 
  journal={Educational Gerontology}, 
  volume={36}, 
  number={3}, 
  pages={173--192}, 
  year={2010}, 
  publisher={Taylor \& Francis} 
} 
 
  
[16] @misc{abela_consumer_2017,  
  title = {Consumer Survey},  
  author = {Abela, Robert},  
  year = {2017},  
  url = {https://www.netsparker.com/blog/news/consumers-web-applications-most-risk-hacked/},  
  note = {Accessed: 2024-11-01}  
}  
  
  
[17] @inproceedings{karole2011comparative,  
  title={A comparative usability evaluation of traditional password managers},  
  author={Karole, Ambarish and Saxena, Nitesh and Christin, Nicolas},  
  booktitle={Information Security and Cryptology-ICISC 2010: 13th International Conference, Seoul, Korea, December 1-3, 2010, Revised Selected Papers 13},  
  pages={233--251},  
  year={2011},  
  organization={Springer}  
}  
  
[18] @inproceedings{ray2021older,  
  title={Why older adults (Don't) use password managers},  
  author={Ray, Hirak and Wolf, Flynn and Kuber, Ravi and Aviv, Adam J},  
  booktitle={30th USENIX Security Symposium (USENIX Security 21)},  
  pages={73--90},  
  year={2021}  
}  

@inproceedings{komanduri2011passwords,
  title={Of passwords and people: measuring the effect of password-composition policies},
  author={Komanduri, Saranga and Shay, Richard and Kelley, Patrick Gage and Mazurek, Michelle L and Bauer, Lujo and Christin, Nicolas and Cranor, Lorrie Faith and Egelman, Serge},
  booktitle={Proceedings of the sigchi conference on human factors in computing systems},
  pages={2595--2604},
  year={2011}
}

@article{shay2016designing,
  title={Designing password policies for strength and usability},
  author={Shay, Richard and Komanduri, Saranga and Durity, Adam L and Huh, Phillip and Mazurek, Michelle L and Segreti, Sean M and Ur, Blase and Bauer, Lujo and Christin, Nicolas and Cranor, Lorrie Faith},
  journal={ACM Transactions on Information and System Security (TISSEC)},
  volume={18},
  number={4},
  pages={1--34},
  year={2016},
  publisher={ACM New York, NY, USA}
}
  
[19] @inproceedings{singh2007password,  
  title={Password sharing: implications for security design based on social practice},  
  author={Singh, Supriya and Cabraal, Anuja and Demosthenous, Catherine and Astbrink, Gunela and Furlong, Michele},  
  booktitle={Proceedings of the SIGCHI conference on Human factors in computing systems},  
  pages={895--904},  
  year={2007}  
}  
  
[20] @inproceedings{piper2016technological,  
  title={Technological caregiving: Supporting online activity for adults with cognitive impairments},  
  author={Piper, Anne Marie and Cornejo, Raymundo and Hurwitz, Lisa and Unumb, Caitlin},  
  booktitle={Proceedings of the 2016 chi conference on human factors in computing systems},  
  pages={5311--5323},  
  year={2016}  
}  
  
[21] @article{mentis2020illusion,  
  title={The illusion of choice in discussing cybersecurity safeguards between older adults with mild cognitive impairment and their caregivers},  
  author={Mentis, Helena M and Madjaroff, Galina and Massey, Aaron and Trendafilova, Zoya},  
  journal={Proceedings of the ACM on Human-Computer Interaction},  
  volume={4},  
  number={CSCW2},  
  pages={1--19},  
  year={2020},  
  publisher={ACM New York, NY, USA}  
}  
  
[22] @phdthesis{redahan2013older,  
  title={Older Irish Adults and the internet. A qualitative study exploring their thoughts, beliefs and practices},  
  author={Redahan, Peter},  
  year={2013},  
  school={School of Social Work and Social Policy, Trinity College Dublin}  
}  
  
[23] @book{flynn2023ireland,  
  title={Ireland and the Lifelong Learning Curve: The Intergenerational Contribution to Digital Literacy for Life},  
  author={Flynn, Sandra},  
  year={2023},  
  publisher={Lancaster University (United Kingdom)}  
}  
  
[24] @article{mohan2024high,  
  title={High-speed broadband availability, Internet activity among older people, quality of life and loneliness},  
  author={Mohan, Gretta and Lyons, Se{\'a}n},  
  journal={new media \& society},  
  volume={26},  
  number={5},  
  pages={2889--2913},  
  year={2024},  
  publisher={SAGE Publications Sage UK: London, England}  
}  
  
[25] @article{mccausland2021impact,  
  title={The impact of COVID-19 on the social inclusion of older adults with an intellectual disability during the first wave of the pandemic in Ireland},  
  author={McCausland, Darren and Luus, Retha and McCallion, Philip and Murphy, Esther and McCarron, Mary},  
  journal={Journal of Intellectual Disability Research},  
  volume={65},  
  number={10},  
  pages={879--889},  
  year={2021},  
  publisher={Wiley Online Library}  
}  
  
[26] @article{flynn2022bridging,  
  title={Bridging the age-based digital divide: An intergenerational exchange during the first COVID-19 pandemic lockdown period in Ireland},  
  author={Flynn, Sandra},  
  journal={Journal of intergenerational relationships},  
  volume={20},  
  number={2},  
  pages={135--149},  
  year={2022},  
  publisher={Taylor \& Francis}  
}  
  
[27] @article{flynn2024keeping,  
  title={Keeping up with the times in Ireland: Older adults bridging the age-based digital divide together?},  
  author={Flynn, Sandra},  
  journal={Studies in the Education of Adults},  
  pages={1--19},  
  year={2024},  
  publisher={Taylor \& Francis}  
}  
  
[28] @misc{nist_password_2021,  
  title = {Easy Ways to Build a Better Password},  
  author = {{National Institute of Standards and Technology (NIST)}},  
  year = {2021},  
  url = {https://www.nist.gov/blogs/taking-measure/easy-ways-build-better-p5w0rd},  
  note = {Accessed: 2024-11-01}  
}  
  
[29] @misc{ncsc_password_expiry_2019,  
  title = {The Problems with Forcing Regular Password Expiry},  
  author = {{National Cyber Security Centre (NCSC)}},  
  year = {2019},  
  url = {https://www.ncsc.gov.uk/blog-post/problems-forcing-regular-password-expiry},  
  note = {Accessed: 2024-11-01}  
}  

@misc{BOI-TOS,  
  title = {Terms of Use of the Bank of Ireland Mortgage Solution (``website'')},  
  author = {Bank of Ireland},  
   
  url = {https://mortgagesolutionsfs.bankofireland.com/Resources/PDF/termsofuse.pdf},  
  note = {Accessed: 28-01-2025}  
}

@misc{NIST-SHARING-PW,  
  title = {Strength of Passwords},  
  author = {NIST},  
   
  url = {https://pages.nist.gov/800-63-4/sp800-63b.html#appA},  
  note = {Accessed: 28-01-2025}  
}

@misc{FB-PW-SHARING,  
  title = {Meta Terms of Service},  
  author = {META},  
   
  url = {https://www.facebook.com/legal/terms},  
  note = {Accessed: 28-01-2025}  
}

@misc{GDPR-PW,  
  title = {Guidance for Controllers on Data Security },  
  author = {Data Protection Commission},  
   
  url = {www.dataprotection.ie/sites/default/files/uploads/2019-06/190625%20Data%20Security%20Guidance.pdf},  
  note = {Accessed: 28-01-2025}  
}
  
  
[30] @techreport{grassi_digital_2017,  
  title = {Digital Identity Guidelines SP 800-63-3},  
  author = {Grassi, Paul A. and Garcia, Michael E. and Fenton, James L.},  
  institution = {National Institute of Standards and Technology (NIST)},  
  address = {U.S. Department of Commerce},  
  year = {2017},  
  note = {Includes updates as of 03-02-2020},
  url = {https://doi.org/10.6028/NIST.SP.800-63-3} 
}

[80] @techreport{nist_2025_draft,
  title = {Digital Identity Guidelines SP 800-63-4 (2nd public draft)},  
  author = {Temoshok, David and Proud-Madruga, Diana and Choong, Yee-Yin and Galluzzo, Ryan and Gupta, Sarbari and LaSalle, Connie and Lefkovitz, Naomi and Regenscheid, Andrew},  
  institution = {National Institute of Standards and Technology (NIST)},  
  address = {U.S. Department of Commerce},  
  year = {2024},  
  url = {https://csrc.nist.gov/pubs/sp/800/63/4/2pd} 
}


@inproceedings{yuan2024account,
  title={Account password sharing in ordinary situations and emergencies: A comparison between young and older adults},
  author={Yuan, Lirong and Chen, Yanxin and Tang, Jenny and Cranor, Lorrie Faith},
  booktitle={USENIX Symposium on Usable Privacy and Security (SOUPS), Philadelphia, PA, United States},
  year={2024}
}
@inproceedings{latulipe2022unofficial,
  title={Unofficial proxies: How close others help older adults with banking},
  author={Latulipe, Celine and Dsouza, Ronnie and Cumbers, Murray},
  booktitle={Proceedings of the 2022 CHI Conference on Human Factors in Computing Systems},
  pages={1--13},
  year={2022}
}

@inproceedings{seiler2019don,
  title={" I don't see why I would ever want to use it" Analyzing the Usability of Popular Smartphone Password Managers},
  author={Seiler-Hwang, Sunyoung and Arias-Cabarcos, Patricia and Mar{\'\i}n, Andr{\'e}s and Almenares, Florina and D{\'\i}az-S{\'a}nchez, Daniel and Becker, Christian},
  booktitle={Proceedings of the 2019 ACM SIGSAC Conference on Computer and Communications Security},
  pages={1937--1953},
  year={2019}
}

@article{murthy2021individually,
  title={Individually vulnerable, collectively safe: The security and privacy practices of households with older adults},
  author={Murthy, Savanthi and Bhat, Karthik S and Das, Sauvik and Kumar, Neha},
  journal={Proceedings of the ACM on Human-Computer Interaction},
  volume={5},
  number={CSCW1},
  pages={1--24},
  year={2021},
  publisher={ACM New York, NY, USA}
}
 
[31] @misc{businessage_passwords_obsolete_2024, 
  title = {Passwords Are Obsolete - But They'll Stick Around for a While Longer}, 
  author = {{Business Age}}, 
  year = {2024}, 
  url = {https://www.businessage.com/post/passwords-are-obsolete---but-theyll-stick-around-for-a-while-longer}, 
  note = {Accessed: 2024-11-01} 
} 
 
[32] @misc{eset_history_password_2017, 
  title = {A Short History of the Computer Password}, 
  author = {{ESET Ireland}}, 
  year = {2017}, 
  url = {https://blog.eset.ie/2017/05/05/a-short-history-of-the-computer-password/}, 
  note = {Accessed: 2024-11-01} 
} 
 

[33]
@article{braun2006using,
  title={Using thematic analysis in psychology},
  author={Braun, Virginia and Clarke, Victoria},
  journal={Qualitative research in psychology},
  volume={3},
  number={2},
  pages={77--101},
  year={2006},
  publisher={Taylor \& Francis}
}


@inproceedings{herbert2023world,
  title={A world full of privacy and security (mis) conceptions? Findings of a representative survey in 12 countries},
  author={Herbert, Franziska and Becker, Steffen and Schaewitz, Leonie and Hielscher, Jonas and Kowalewski, Marvin and Sasse, Angela and Acar, Yasemin and D{\"u}rmuth, Markus},
  booktitle={Proceedings of the 2023 CHI Conference on Human Factors in Computing Systems},
  pages={1--23},
  year={2023}
}



@article{wei2024sok,
  title={SoK (or SoLK?): On the Quantitative Study of Sociodemographic Factors and Computer Security Behaviors},
  author={Wei, Miranda and Mink, Jaron and Eiger, Yael and Kohno, Tadayoshi and Redmiles, Elissa M and Roesner, Franziska},
  journal={arXiv preprint arXiv:2404.10187},
  year={2024}
}
article{murray2023adaptive,
  title={Adaptive password guessing: learning language, nationality and dataset source},
  author={Murray, Hazel and Malone, David},
  journal={Annals of Telecommunications},
  volume={78},
  number={7},
  pages={385--400},
  year={2023},
  publisher={Springer}
}


@inproceedings{boothroyd2013writing,
  title={Writing down your password: Does it help?},
  author={Boothroyd, Vanessa and Chiasson, Sonia},
  booktitle={2013 Eleventh Annual Conference on Privacy, Security and Trust},
  pages={267--274},
  year={2013},
  organization={IEEE}
}

@inproceedings{zhang2016revisiting,
  title={Revisiting password rules: facilitating human management of passwords},
  author={Zhang-Kennedy, Leah and Chiasson, Sonia and van Oorschot, Paul},
  booktitle={2016 APWG symposium on electronic crime research (eCrime)},
  pages={1--10},
  year={2016},
  organization={IEEE}
}

@inproceedings{redmiles2020comprehensive,
  title={A comprehensive quality evaluation of security and privacy advice on the web},
  author={Redmiles, Elissa M and Warford, Noel and Jayanti, Amritha and Koneru, Aravind and Kross, Sean and Morales, Miraida and Stevens, Rock and Mazurek, Michelle L},
  booktitle={29th USENIX Security Symposium (USENIX Security 20)},
  pages={89--108},
  year={2020}
}

@article{shang2022psychology,
  title={The psychology of the internet fraud victimization of older adults: A systematic review},
  author={Shang, Yuxi and Wu, Zhongxian and Du, Xiaoyu and Jiang, Yanbin and Ma, Beibei and Chi, Meihong},
  journal={Frontiers in psychology},
  volume={13},
  pages={912242},
  year={2022},
  publisher={Frontiers Media SA}
}

@article{gitlow2014technology,
  title={Technology use by older adults and barriers to using technology},
  author={Gitlow, Lynn},
  journal={Physical \& Occupational Therapy in Geriatrics},
  volume={32},
  number={3},
  pages={271--280},
  year={2014},
  publisher={Taylor \& Francis}
}

@inproceedings{bhattacharjee2020older,
  title={Older adults and their acquisition of digital skills: A review of current research evidence},
  author={Bhattacharjee, Priyankar and Baker, Steven and Waycott, Jenny},
  booktitle={Proceedings of the 32nd Australian conference on human-computer Interaction},
  pages={437--443},
  year={2020}
}

@article{butt2023barriers,
  title={Barriers to digital transformation of the silver economy: Challenges to adopting digital skills by the silver generation},
  author={Butt, Sidra Azmat and Lips, Silvia and Sharma, Rahul and Pappel, Ingrid and Draheim, Dirk},
  journal={Proceedings of AHFE},
  pages={151--163},
  year={2023}
}

@article{knowles2018older,
  title={Older adults’ deployment of ‘distrust’},
  author={Knowles, Bran and Hanson, Vicki L},
  journal={ACM Transactions on Computer-Human Interaction (TOCHI)},
  volume={25},
  number={4},
  pages={1--25},
  year={2018},
  publisher={ACM New York, NY, USA}
}

@inproceedings{pearman2019people,
  title={Why people (don't) use password managers effectively},
  author={Pearman, Sarah and Zhang, Shikun Aerin and Bauer, Lujo and Christin, Nicolas and Cranor, Lorrie Faith},
  booktitle={Fifteenth Symposium on Usable Privacy and Security (SOUPS 2019)},
  pages={319--338},
  year={2019}
}

@inproceedings{golla2016analyzing,
  title={Analyzing 4 million real-world personal knowledge questions (short paper)},
  author={Golla, Maximilian and D{\"u}rmuth, Markus},
  booktitle={Technology and Practice of Passwords: 9th International Conference, PASSWORDS 2015, Cambridge, UK, December 7--9, 2015, Proceedings 9},
  pages={39--44},
  year={2016},
  organization={Springer}
}

@inproceedings{shay2014can,
  title={Can long passwords be secure and usable?},
  author={Shay, Richard and Komanduri, Saranga and Durity, Adam L and Huh, Phillip and Mazurek, Michelle L and Segreti, Sean M and Ur, Blase and Bauer, Lujo and Christin, Nicolas and Cranor, Lorrie Faith},
  booktitle={Proceedings of the SIGCHI Conference on Human Factors in Computing Systems},
  pages={2927--2936},
  year={2014}
}


@inproceedings{ur2016users,
  title={Do users' perceptions of password security match reality?},
  author={Ur, Blase and Bees, Jonathan and Segreti, Sean M and Bauer, Lujo and Christin, Nicolas and Cranor, Lorrie Faith},
  booktitle={Proceedings of the 2016 CHI conference on human factors in computing systems},
  pages={3748--3760},
  year={2016}
}

inproceedings{nisenoff2023two,
  title={A $\{$Two-Decade$\}$ Retrospective Analysis of a University's Vulnerability to Attacks Exploiting Reused Passwords},
  author={Nisenoff, Alexandra and Golla, Maximilian and Wei, Miranda and Hainline, Juliette and Szymanek, Hayley and Braun, Annika and Hildebrandt, Annika and Christensen, Blair and Langenberg, David and Ur, Blase},
  booktitle={32nd USENIX Security Symposium (USENIX Security 23)},
  pages={5127--5144},
  year={2023}
}

@inproceedings{golla2018site,
  title={" What was that site doing with my Facebook password?" Designing Password-Reuse Notifications},
  author={Golla, Maximilian and Wei, Miranda and Hainline, Juliette and Filipe, Lydia and D{\"u}rmuth, Markus and Redmiles, Elissa and Ur, Blase},
  booktitle={Proceedings of the 2018 ACM SIGSAC Conference on Computer and Communications Security},
  pages={1549--1566},
  year={2018}
}

@article{george2024dawn,
  title={The Dawn of Passkeys: Evaluating a Passwordless Future},
  author={George, A Shaji},
  journal={Partners Universal Innovative Research Publication},
  volume={2},
  number={1},
  pages={202--220},
  year={2024}
}

@article{lassak2024aren,
  title={Why Aren’t We Using Passkeys? Obstacles Companies Face Deploying FIDO2 Passwordless Authentication},
  author={Lassak, Leona and Pan, Elleen and Ur, Blase and Golla, Maximilian},
  year={2024},
  publisher={CISPA}
}

@misc{ageaction2021digital, 
  author = {Age Action}, 
  title  = {Digital Inclusion and an Ageing Population},
  year   = {2021}, 
  note  = {\url{https://www.ageaction.ie/sites/default/files/digital\_inclusion\_and\_an\_ageing\_population.pdf}, Accessed: 7-11-24} 
} 

@inproceedings{merdenyan2018generational,
  title={Generational differences in password management behaviour},
  author={Merdenyan, Burak and Petrie, Helen},
  booktitle={Proceedings of the 32nd International BCS Human Computer Interaction Conference},
  year={2018},
  organization={BCS Learning \& Development}
}

@inproceedings{ekele2023keylogger,
  title={Keylogger Detection: A Systematic Review},
  author={Ekele Victoria, C and Adebiyi Ayodele, A and Igbekele Emmanuel, O},
  booktitle={International Conference on Science, Engineering and Business for Sustainable Development Goals (SEB-SDG)},
  pages={1--6},
  year={2023}
}

@misc{bitwarden_world_password_day,
  author       = {Bitwarden},
  title        = {World Password Day},
  year         = {2024},
  howpublished = {\url{https://bitwarden.com/resources/world-password-day/}},
  note         = {Accessed: 2024-11-25}
}
 
@misc{bit-spray,
    Author = {Bitwarden},
    Title ={
How to protect against password spraying attacks},
    note = {\url{https://bitwarden.com/blog/how-to-protect-against-password-spraying-attacks/}, Acessed: 22-11-24}
}


@misc{digitalreport,
    Author = {Department of the Taoiseach },
    Title ={Publication of Harnessing Digital 2022 Progress Report},
    year = {2022},
    note = {\url{https://www.gov.ie/en/press-release/a36f1-publication-of-harnessing-digital-2022-progress-report/}, Acessed: 14-01-245}
}

@misc{DigComp,
    Author = {Publications Office of the European Union},
    Title ={DigComp 2.2, The Digital Competence framework for citizens},
    year = {2022},
    note = {\url{https://op.europa.eu/en/publication-detail/-/publication/50c53c01-abeb-11ec-83e1-01aa75ed71a1/language-en}, Acessed: 14-01-245}
}

@article{phillippi2018guide,
  title={A guide to field notes for qualitative research: Context and conversation},
  author={Phillippi, Julia and Lauderdale, Jana},
  journal={Qualitative health research},
  volume={28},
  number={3},
  pages={381--388},
  year={2018},
  publisher={Sage Publications Sage CA: Los Angeles, CA}
}

@misc{AdultLiteracy,
    Author = {Adult Literacy For Life},
    Title ={Let's talk about literacy},
    year = {2025},
    note = {\url{https://www.adultliteracyforlife.ie/}, Acessed: 14-01-25}
}

@misc{CSOolderadults,
    Author = {Central Statistics Office},
    Title ={Older Persons Information Hub},
    year = {2024},
    note = {\url{https://www.cso.ie/en/releasesandpublications/hubs/p-opi/olderpersonsinformationhub}, Acessed: 14-01-25}
}


@misc{eurostat,
    Author = {Eurostat},
    Title ={Ageing Europe - introduction},
    year = {2020},
    note = {\url{https://ec.europa.eu/eurostat/en/web/products-statistical-books/-/ks-02-20-655}, Acessed: 14-01-25}
}


@article{sharevski2024inclusive,
  title={Inclusive Involvement of At-Risk Users in Cybersecurity Research},
  author={Sharevski, Filipo},
  journal={IEEE Security \& Privacy},
  year={2024},
  publisher={IEEE}
}
article{mccausland2021impact, 
  title={The impact of COVID-19 on the social inclusion of older adults with an intellectual disability during the first wave of the pandemic in Ireland}, 
  author={McCausland, Darren and Luus, Retha and McCallion, Philip and Murphy, Esther and McCarron, Mary}, 
  journal={Journal of Intellectual Disability Research}, 
  volume={65}, 
  number={10}, 
  pages={879--889}, 
  year={2021}, 
  publisher={Wiley Online Library} 

} 

@misc{cso2019urbanrural, 
  author       = {{Central Statistics Office}}, 
  title        = {Urban and Rural Life in Ireland, 2019}, 
  year         = {2019}, 
  url          = {https://www.cso.ie/en/releasesandpublications/ep/p-urli/urbanandrurallifeinireland2019/introduction/}, 
  note         = {Available 28 October 2023} 
} 

@book{garvey2021ageing, 
  title={Ageing with smartphones in Ireland: When life becomes craft}, 
  author={Garvey, Pauline and Miller, Daniel}, 
  year={2021}, 
  publisher={UCL Press}
} 


@inproceedings{zamfirescu2019cyber, 
  title={Cyber-security profiles of European users: A survey}, 
  author={Zamfirescu, Raisa-Gabriela and Rughinis, Cosima and Hosszu, Alexandra and Cristea, Darie}, 
  booktitle={2019 22nd International Conference on Control Systems and Computer Science (CSCS)}, 
  pages={438--442}, 
  year={2019}, 
  organization={IEEE} 
} 

@article{murray2023adaptive, 
  title={Adaptive password guessing: learning language, nationality and dataset source}, 
  author={Murray, Hazel and Malone, David}, 
  journal={Annals of Telecommunications}, 
  volume={78}, 
  number={7}, 
  pages={385--400}, 
  year={2023}, 
  publisher={Springer} 
} 

@article{murray2020convergence, 
  title={Convergence of password guessing to optimal success rates}, 
  author={Murray, Hazel and Malone, David}, 
  journal={Entropy}, 
  volume={22}, 
  number={4}, 
  pages={378}, 
  year={2020}, 
  publisher={MDPI} 
} 

 

@article{nedvved2021careless, 
  title={Careless society: Drivers of (un) secure passwords}, 
  author={Nedv{\v{e}}d, Vojt{\v{e}}ch}, 
  year={2021}, 
  publisher={Univerzita Karlova, Fakulta soci{\'a}ln{\'\i}ch v{\v{e}}d} 
} 

@misc{eurostat2024adulteducation, 
  author       = {Eurostat}, 
  title        = {Adult Education Survey (AES) - Participation in Education and Training (last 12 months)}, 
  year         = {2024}, 
  note         = {\url{https://ec.europa.eu/eurostat/databrowser/view/trng\_aes\_201/default/table?lang=en}, Accessed: 7-11-2024} 
} 

@inproceedings{das2020mfa,
  title={MFA is A Necessary Chore!: Exploring User Mental Models of Multi-Factor Authentication Technologies.},
  author={Das, Sanchari and Wang, Bingxing and Kim, Andrew and Camp, L Jean},
  booktitle={HICSS},
  pages={1--10},
  year={2020}
}

@inproceedings{golla2021driving,
  title={Driving $\{$2FA$\}$ adoption at scale: Optimizing $\{$Two-Factor$\}$ authentication notification design patterns},
  author={Golla, Maximilian and Ho, Grant and Lohmus, Marika and Pulluri, Monica and Redmiles, Elissa M},
  booktitle={30th USENIX Security Symposium (USENIX Security 21)},
  pages={109--126},
  year={2021}
}

@misc{Emmigration, 
  author       = {{Central Statistics Office}}, 
  title        = {Population and Migration Estimates, April 2024}, 
  year         = {2024}, 
  note         = {\url{https://www.cso.ie/en/releasesandpublications/ep/p-pme/populationandmigrationestimatesapril2024/keyfindings/}, Accessed: 24-11-2024} 
} 


@misc{european2022desi, 
  author       = {European Commission}, 
  title        = {The Digital Economy and Society Index (DESI)}, 
  year         = {2022}, 
  url          = {https://digital-strategy.ec.europa.eu/en/policies/desi}, 
  note         = {Accessed: 7-11-14} 

} 
