@article{aljundi2019online,
  title={Online continual learning with maximal interfered retrieval},
  author={Aljundi, Rahaf and Belilovsky, Eugene and Tuytelaars, Tinne and Charlin, Laurent and Caccia, Massimo and Lin, Min and Page-Caccia, Lucas},
  journal={Advances in neural information processing systems},
  volume={32},
  year={2019}
}

@article{bonicelli2022effectiveness,
  title={On the effectiveness of lipschitz-driven rehearsal in continual learning},
  author={Bonicelli, Lorenzo and Boschini, Matteo and Porrello, Angelo and Spampinato, Concetto and Calderara, Simone},
  journal={Advances in Neural Information Processing Systems},
  volume={35},
  pages={31886--31901},
  year={2022}
}

@article{buzzega2020dark,
  title={Dark experience for general continual learning: a strong, simple baseline},
  author={Buzzega, Pietro and Boschini, Matteo and Porrello, Angelo and Abati, Davide and Calderara, Simone},
  journal={Advances in neural information processing systems},
  volume={33},
  pages={15920--15930},
  year={2020}
}

@inproceedings{caccia2021new,
  title={New Insights on Reducing Abrupt Representation Change in Online Continual Learning},
  author={Caccia, Lucas and Aljundi, Rahaf and Asadi, Nader and Tuytelaars, Tinne and Pineau, Joelle and Belilovsky, Eugene},
  booktitle={International Conference on Learning Representations},
  year={2022}
}

@article{chaudhry2018efficient,
  title={Efficient lifelong learning with a-gem},
  author={Chaudhry, Arslan and Ranzato, Marc'Aurelio and Rohrbach, Marcus and Elhoseiny, Mohamed},
  journal={arXiv preprint arXiv:1812.00420},
  year={2018}
}

@inproceedings{chaudhry2018riemannian,
  title={Riemannian walk for incremental learning: Understanding forgetting and intransigence},
  author={Chaudhry, Arslan and Dokania, Puneet K and Ajanthan, Thalaiyasingam and Torr, Philip HS},
  booktitle={Proceedings of the European conference on computer vision (ECCV)},
  pages={532--547},
  year={2018}
}

@inproceedings{chaudhry2019continual,
  title={Continual learning with tiny episodic memories},
  author={Chaudhry, Arslan and Rohrbach, Marcus and Elhoseiny, Mohamed and Ajanthan, Thalaiyasingam and Dokania, P and Torr, P and Ranzato, M},
  booktitle={Workshop on Multi-Task and Lifelong Reinforcement Learning},
  year={2019}
}

@article{chrysakis2023online,
  title={Online bias correction for task-free continual learning},
  author={Chrysakis, Aristotelis and Moens, Marie-Francine},
  journal={ICLR 2023 at OpenReview},
  year={2023},
  publisher={OpenReview; https://openreview. net/forum? id= 18XzeuYZh\_}
}

@article{kirkpatrick2017overcoming,
  title={Overcoming catastrophic forgetting in neural networks},
  author={Kirkpatrick, James and Pascanu, Razvan and Rabinowitz, Neil and Veness, Joel and Desjardins, Guillaume and Rusu, Andrei A and Milan, Kieran and Quan, John and Ramalho, Tiago and Grabska-Barwinska, Agnieszka and others},
  journal={Proceedings of the national academy of sciences},
  volume={114},
  number={13},
  pages={3521--3526},
  year={2017},
  publisher={National Acad Sciences}
}

@article{li2017learning,
  title={Learning without forgetting},
  author={Li, Zhizhong and Hoiem, Derek},
  journal={IEEE transactions on pattern analysis and machine intelligence},
  volume={40},
  number={12},
  pages={2935--2947},
  year={2017},
  publisher={IEEE}
}

@inproceedings{lomonaco2020rehearsal,
  title={Rehearsal-Free Continual Learning over Small Non-IID Batches.},
  author={Lomonaco, Vincenzo and Maltoni, Davide and Pellegrini, Lorenzo and others},
  booktitle={CVPR Workshops},
  volume={1},
  number={2},
  pages={3},
  year={2020}
}

@article{lopez2017gradient,
  title={Gradient episodic memory for continual learning},
  author={Lopez-Paz, David and Ranzato, Marc'Aurelio},
  journal={Advances in neural information processing systems},
  volume={30},
  year={2017}
}

@inproceedings{prabhu2020gdumb,
  title={Gdumb: A simple approach that questions our progress in continual learning},
  author={Prabhu, Ameya and Torr, Philip HS and Dokania, Puneet K},
  booktitle={Computer Vision--ECCV 2020: 16th European Conference, Glasgow, UK, August 23--28, 2020, Proceedings, Part II 16},
  pages={524--540},
  year={2020},
  organization={Springer}
}

@inproceedings{rebuffi2017icarl,
  title={icarl: Incremental classifier and representation learning},
  author={Rebuffi, Sylvestre-Alvise and Kolesnikov, Alexander and Sperl, Georg and Lampert, Christoph H},
  booktitle={Proceedings of the IEEE conference on Computer Vision and Pattern Recognition},
  pages={2001--2010},
  year={2017}
}

@article{riemer2018learning,
  title={Learning to learn without forgetting by maximizing transfer and minimizing interference},
  author={Riemer, Matthew and Cases, Ignacio and Ajemian, Robert and Liu, Miao and Rish, Irina and Tu, Yuhai and Tesauro, Gerald},
  journal={arXiv preprint arXiv:1810.11910},
  year={2018}
}

@article{shin2017continual,
  title={Continual learning with deep generative replay},
  author={Shin, Hanul and Lee, Jung Kwon and Kim, Jaehong and Kim, Jiwon},
  journal={Advances in neural information processing systems},
  volume={30},
  year={2017}
}

@article{van2019three,
  title={Three scenarios for continual learning},
  author={Van de Ven, Gido M and Tolias, Andreas S},
  journal={arXiv preprint arXiv:1904.07734},
  year={2019}
}

@article{von2019continual,
  title={Continual learning with hypernetworks},
  author={Von Oswald, Johannes and Henning, Christian and Grewe, Benjamin F and Sacramento, Jo{\~a}o},
  journal={arXiv preprint arXiv:1906.00695},
  year={2019}
}

@inproceedings{wang2022foster,
  title={Foster: Feature boosting and compression for class-incremental learning},
  author={Wang, Fu-Yun and Zhou, Da-Wei and Ye, Han-Jia and Zhan, De-Chuan},
  booktitle={European conference on computer vision},
  pages={398--414},
  year={2022},
  organization={Springer}
}

@inproceedings{wu2019large,
  title={Large scale incremental learning},
  author={Wu, Yue and Chen, Yinpeng and Wang, Lijuan and Ye, Yuancheng and Liu, Zicheng and Guo, Yandong and Fu, Yun},
  booktitle={Proceedings of the IEEE/CVF conference on computer vision and pattern recognition},
  pages={374--382},
  year={2019}
}

@article{yoon2017lifelong,
  title={Lifelong learning with dynamically expandable networks},
  author={Yoon, Jaehong and Yang, Eunho and Lee, Jeongtae and Hwang, Sung Ju},
  journal={arXiv preprint arXiv:1708.01547},
  year={2017}
}

@inproceedings{zenke2017continual,
  title={Continual learning through synaptic intelligence},
  author={Zenke, Friedemann and Poole, Ben and Ganguli, Surya},
  booktitle={International conference on machine learning},
  pages={3987--3995},
  year={2017},
  organization={PMLR}
}

