@article{parisi2018long,
  title={Lifelong learning of spatiotemporal representations with dual-memory recurrent self-organization},
  author={Parisi, German I and Tani, Jun and Weber, Cornelius and Wermter, Stefan},
  journal={Frontiers in neurorobotics},
  volume={12},
  pages={78},
  year={2018},
  publisher={Frontiers Media SA}
}
@inproceedings{lomonaco2017core50,
  title={Core50: a new dataset and benchmark for continuous object recognition},
  author={Lomonaco, Vincenzo and Maltoni, Davide},
  booktitle={Conference on robot learning},
  pages={17--26},
  year={2017},
  organization={PMLR}
}
@article{richardson2008critical,
  title={Critical periods and catastrophic interference effects in the development of self-organizing feature maps},
  author={Richardson, Fiona M and Thomas, Michael SC},
  journal={Developmental science},
  volume={11},
  number={3},
  pages={371--389},
  year={2008},
  publisher={Wiley Online Library}
}
@article{he2021towards,
  title={Towards non-iid image classification: A dataset and baselines},
  author={He, Yue and Shen, Zheyan and Cui, Peng},
  journal={Pattern Recognition},
  volume={110},
  pages={107383},
  year={2021},
  publisher={Elsevier}
}
@article{french1999catastrophic,
  title={Catastrophic forgetting in connectionist networks},
  author={French, Robert M},
  journal={Trends in cognitive sciences},
  volume={3},
  number={4},
  pages={128--135},
  year={1999},
  publisher={Elsevier}
}
@incollection{mccloskey1989catastrophic,
  title={Catastrophic interference in connectionist networks: The sequential learning problem},
  author={McCloskey, Michael and Cohen, Neal J},
  booktitle={Psychology of learning and motivation},
  volume={24},
  pages={109--165},
  year={1989},
  publisher={Elsevier}
}
@article{mcclelland1995there,
  title={Why there are complementary learning systems in the hippocampus and neocortex: insights from the successes and failures of connectionist models of learning and memory.},
  author={McClelland, James L and McNaughton, Bruce L and O'Reilly, Randall C},
  journal={Psychological review},
  volume={102},
  number={3},
  pages={419},
  year={1995},
  publisher={American Psychological Association}
}
@article{gepperth2016bio,
  title={A bio-inspired incremental learning architecture for applied perceptual problems},
  author={Gepperth, Alexander and Karaoguz, Cem},
  journal={Cognitive Computation},
  volume={8},
  number={5},
  pages={924--934},
  year={2016},
  publisher={Springer}
}
@article{robins1995catastrophic,
  title={Catastrophic forgetting, rehearsal and pseudorehearsal},
  author={Robins, Anthony},
  journal={Connection Science},
  volume={7},
  number={2},
  pages={123--146},
  year={1995},
  publisher={Taylor \& Francis}
}
@article{rusu2016progressive,
  title={Progressive neural networks},
  author={Rusu, Andrei A and Rabinowitz, Neil C and Desjardins, Guillaume and Soyer, Hubert and Kirkpatrick, James and Kavukcuoglu, Koray and Pascanu, Razvan and Hadsell, Raia},
  journal={arXiv preprint arXiv:1606.04671},
  year={2016}
}
@article{kirkpatrick2017overcoming,
  title={Overcoming catastrophic forgetting in neural networks},
  author={Kirkpatrick, James and Pascanu, Razvan and Rabinowitz, Neil and Veness, Joel and Desjardins, Guillaume and Rusu, Andrei A and Milan, Kieran and Quan, John and Ramalho, Tiago and Grabska-Barwinska, Agnieszka and others},
  journal={Proceedings of the national academy of sciences},
  volume={114},
  number={13},
  pages={3521--3526},
  year={2017},
  publisher={National Acad Sciences}
}
@inproceedings{schwarz2018progress,
  title={Progress \& compress: A scalable framework for continual learning},
  author={Schwarz, Jonathan and Czarnecki, Wojciech and Luketina, Jelena and Grabska-Barwinska, Agnieszka and Teh, Yee Whye and Pascanu, Razvan and Hadsell, Raia},
  booktitle={International conference on machine learning},
  pages={4528--4537},
  year={2018},
  organization={PMLR}
}
@inproceedings{chaudhry2018riemannian,
  title={Riemannian walk for incremental learning: Understanding forgetting and intransigence},
  author={Chaudhry, Arslan and Dokania, Puneet K and Ajanthan, Thalaiyasingam and Torr, Philip HS},
  booktitle={Proceedings of the European conference on computer vision (ECCV)},
  pages={532--547},
  year={2018}
}
@inproceedings{dhar2019learning,
  title={Learning without memorizing},
  author={Dhar, Prithviraj and Singh, Rajat Vikram and Peng, Kuan-Chuan and Wu, Ziyan and Chellappa, Rama},
  booktitle={Proceedings of the IEEE/CVF conference on computer vision and pattern recognition},
  pages={5138--5146},
  year={2019}
}
@article{lopez2017gradient,
  title={Gradient episodic memory for continual learning},
  author={Lopez-Paz, David and Ranzato, Marc'Aurelio},
  journal={Advances in neural information processing systems},
  volume={30},
  year={2017}
}
@article{chaudhry2018efficient,
  title={Efficient lifelong learning with a-gem},
  author={Chaudhry, Arslan and Ranzato, Marc'Aurelio and Rohrbach, Marcus and Elhoseiny, Mohamed},
  journal={arXiv preprint arXiv:1812.00420},
  year={2018}
}
@article{wang2019sentence,
  title={Sentence embedding alignment for lifelong relation extraction},
  author={Wang, Hong and Xiong, Wenhan and Yu, Mo and Guo, Xiaoxiao and Chang, Shiyu and Wang, William Yang},
  journal={arXiv preprint arXiv:1903.02588},
  year={2019}
}
@article{rolnick2019experience,
  title={Experience replay for continual learning},
  author={Rolnick, David and Ahuja, Arun and Schwarz, Jonathan and Lillicrap, Timothy and Wayne, Gregory},
  journal={Advances in neural information processing systems},
  volume={32},
  year={2019}
}
@article{riemer2018learning,
  title={Learning to learn without forgetting by maximizing transfer and minimizing interference},
  author={Riemer, Matthew and Cases, Ignacio and Ajemian, Robert and Liu, Miao and Rish, Irina and Tu, Yuhai and Tesauro, Gerald},
  journal={arXiv preprint arXiv:1810.11910},
  year={2018}
}
@inproceedings{rebuffi2017icarl,
  title={icarl: Incremental classifier and representation learning},
  author={Rebuffi, Sylvestre-Alvise and Kolesnikov, Alexander and Sperl, Georg and Lampert, Christoph H},
  booktitle={Proceedings of the IEEE conference on Computer Vision and Pattern Recognition},
  pages={2001--2010},
  year={2017}
}
@article{li2017learning,
  title={Learning without forgetting},
  author={Li, Zhizhong and Hoiem, Derek},
  journal={IEEE transactions on pattern analysis and machine intelligence},
  volume={40},
  number={12},
  pages={2935--2947},
  year={2017},
  publisher={IEEE}
}
@inproceedings{wu2019large,
  title={Large scale incremental learning},
  author={Wu, Yue and Chen, Yinpeng and Wang, Lijuan and Ye, Yuancheng and Liu, Zicheng and Guo, Yandong and Fu, Yun},
  booktitle={Proceedings of the IEEE/CVF conference on computer vision and pattern recognition},
  pages={374--382},
  year={2019}
}
@article{maltoni2019continuous,
  title={Continuous learning in single-incremental-task scenarios},
  author={Maltoni, Davide and Lomonaco, Vincenzo},
  journal={Neural Networks},
  volume={116},
  pages={56--73},
  year={2019},
  publisher={Elsevier}
}
@inproceedings{lomonaco2020rehearsal,
  title={Rehearsal-Free Continual Learning over Small Non-IID Batches.},
  author={Lomonaco, Vincenzo and Maltoni, Davide and Pellegrini, Lorenzo and others},
  booktitle={CVPR Workshops},
  volume={1},
  number={2},
  pages={3},
  year={2020}
}
@article{van2019three,
  title={Three scenarios for continual learning},
  author={Van de Ven, Gido M and Tolias, Andreas S},
  journal={arXiv preprint arXiv:1904.07734},
  year={2019}
}
@inproceedings{ahn2021ss,
  title={Ss-il: Separated softmax for incremental learning},
  author={Ahn, Hongjoon and Kwak, Jihwan and Lim, Subin and Bang, Hyeonsu and Kim, Hyojun and Moon, Taesup},
  booktitle={Proceedings of the IEEE/CVF International conference on computer vision},
  pages={844--853},
  year={2021}
}
@article{buzzega2020dark,
  title={Dark experience for general continual learning: a strong, simple baseline},
  author={Buzzega, Pietro and Boschini, Matteo and Porrello, Angelo and Abati, Davide and Calderara, Simone},
  journal={Advances in neural information processing systems},
  volume={33},
  pages={15920--15930},
  year={2020}
}
@inproceedings{caccia2021new,
  title={New Insights on Reducing Abrupt Representation Change in Online Continual Learning},
  author={Caccia, Lucas and Aljundi, Rahaf and Asadi, Nader and Tuytelaars, Tinne and Pineau, Joelle and Belilovsky, Eugene},
  booktitle={International Conference on Learning Representations},
  year={2022}
}
@inproceedings{zenke2017continual,
  title={Continual learning through synaptic intelligence},
  author={Zenke, Friedemann and Poole, Ben and Ganguli, Surya},
  booktitle={International conference on machine learning},
  pages={3987--3995},
  year={2017},
  organization={PMLR}
}
@inproceedings{chaudhry2019continual,
  title={Continual learning with tiny episodic memories},
  author={Chaudhry, Arslan and Rohrbach, Marcus and Elhoseiny, Mohamed and Ajanthan, Thalaiyasingam and Dokania, P and Torr, P and Ranzato, M},
  booktitle={Workshop on Multi-Task and Lifelong Reinforcement Learning},
  year={2019}
}
@article{chrysakis2023online,
  title={Online bias correction for task-free continual learning},
  author={Chrysakis, Aristotelis and Moens, Marie-Francine},
  journal={ICLR 2023 at OpenReview},
  year={2023},
  publisher={OpenReview; https://openreview. net/forum? id= 18XzeuYZh\_}
}
@article{aljundi2019online,
  title={Online continual learning with maximal interfered retrieval},
  author={Aljundi, Rahaf and Belilovsky, Eugene and Tuytelaars, Tinne and Charlin, Laurent and Caccia, Massimo and Lin, Min and Page-Caccia, Lucas},
  journal={Advances in neural information processing systems},
  volume={32},
  year={2019}
}
@article{ji2020automatic,
  title={Automatic recall machines: Internal replay, continual learning and the brain},
  author={Ji, Xu and Henriques, Joao and Tuytelaars, Tinne and Vedaldi, Andrea},
  journal={arXiv preprint arXiv:2006.12323},
  year={2020}
}
@article{vitter1985random,
  title={Random sampling with a reservoir},
  author={Vitter, Jeffrey S},
  journal={ACM Transactions on Mathematical Software (TOMS)},
  volume={11},
  number={1},
  pages={37--57},
  year={1985},
  publisher={ACM New York, NY, USA}
}
@article{wang2024comprehensive,
  title={A comprehensive survey of continual learning: theory, method and application},
  author={Wang, Liyuan and Zhang, Xingxing and Su, Hang and Zhu, Jun},
  journal={IEEE Transactions on Pattern Analysis and Machine Intelligence},
  year={2024},
  publisher={IEEE}
}
@article{ring1997child,
  title={CHILD: A first step towards continual learning},
  author={Ring, Mark B},
  journal={Machine Learning},
  volume={28},
  number={1},
  pages={77--104},
  year={1997},
  publisher={Springer}
}
@article{carr2020electronic,
  title={Electronic-structure methods for twisted moir{\'e} layers},
  author={Carr, Stephen and Fang, Shiang and Kaxiras, Efthimios},
  journal={Nature Reviews Materials},
  volume={5},
  number={10},
  pages={748--763},
  year={2020},
  publisher={Nature Publishing Group UK London}
}
@misc{mermillod2013stability,
  title={The stability-plasticity dilemma: Investigating the continuum from catastrophic forgetting to age-limited learning effects},
  author={Mermillod, Martial and Bugaiska, Aur{\'e}lia and Bonin, Patrick},
  journal={Frontiers in psychology},
  volume={4},
  pages={504},
  year={2013},
  publisher={Frontiers Media SA}
}
@inproceedings{pellegrini2020latent,
  title={Latent replay for real-time continual learning},
  author={Pellegrini, Lorenzo and Graffieti, Gabriele and Lomonaco, Vincenzo and Maltoni, Davide},
  booktitle={2020 IEEE/RSJ International Conference on Intelligent Robots and Systems (IROS)},
  pages={10203--10209},
  year={2020},
  organization={IEEE}
}
@inproceedings{isele2018selective,
  title={Selective experience replay for lifelong learning},
  author={Isele, David and Cosgun, Akansel},
  booktitle={Proceedings of the AAAI Conference on Artificial Intelligence},
  volume={32},
  number={1},
  year={2018}
}
@book{jiawei2006data,
  title={Data mining: concepts and techniques},
  author={Jiawei, Han and Micheline, Kamber},
  year={2006},
  publisher={Morgan kaufmann}
}
@article{nairne2003sensory,
  title={Sensory and working memory},
  author={Nairne, James S and Neath, Ian},
  journal={Comprehensive handbook of psychology},
  volume={4},
  pages={423--444},
  year={2003},
  publisher={Wiley New York}
}
@incollection{lomonaco2024architect,
  title={Architect, Regularize and Replay: A Flexible Hybrid Approach for Continual Learning},
  author={Lomonaco, Vincenzo and Pellegrini, Lorenzo and Graffieti, Gabriele and Maltoni, Davide},
  booktitle={Towards Human Brain Inspired Lifelong Learning},
  pages={101--121},
  year={2024},
  publisher={World Scientific}
}
@article{de2021continual,
  title={A continual learning survey: Defying forgetting in classification tasks},
  author={De Lange, Matthias and Aljundi, Rahaf and Masana, Marc and Parisot, Sarah and Jia, Xu and Leonardis, Ale{\v{s}} and Slabaugh, Gregory and Tuytelaars, Tinne},
  journal={IEEE transactions on pattern analysis and machine intelligence},
  volume={44},
  number={7},
  pages={3366--3385},
  year={2021},
  publisher={IEEE}
}
@article{shin2017continual,
  title={Continual learning with deep generative replay},
  author={Shin, Hanul and Lee, Jung Kwon and Kim, Jaehong and Kim, Jiwon},
  journal={Advances in neural information processing systems},
  volume={30},
  year={2017}
}
@article{yoon2017lifelong,
  title={Lifelong learning with dynamically expandable networks},
  author={Yoon, Jaehong and Yang, Eunho and Lee, Jeongtae and Hwang, Sung Ju},
  journal={arXiv preprint arXiv:1708.01547},
  year={2017}
}
@article{von2019continual,
  title={Continual learning with hypernetworks},
  author={Von Oswald, Johannes and Henning, Christian and Grewe, Benjamin F and Sacramento, Jo{\~a}o},
  journal={arXiv preprint arXiv:1906.00695},
  year={2019}
}
@inproceedings{prabhu2020gdumb,
  title={Gdumb: A simple approach that questions our progress in continual learning},
  author={Prabhu, Ameya and Torr, Philip HS and Dokania, Puneet K},
  booktitle={Computer Vision--ECCV 2020: 16th European Conference, Glasgow, UK, August 23--28, 2020, Proceedings, Part II 16},
  pages={524--540},
  year={2020},
  organization={Springer}
}
@inproceedings{guo2023dealing,
  title={Dealing with cross-task class discrimination in online continual learning},
  author={Guo, Yiduo and Liu, Bing and Zhao, Dongyan},
  booktitle={Proceedings of the IEEE/CVF Conference on Computer Vision and Pattern Recognition},
  pages={11878--11887},
  year={2023}
}
@article{lecun2015deep,
  title={Deep learning},
  author={LeCun, Yann and Bengio, Yoshua and Hinton, Geoffrey},
  journal={nature},
  volume={521},
  number={7553},
  pages={436--444},
  year={2015},
  publisher={Nature Publishing Group UK London}
}
@article{krizhevsky2012imagenet,
  title={Imagenet classification with deep convolutional neural networks},
  author={Krizhevsky, Alex and Sutskever, Ilya and Hinton, Geoffrey E},
  journal={Advances in neural information processing systems},
  volume={25},
  year={2012}
}
@inproceedings{soutif2023comprehensive,
  title={A comprehensive empirical evaluation on online continual learning},
  author={Soutif-Cormerais, Albin and Carta, Antonio and Cossu, Andrea and Hurtado, Julio and Lomonaco, Vincenzo and Van de Weijer, Joost and Hemati, Hamed},
  booktitle={Proceedings of the IEEE/CVF International Conference on Computer Vision},
  pages={3518--3528},
  year={2023}
}
@inproceedings{mallya2018packnet,
  title={Packnet: Adding multiple tasks to a single network by iterative pruning},
  author={Mallya, Arun and Lazebnik, Svetlana},
  booktitle={Proceedings of the IEEE conference on Computer Vision and Pattern Recognition},
  pages={7765--7773},
  year={2018}
}
@article{fernando2017pathnet,
  title={Pathnet: Evolution channels gradient descent in super neural networks},
  author={Fernando, Chrisantha and Banarse, Dylan and Blundell, Charles and Zwols, Yori and Ha, David and Rusu, Andrei A and Pritzel, Alexander and Wierstra, Daan},
  journal={arXiv preprint arXiv:1701.08734},
  year={2017}
}
@inproceedings{mallya2018piggyback,
  title={Piggyback: Adapting a single network to multiple tasks by learning to mask weights},
  author={Mallya, Arun and Davis, Dillon and Lazebnik, Svetlana},
  booktitle={Proceedings of the European conference on computer vision (ECCV)},
  pages={67--82},
  year={2018}
}
@article{hurtado2021optimizing,
  title={Optimizing reusable knowledge for continual learning via metalearning},
  author={Hurtado, Julio and Raymond, Alain and Soto, Alvaro},
  journal={Advances in Neural Information Processing Systems},
  volume={34},
  pages={14150--14162},
  year={2021}
}
@article{krizhevsky2009learning,
  title={Learning multiple layers of features from tiny images},
  author={Krizhevsky, Alex and Hinton, Geoffrey and others},
  year={2009},
  publisher={Toronto, ON, Canada}
}
@article{vinyals2016matching,
  title={Matching networks for one shot learning},
  author={Vinyals, Oriol and Blundell, Charles and Lillicrap, Timothy and Wierstra, Daan and others},
  journal={Advances in neural information processing systems},
  volume={29},
  year={2016}
}
@inproceedings{he2024gradient,
  title={Gradient reweighting: Towards imbalanced class-incremental learning},
  author={He, Jiangpeng},
  booktitle={Proceedings of the IEEE/CVF Conference on Computer Vision and Pattern Recognition},
  pages={16668--16677},
  year={2024}
}
@article{sun2019optimization,
  title={Optimization for deep learning: theory and algorithms},
  author={Sun, Ruoyu},
  journal={arXiv preprint arXiv:1912.08957},
  year={2019}
}
@InProceedings{Castro_2018_ECCV,
author = {Castro, Francisco M. and Marin-Jimenez, Manuel J. and Guil, Nicolas and Schmid, Cordelia and Alahari, Karteek},
title = {End-to-End Incremental Learning},
booktitle = {Proceedings of the European Conference on Computer Vision (ECCV)},
month = {September},
year = {2018}
}
@inproceedings{benjaminmeasuring,
  title={Measuring and regularizing networks in function space},
  author={Benjamin, Ari and Rolnick, David and Kording, Konrad},
  booktitle={International Conference on Learning Representations}
}
@article{aljundi2019gradient,
  title={Gradient based sample selection for online continual learning},
  author={Aljundi, Rahaf and Lin, Min and Goujaud, Baptiste and Bengio, Yoshua},
  journal={Advances in neural information processing systems},
  volume={32},
  year={2019}
}
@inproceedings{chaudhry2021using,
  title={Using hindsight to anchor past knowledge in continual learning},
  author={Chaudhry, Arslan and Gordo, Albert and Dokania, Puneet and Torr, Philip and Lopez-Paz, David},
  booktitle={Proceedings of the AAAI conference on artificial intelligence},
  volume={35},
  number={8},
  pages={6993--7001},
  year={2021}
}
@article{boschini2022class,
  title={Class-incremental continual learning into the extended der-verse},
  author={Boschini, Matteo and Bonicelli, Lorenzo and Buzzega, Pietro and Porrello, Angelo and Calderara, Simone},
  journal={IEEE transactions on pattern analysis and machine intelligence},
  volume={45},
  number={5},
  pages={5497--5512},
  year={2022},
  publisher={IEEE}
}
@article{dohare2024loss,
  title={Loss of plasticity in deep continual learning},
  author={Dohare, Shibhansh and Hernandez-Garcia, J Fernando and Lan, Qingfeng and Rahman, Parash and Mahmood, A Rupam and Sutton, Richard S},
  journal={Nature},
  volume={632},
  number={8026},
  pages={768--774},
  year={2024},
  publisher={Nature Publishing Group UK London}
}
@inproceedings{wang2022foster,
  title={Foster: Feature boosting and compression for class-incremental learning},
  author={Wang, Fu-Yun and Zhou, Da-Wei and Ye, Han-Jia and Zhan, De-Chuan},
  booktitle={European conference on computer vision},
  pages={398--414},
  year={2022},
  organization={Springer}
}
@article{bonicelli2022effectiveness,
  title={On the effectiveness of lipschitz-driven rehearsal in continual learning},
  author={Bonicelli, Lorenzo and Boschini, Matteo and Porrello, Angelo and Spampinato, Concetto and Calderara, Simone},
  journal={Advances in Neural Information Processing Systems},
  volume={35},
  pages={31886--31901},
  year={2022}
}
@article{mai2022online,
  title={Online continual learning in image classification: An empirical survey},
  author={Mai, Zheda and Li, Ruiwen and Jeong, Jihwan and Quispe, David and Kim, Hyunwoo and Sanner, Scott},
  journal={Neurocomputing},
  volume={469},
  pages={28--51},
  year={2022},
  publisher={Elsevier}
}
@article{sun2024cecr,
  title={CeCR: Cross-entropy contrastive replay for online class-incremental continual learning},
  author={Sun, Guanglu and Ji, Baolun and Liang, Lili and Chen, Minghui},
  journal={Neural Networks},
  volume={173},
  pages={106163},
  year={2024},
  publisher={Elsevier}
}