@inproceedings{wideanddeep,
  title={Wide \& deep learning for recommender systems},
  author={Cheng, Heng-Tze and Koc, Levent and Harmsen, Jeremiah and Shaked, Tal and Chandra, Tushar and Aradhye, Hrishi and Anderson, Glen and Corrado, Greg and Chai, Wei and Ispir, Mustafa and others},
  booktitle={Proceedings of the 1st workshop on deep learning for recommender systems},
  pages={7--10},
  year={2016}
}

@inproceedings{sasrec,
  title={Self-attentive sequential recommendation},
  author={Kang, Wang-Cheng and McAuley, Julian},
  booktitle={2018 IEEE international conference on data mining (ICDM)},
  pages={197--206},
  year={2018},
  organization={IEEE}
}

@inproceedings{zhang2014explicit,
  title={Explicit factor models for explainable recommendation based on phrase-level sentiment analysis},
  author={Zhang, Yongfeng and Lai, Guokun and Zhang, Min and Zhang, Yi and Liu, Yiqun and Ma, Shaoping},
  booktitle={Proceedings of the 37th international ACM SIGIR conference on Research \& development in information retrieval},
  pages={83--92},
  year={2014}
}

@inproceedings{xie2021deep,
  title={Deep feedback network for recommendation},
  author={Xie, Ruobing and Ling, Cheng and Wang, Yalong and Wang, Rui and Xia, Feng and Lin, Leyu},
  booktitle={Proceedings of the twenty-ninth international conference on international joint conferences on artificial intelligence},
  pages={2519--2525},
  year={2021}
}

@article{CRSsurvey,
  title={Advances and challenges in conversational recommender systems: A survey},
  author={Gao, Chongming and Lei, Wenqiang and He, Xiangnan and de Rijke, Maarten and Chua, Tat-Seng},
  journal={AI open},
  volume={2},
  pages={100--126},
  year={2021},
  publisher={Elsevier}
}

@inproceedings{zhang2018CRS,
  title={Towards conversational search and recommendation: System ask, user respond},
  author={Zhang, Yongfeng and Chen, Xu and Ai, Qingyao and Yang, Liu and Croft, W Bruce},
  booktitle={Proceedings of the 27th acm international conference on information and knowledge management},
  pages={177--186},
  year={2018}
}

@inproceedings{agentcf,
  title={Agentcf: Collaborative learning with autonomous language agents for recommender systems},
  author={Zhang, Junjie and Hou, Yupeng and Xie, Ruobing and Sun, Wenqi and McAuley, Julian and Zhao, Wayne Xin and Lin, Leyu and Wen, Ji-Rong},
  booktitle={Proceedings of the ACM on Web Conference 2024},
  pages={3679--3689},
  year={2024}
}

@inproceedings{generativerecagent,
  title={On generative agents in recommendation},
  author={Zhang, An and Chen, Yuxin and Sheng, Leheng and Wang, Xiang and Chua, Tat-Seng},
  booktitle={Proceedings of the 47th International ACM SIGIR Conference on Research and Development in Information Retrieval},
  pages={1807--1817},
  year={2024}
}

@inproceedings{amazon18dataset,
  title={Justifying recommendations using distantly-labeled reviews and fine-grained aspects},
  author={Ni, Jianmo and Li, Jiacheng and McAuley, Julian},
  booktitle={Proceedings of the 2019 conference on empirical methods in natural language processing and the 9th international joint conference on natural language processing (EMNLP-IJCNLP)},
  pages={188--197},
  year={2019}
}

@inproceedings{steamdataset,
  title={Generating and personalizing bundle recommendations on steam},
  author={Pathak, Apurva and Gupta, Kshitiz and McAuley, Julian},
  booktitle={Proceedings of the 40th International ACM SIGIR Conference on Research and Development in Information Retrieval},
  pages={1073--1076},
  year={2017}
}

@article{gru4rec,
  title={Session-based recommendations with recurrent neural networks},
  author={Hidasi, Bal{\'a}zs and Karatzoglou, Alexandros and Baltrunas, Linas and Tikk, Domonkos},
  journal={arXiv preprint arXiv:1511.06939},
  year={2015}
}

@inproceedings{bert4rec,
  title={BERT4Rec: Sequential recommendation with bidirectional encoder representations from transformer},
  author={Sun, Fei and Liu, Jun and Wu, Jian and Pei, Changhua and Lin, Xiao and Ou, Wenwu and Jiang, Peng},
  booktitle={Proceedings of the 28th ACM international conference on information and knowledge management},
  pages={1441--1450},
  year={2019}
}

@article{ren2024easyrec,
  title={EasyRec: Simple yet Effective Language Models for Recommendation},
  author={Ren, Xubin and Huang, Chao},
  journal={arXiv preprint arXiv:2408.08821},
  year={2024}
}

@misc{bge_embedding,
      title={C-Pack: Packaged Resources To Advance General Chinese Embedding}, 
      author={Shitao Xiao and Zheng Liu and Peitian Zhang and Niklas Muennighoff},
      year={2023},
      eprint={2309.07597},
      archivePrefix={arXiv},
      primaryClass={cs.CL}
}

@article{zhang2018personalizing,
  title={Personalizing dialogue agents: I have a dog, do you have pets too},
  author={Zhang, Saizheng},
  journal={arXiv preprint arXiv:1801.07243},
  year={2018}
}

@inproceedings{park2023generative,
  title={Generative agents: Interactive simulacra of human behavior},
  author={Park, Joon Sung and O'Brien, Joseph and Cai, Carrie Jun and Morris, Meredith Ringel and Liang, Percy and Bernstein, Michael S},
  booktitle={Proceedings of the 36th annual acm symposium on user interface software and technology},
  pages={1--22},
  year={2023}
}

@article{shanahan2023role,
  title={Role play with large language models},
  author={Shanahan, Murray and McDonell, Kyle and Reynolds, Laria},
  journal={Nature},
  volume={623},
  number={7987},
  pages={493--498},
  year={2023},
  publisher={Nature Publishing Group UK London}
}

@article{gpt4,
  title={Gpt-4 technical report},
  author={Achiam, Josh and Adler, Steven and Agarwal, Sandhini and Ahmad, Lama and Akkaya, Ilge and Aleman, Florencia Leoni and Almeida, Diogo and Altenschmidt, Janko and Altman, Sam and Anadkat, Shyamal and others},
  journal={arXiv preprint arXiv:2303.08774},
  year={2023}
}

@article{webagent,
  title={A real-world webagent with planning, long context understanding, and program synthesis},
  author={Gur, Izzeddin and Furuta, Hiroki and Huang, Austin and Safdari, Mustafa and Matsuo, Yutaka and Eck, Douglas and Faust, Aleksandra},
  journal={arXiv preprint arXiv:2307.12856},
  year={2023}
}

@article{mind2web,
  title={Mind2web: Towards a generalist agent for the web},
  author={Deng, Xiang and Gu, Yu and Zheng, Boyuan and Chen, Shijie and Stevens, Sam and Wang, Boshi and Sun, Huan and Su, Yu},
  journal={Advances in Neural Information Processing Systems},
  volume={36},
  year={2024}
}

@article{travelagent,
  title={Travelplanner: A benchmark for real-world planning with language agents},
  author={Xie, Jian and Zhang, Kai and Chen, Jiangjie and Zhu, Tinghui and Lou, Renze and Tian, Yuandong and Xiao, Yanghua and Su, Yu},
  journal={arXiv preprint arXiv:2402.01622},
  year={2024}
}

@article{webshop,
  title={Webshop: Towards scalable real-world web interaction with grounded language agents},
  author={Yao, Shunyu and Chen, Howard and Yang, John and Narasimhan, Karthik},
  journal={Advances in Neural Information Processing Systems},
  volume={35},
  pages={20744--20757},
  year={2022}
}

@article{wang2023recmind,
  title={Recmind: Large language model powered agent for recommendation},
  author={Wang, Yancheng and Jiang, Ziyan and Chen, Zheng and Yang, Fan and Zhou, Yingxue and Cho, Eunah and Fan, Xing and Huang, Xiaojiang and Lu, Yanbin and Yang, Yingzhen},
  journal={arXiv preprint arXiv:2308.14296},
  year={2023}
}

@article{metaRec,
  title={Actions speak louder than words: Trillion-parameter sequential transducers for generative recommendations},
  author={Zhai, Jiaqi and Liao, Lucy and Liu, Xing and Wang, Yueming and Li, Rui and Cao, Xuan and Gao, Leon and Gong, Zhaojie and Gu, Fangda and He, Michael and others},
  journal={arXiv preprint arXiv:2402.17152},
  year={2024}
}

@inproceedings{p5,
  title={Recommendation as language processing (rlp): A unified pretrain, personalized prompt \& predict paradigm (p5)},
  author={Geng, Shijie and Liu, Shuchang and Fu, Zuohui and Ge, Yingqiang and Zhang, Yongfeng},
  booktitle={Proceedings of the 16th ACM Conference on Recommender Systems},
  pages={299--315},
  year={2022}
}

@article{e4srec,
  title={E4srec: An elegant effective efficient extensible solution of large language models for sequential recommendation},
  author={Li, Xinhang and Chen, Chong and Zhao, Xiangyu and Zhang, Yong and Xing, Chunxiao},
  journal={arXiv preprint arXiv:2312.02443},
  year={2023}
}

@inproceedings{xu2024rethinking,
  title={Rethinking cross-domain sequential recommendation under open-world assumptions},
  author={Xu, Wujiang and Wu, Qitian and Wang, Runzhong and Ha, Mingming and Ma, Qiongxu and Chen, Linxun and Han, Bing and Yan, Junchi},
  booktitle={Proceedings of the ACM on Web Conference 2024},
  pages={3173--3184},
  year={2024}
}

@article{slmrec,
  title={Slmrec: empowering small language models for sequential recommendation},
  author={Xu, Wujiang and Wu, Qitian and Liang, Zujie and Han, Jiaojiao and Ning, Xuying and Shi, Yunxiao and Lin, Wenfang and Zhang, Yongfeng},
  journal={arXiv preprint arXiv:2405.17890},
  year={2024}
}

@inproceedings{nmcdr,
  title={Neural node matching for multi-target cross domain recommendation},
  author={Xu, Wujiang and Li, Shaoshuai and Ha, Mingming and Guo, Xiaobo and Ma, Qiongxu and Liu, Xiaolei and Chen, Linxun and Zhu, Zhenfeng},
  booktitle={2023 IEEE 39th International Conference on Data Engineering (ICDE)},
  pages={2154--2166},
  year={2023},
  organization={IEEE}
}
@article{mei2024aios,
  title={AIOS: LLM Agent Operating System},
  author={Mei, Kai and Zhu, Xi and Xu, Wujiang and Hua, Wenyue and Jin, Mingyu and Li, Zelong and Xu, Shuyuan and Ye, Ruosong and Ge, Yingqiang and Zhang, Yongfeng}
  journal={arXiv:2403.16971},
  year={2024}
}
@article{ning2024information,
  title={Information Maximization via Variational Autoencoders for Cross-Domain Recommendation},
  author={Ning, Xuying and Xu, Wujiang and Liu, Xiaolei and Ha, Mingming and Ma, Qiongxu and Li, Youru and Chen, Linxun and Zhang, Yongfeng},
  journal={arXiv preprint arXiv:2405.20710},
  year={2024}
}

@inproceedings{xu2024towards,
  title={Towards open-world cross-domain sequential recommendation: A model-agnostic contrastive denoising approach},
  author={Xu, Wujiang and Ning, Xuying and Lin, Wenfang and Ha, Mingming and Ma, Qiongxu and Liang, Qianqiao and Tao, Xuewen and Chen, Linxun and Han, Bing and Luo, Minnan},
  booktitle={Joint European Conference on Machine Learning and Knowledge Discovery in Databases},
  pages={161--179},
  year={2024},
  organization={Springer}
}

@article{imvae,
  title={Information Maximization via Variational Autoencoders for Cross-Domain Recommendation},
  author={Ning, Xuying and Xu, Wujiang and Liu, Xiaolei and Ha, Mingming and Ma, Qiongxu and Li, Youru and Chen, Linxun and Zhang, Yongfeng},
  journal={arXiv preprint arXiv:2405.20710},
  year={2024}
}

@inproceedings{2018CRS,
  title={Conversational recommender system},
  author={Sun, Yueming and Zhang, Yi},
  booktitle={The 41st international acm sigir conference on research \& development in information retrieval},
  pages={235--244},
  year={2018}
}

@article{react,
  title={React: Synergizing reasoning and acting in language models},
  author={Yao, Shunyu and Zhao, Jeffrey and Yu, Dian and Du, Nan and Shafran, Izhak and Narasimhan, Karthik and Cao, Yuan},
  journal={arXiv preprint arXiv:2210.03629},
  year={2022}
}

@article{huang2023survey,
  title={A survey on hallucination in large language models: Principles, taxonomy, challenges, and open questions},
  author={Huang, Lei and Yu, Weijiang and Ma, Weitao and Zhong, Weihong and Feng, Zhangyin and Wang, Haotian and Chen, Qianglong and Peng, Weihua and Feng, Xiaocheng and Qin, Bing and others},
  journal={arXiv preprint arXiv:2311.05232},
  year={2023}
}

@inproceedings{toolrec,
  title={Let Me Do It For You: Towards LLM Empowered Recommendation via Tool Learning},
  author={Zhao, Yuyue and Wu, Jiancan and Wang, Xiang and Tang, Wei and Wang, Dingxian and de Rijke, Maarten},
  booktitle={Proceedings of the 47th International ACM SIGIR Conference on Research and Development in Information Retrieval},
  pages={1796--1806},
  year={2024}
}

@article{bm25,
  title={The probabilistic relevance framework: BM25 and beyond},
  author={Robertson, Stephen and Zaragoza, Hugo and others},
  journal={Foundations and Trends{\textregistered} in Information Retrieval},
  volume={3},
  number={4},
  pages={333--389},
  year={2009},
  publisher={Now Publishers, Inc.}
}

@inproceedings{qu2019bert,
  title={BERT with history answer embedding for conversational question answering},
  author={Qu, Chen and Yang, Liu and Qiu, Minghui and Croft, W Bruce and Zhang, Yongfeng and Iyyer, Mohit},
  booktitle={Proceedings of the 42nd international ACM SIGIR conference on research and development in information retrieval},
  pages={1133--1136},
  year={2019}
}

@article{LLM+CRSgoogle,
  title={Leveraging large language models in conversational recommender systems},
  author={Friedman, Luke and Ahuja, Sameer and Allen, David and Tan, Zhenning and Sidahmed, Hakim and Long, Changbo and Xie, Jun and Schubiner, Gabriel and Patel, Ajay and Lara, Harsh and others},
  journal={arXiv preprint arXiv:2305.07961},
  year={2023}
}

@article{LLM+CRS2,
  title={A large language model enhanced conversational recommender system},
  author={Feng, Yue and Liu, Shuchang and Xue, Zhenghai and Cai, Qingpeng and Hu, Lantao and Jiang, Peng and Gai, Kun and Sun, Fei},
  journal={arXiv preprint arXiv:2308.06212},
  year={2023}
}

@article{goodreads,
  title={Fine-grained spoiler detection from large-scale review corpora},
  author={Wan, Mengting and Misra, Rishabh and Nakashole, Ndapa and McAuley, Julian},
  journal={arXiv preprint arXiv:1905.13416},
  year={2019}
}

@article{personahub,
  title={Scaling synthetic data creation with 1,000,000,000 personas},
  author={Chan, Xin and Wang, Xiaoyang and Yu, Dian and Mi, Haitao and Yu, Dong},
  journal={arXiv preprint arXiv:2406.20094},
  year={2024}
}

@article{NDCG,
  title={Cumulated gain-based evaluation of IR techniques},
  author={J{\"a}rvelin, Kalervo and Kek{\"a}l{\"a}inen, Jaana},
  journal={ACM Transactions on Information Systems (TOIS)},
  volume={20},
  number={4},
  pages={422--446},
  year={2002},
  publisher={ACM New York, NY, USA}
}

@inproceedings{MRR,
  title={Item-based collaborative filtering recommendation algorithms},
  author={Sarwar, Badrul and Karypis, George and Konstan, Joseph and Riedl, John},
  booktitle={Proceedings of the 10th international conference on World Wide Web},
  pages={285--295},
  year={2001}
}

@inproceedings{e-recommender,
  title={Recommender systems in e-commerce},
  author={Schafer, J Ben and Konstan, Joseph and Riedl, John},
  booktitle={Proceedings of the 1st ACM conference on Electronic commerce},
  pages={158--166},
  year={1999}
}

@article{healthcarerec,
  title={Healthcare information systems: data mining methods in the creation of a clinical recommender system},
  author={Duan, Lian and Street, W Nick and Xu, E},
  journal={Enterprise Information Systems},
  volume={5},
  number={2},
  pages={169--181},
  year={2011},
  publisher={Taylor \& Francis}
}

@inproceedings{financialrec,
  title={Language models for financial news recommendation},
  author={Lavrenko, Victor and Schmill, Matt and Lawrie, Dawn and Ogilvie, Paul and Jensen, David and Allan, James},
  booktitle={Proceedings of the ninth international conference on Information and knowledge management},
  pages={389--396},
  year={2000}
}

@inproceedings{echochamber,
  title={Understanding echo chambers in e-commerce recommender systems},
  author={Ge, Yingqiang and Zhao, Shuya and Zhou, Honglu and Pei, Changhua and Sun, Fei and Ou, Wenwu and Zhang, Yongfeng},
  booktitle={Proceedings of the 43rd international ACM SIGIR conference on research and development in information retrieval},
  pages={2261--2270},
  year={2020}
}

@inproceedings{echochamber2,
  title={Dynamic causal collaborative filtering},
  author={Xu, Shuyuan and Tan, Juntao and Fu, Zuohui and Ji, Jianchao and Heinecke, Shelby and Zhang, Yongfeng},
  booktitle={Proceedings of the 31st ACM International Conference on Information \& Knowledge Management},
  pages={2301--2310},
  year={2022}
}

@inproceedings{fairnessrec,
  title={User-oriented fairness in recommendation},
  author={Li, Yunqi and Chen, Hanxiong and Fu, Zuohui and Ge, Yingqiang and Zhang, Yongfeng},
  booktitle={Proceedings of the web conference 2021},
  pages={624--632},
  year={2021}
}

@article{llmbias,
  title={Lost in the middle: How language models use long contexts},
  author={Liu, Nelson F and Lin, Kevin and Hewitt, John and Paranjape, Ashwin and Bevilacqua, Michele and Petroni, Fabio and Liang, Percy},
  journal={Transactions of the Association for Computational Linguistics},
  volume={12},
  pages={157--173},
  year={2024},
  publisher={MIT Press One Broadway, 12th Floor, Cambridge, Massachusetts 02142, USA~…}
}

@inproceedings{nmcdrhead,
  title={Neural node matching for multi-target cross domain recommendation},
  author={Xu, Wujiang and Li, Shaoshuai and Ha, Mingming and Guo, Xiaobo and Ma, Qiongxu and Liu, Xiaolei and Chen, Linxun and Zhu, Zhenfeng},
  booktitle={2023 IEEE 39th International Conference on Data Engineering (ICDE)},
  pages={2154--2166},
  year={2023},
  organization={IEEE}
}

@article{liu2024lost,
  title={Lost in the middle: How language models use long contexts},
  author={Liu, Nelson F and Lin, Kevin and Hewitt, John and Paranjape, Ashwin and Bevilacqua, Michele and Petroni, Fabio and Liang, Percy},
  journal={Transactions of the Association for Computational Linguistics},
  volume={12},
  pages={157--173},
  year={2024},
  publisher={MIT Press One Broadway, 12th Floor, Cambridge, Massachusetts 02142, USA~…}
}

@article{echoeffect1,
  title={Exposure to ideologically diverse news and opinion on Facebook},
  author={Bakshy, Eytan and Messing, Solomon and Adamic, Lada A},
  journal={Science},
  volume={348},
  number={6239},
  pages={1130--1132},
  year={2015},
  publisher={American Association for the Advancement of Science}
}

@inproceedings{echoeffect2,
  title={Analyzing the impact of filter bubbles on social network polarization},
  author={Chitra, Uthsav and Musco, Christopher},
  booktitle={Proceedings of the 13th International Conference on Web Search and Data Mining},
  pages={115--123},
  year={2020}
}

@inproceedings{echoeffect3,
  title={Political discourse on social media: Echo chambers, gatekeepers, and the price of bipartisanship},
  author={Garimella, Kiran and De Francisci Morales, Gianmarco and Gionis, Aristides and Mathioudakis, Michael},
  booktitle={Proceedings of the 2018 world wide web conference},
  pages={913--922},
  year={2018}
}

@inproceedings{polar1,
  title={Maximizing the diversity of exposure in a social network},
  author={Aslay, Cigdem and Matakos, Antonis and Galbrun, Esther and Gionis, Aristides},
  booktitle={2018 IEEE international conference on data mining (ICDM)},
  pages={863--868},
  year={2018},
  organization={IEEE}
}

@article{polar2,
  title={Diversity, serendipity, novelty, and coverage: a survey and empirical analysis of beyond-accuracy objectives in recommender systems},
  author={Kaminskas, Marius and Bridge, Derek},
  journal={ACM Transactions on Interactive Intelligent Systems (TiiS)},
  volume={7},
  number={1},
  pages={1--42},
  year={2016},
  publisher={ACM New York, NY, USA}
}

@article{polar3,
  title={Diversity in recommender systems--A survey},
  author={Kunaver, Matev{\v{z}} and Po{\v{z}}rl, Toma{\v{z}}},
  journal={Knowledge-based systems},
  volume={123},
  pages={154--162},
  year={2017},
  publisher={Elsevier}
}

@inproceedings{chamberother1,
  title={How algorithmic confounding in recommendation systems increases homogeneity and decreases utility},
  author={Chaney, Allison JB and Stewart, Brandon M and Engelhardt, Barbara E},
  booktitle={Proceedings of the 12th ACM conference on recommender systems},
  pages={224--232},
  year={2018}
}

@inproceedings{chamberother2,
  title={Degenerate feedback loops in recommender systems},
  author={Jiang, Ray and Chiappa, Silvia and Lattimore, Tor and Gy{\"o}rgy, Andr{\'a}s and Kohli, Pushmeet},
  booktitle={Proceedings of the 2019 AAAI/ACM Conference on AI, Ethics, and Society},
  pages={383--390},
  year={2019}
}

@incollection{chamberother3,
  title={Do not blame it on the algorithm: an empirical assessment of multiple recommender systems and their impact on content diversity},
  author={M{\"o}ller, Judith and Trilling, Damian and Helberger, Natali and van Es, Bram},
  booktitle={Digital media, political polarization and challenges to democracy},
  pages={45--63},
  year={2020},
  publisher={Routledge}
}

@inproceedings{chamberotherkdd,
  title={Preference amplification in recommender systems},
  author={Kalimeris, Dimitris and Bhagat, Smriti and Kalyanaraman, Shankar and Weinsberg, Udi},
  booktitle={Proceedings of the 27th ACM SIGKDD Conference on Knowledge Discovery \& Data Mining},
  pages={805--815},
  year={2021}
}

@article{edizel2020fairecsys,
  title={FaiRecSys: mitigating algorithmic bias in recommender systems},
  author={Edizel, Bora and Bonchi, Francesco and Hajian, Sara and Panisson, Andr{\'e} and Tassa, Tamir},
  journal={International Journal of Data Science and Analytics},
  volume={9},
  pages={197--213},
  year={2020},
  publisher={Springer}
}

@Inbook{manupilate,
author="Grisse, Karina",
editor="Genovesi, Sergio
and Kaesling, Katharina
and Robbins, Scott",
title="Recommender Systems, Manipulation and Private Autonomy: How European Civil Law Regulates and Should Regulate Recommender Systems for the Benefit of Private Autonomy",
bookTitle="Recommender Systems: Legal and Ethical Issues",
year="2023",
publisher="Springer International Publishing",
address="Cham",
pages="101--128",
}

@article{nopersonalized,
  title={Unraveling the personalization paradox: The effect of information collection and trust-building strategies on online advertisement effectiveness},
  author={Aguirre, Elizabeth and Mahr, Dominik and Grewal, Dhruv and De Ruyter, Ko and Wetzels, Martin},
  journal={Journal of retailing},
  volume={91},
  number={1},
  pages={34--49},
  year={2015},
  publisher={Elsevier}
}

@inproceedings{patro2020fairrec,
  title={Fairrec: Two-sided fairness for personalized recommendations in two-sided platforms},
  author={Patro, Gourab K and Biswas, Arpita and Ganguly, Niloy and Gummadi, Krishna P and Chakraborty, Abhijnan},
  booktitle={Proceedings of the web conference 2020},
  pages={1194--1204},
  year={2020}
}

@inproceedings{ge2022explainable,
  title={Explainable fairness in recommendation},
  author={Ge, Yingqiang and Tan, Juntao and Zhu, Yan and Xia, Yinglong and Luo, Jiebo and Liu, Shuchang and Fu, Zuohui and Geng, Shijie and Li, Zelong and Zhang, Yongfeng},
  booktitle={Proceedings of the 45th International ACM SIGIR Conference on Research and Development in Information Retrieval},
  pages={681--691},
  year={2022}
}

@article{gemma2b,
  title={Gemma: Open models based on gemini research and technology},
  author={Team, Gemma and Mesnard, Thomas and Hardin, Cassidy and Dadashi, Robert and Bhupatiraju, Surya and Pathak, Shreya and Sifre, Laurent and Rivi{\`e}re, Morgane and Kale, Mihir Sanjay and Love, Juliette and others},
  journal={arXiv preprint arXiv:2403.08295},
  year={2024}
}

@article{apple2.5b,
  title={Apple intelligence foundation language models},
  author={Gunter, Tom and Wang, Zirui and Wang, Chong and Pang, Ruoming and Narayanan, Andy and Zhang, Aonan and Zhang, Bowen and Chen, Chen and Chiu, Chung-Cheng and Qiu, David and others},
  journal={arXiv preprint arXiv:2407.21075},
  year={2024}
}

@article{phi3.8b,
  title={Phi-3 technical report: A highly capable language model locally on your phone},
  author={Abdin, Marah and Jacobs, Sam Ade and Awan, Ammar Ahmad and Aneja, Jyoti and Awadallah, Ahmed and Awadalla, Hany and Bach, Nguyen and Bahree, Amit and Bakhtiari, Arash and Behl, Harkirat and others},
  journal={arXiv preprint arXiv:2404.14219},
  year={2024}
}

@inproceedings{peft-lora,
  title={LoRA: Low-Rank Adaptation of Large Language Models},
  author={Hu, Edward J and Wallis, Phillip and Allen-Zhu, Zeyuan and Li, Yuanzhi and Wang, Shean and Wang, Lu and Chen, Weizhu and others},
  booktitle={International Conference on Learning Representations},
  year={2021}
}

@article{rl-rec,
  title={Reinforcement learning based recommender systems: A survey},
  author={Afsar, M Mehdi and Crump, Trafford and Far, Behrouz},
  journal={ACM Computing Surveys},
  volume={55},
  number={7},
  pages={1--38},
  year={2022},
  publisher={ACM New York, NY}
}

@inproceedings{rl-rec2,
  title={DRN: A deep reinforcement learning framework for news recommendation},
  author={Zheng, Guanjie and Zhang, Fuzheng and Zheng, Zihan and Xiang, Yang and Yuan, Nicholas Jing and Xie, Xing and Li, Zhenhui},
  booktitle={Proceedings of the 2018 world wide web conference},
  pages={167--176},
  year={2018}
}

@inproceedings{rl-rec3,
  title={KERL: A knowledge-guided reinforcement learning model for sequential recommendation},
  author={Wang, Pengfei and Fan, Yu and Xia, Long and Zhao, Wayne Xin and Niu, ShaoZhang and Huang, Jimmy},
  booktitle={Proceedings of the 43rd International ACM SIGIR conference on research and development in Information Retrieval},
  pages={209--218},
  year={2020}
}

@inproceedings{rl-rec4,
  title={Toward Pareto efficient fairness-utility trade-off in recommendation through reinforcement learning},
  author={Ge, Yingqiang and Zhao, Xiaoting and Yu, Lucia and Paul, Saurabh and Hu, Diane and Hsieh, Chu-Cheng and Zhang, Yongfeng},
  booktitle={Proceedings of the fifteenth ACM international conference on web search and data mining},
  pages={316--324},
  year={2022}
}

@inproceedings{wang2024macrec,
  title={MACRec: A Multi-Agent Collaboration Framework for Recommendation},
  author={Wang, Zhefan and Yu, Yuanqing and Zheng, Wendi and Ma, Weizhi and Zhang, Min},
  booktitle={Proceedings of the 47th International ACM SIGIR Conference on Research and Development in Information Retrieval},
  pages={2760--2764},
  year={2024}
}

@article{huang2023recommender,
  title={Recommender ai agent: Integrating large language models for interactive recommendations},
  author={Huang, Xu and Lian, Jianxun and Lei, Yuxuan and Yao, Jing and Lian, Defu and Xie, Xing},
  journal={arXiv preprint arXiv:2308.16505},
  year={2023}
}

@inproceedings{MIND,
  title={Multi-interest network with dynamic routing for recommendation at Tmall},
  author={Li, Chao and Liu, Zhiyuan and Wu, Mengmeng and Xu, Yuchi and Zhao, Huan and Huang, Pipei and Kang, Guoliang and Chen, Qiwei and Li, Wei and Lee, Dik Lun},
  booktitle={Proceedings of the 28th ACM international conference on information and knowledge management},
  pages={2615--2623},
  year={2019}
}

@inproceedings{DIN,
  title={Deep interest network for click-through rate prediction},
  author={Zhou, Guorui and Zhu, Xiaoqiang and Song, Chenru and Fan, Ying and Zhu, Han and Ma, Xiao and Yan, Yanghui and Jin, Junqi and Li, Han and Gai, Kun},
  booktitle={Proceedings of the 24th ACM SIGKDD international conference on knowledge discovery \& data mining},
  pages={1059--1068},
  year={2018}
}

@inproceedings{DIEN,
  title={Deep interest evolution network for click-through rate prediction},
  author={Zhou, Guorui and Mou, Na and Fan, Ying and Pi, Qi and Bian, Weijie and Zhou, Chang and Zhu, Xiaoqiang and Gai, Kun},
  booktitle={Proceedings of the AAAI conference on artificial intelligence},
  volume={33},
  number={01},
  pages={5941--5948},
  year={2019}
}

@article{transformer,
  title={Attention is all you need},
  author={Vaswani, A},
  journal={Advances in Neural Information Processing Systems},
  year={2017}
}

@article{kai-lightlm,
  title={LightLM: a lightweight deep and narrow language model for generative recommendation},
  author={Mei, Kai and Zhang, Yongfeng},
  journal={arXiv preprint arXiv:2310.17488},
  year={2023}
}

@inproceedings{he2020lightgcn,
  title={Lightgcn: Simplifying and powering graph convolution network for recommendation},
  author={He, Xiangnan and Deng, Kuan and Wang, Xiang and Li, Yan and Zhang, Yongdong and Wang, Meng},
  booktitle={Proceedings of the 43rd International ACM SIGIR conference on research and development in Information Retrieval},
  pages={639--648},
  year={2020}
}
