% Use this file for citations not found in the ACL Anthology (contained in "anthology.bib").

@inproceedings{li_emnlp2023,
    title = "Distilling {C}hat{GPT} for Explainable Automated Student Answer Assessment",
    author = "Li, Jiazheng  and
      Gui, Lin  and
      Zhou, Yuxiang  and
      West, David  and
      Aloisi, Cesare  and
      He, Yulan",
    booktitle = "Findings of the Association for Computational Linguistics: EMNLP 2023",
    year = "2023",
    url = "https://aclanthology.org/2023.findings-emnlp.399",
}

@inproceedings{li_emnlp2024,
    title = "Calibrating {LLM}s with Preference Optimization on Thought Trees for Generating Rationale in Science Question Scoring",
    author = "Li, Jiazheng  and
      Xu, Hainiu  and
      Sun, Zhaoyue  and
      Zhou, Yuxiang  and
      West, David  and
      Aloisi, Cesare  and
      He, Yulan",
    booktitle = "Findings of the Association for Computational Linguistics: EMNLP 2024",
    year = "2024",
    url = "https://aclanthology.org/2024.findings-emnlp.313",
}

@inproceedings{sampo,
    title = "Eliminating Biased Length Reliance of Direct Preference Optimization via Down-Sampled {KL} Divergence",
    author = "Lu, Junru  and
      Li, Jiazheng  and
      An, Siyu  and
      Zhao, Meng  and
      He, Yulan  and
      Yin, Di  and
      Sun, Xing",
    booktitle = "Proceedings of the 2024 Conference on Empirical Methods in Natural Language Processing",
    year = "2024",
    url = "https://aclanthology.org/2024.emnlp-main.60",
}

@inproceedings{tyen_acl2024,
    title = "{LLM}s cannot find reasoning errors, but can correct them given the error location",
    author = "Tyen, Gladys  and
      Mansoor, Hassan  and
      Carbune, Victor  and
      Chen, Peter  and
      Mak, Tony",
    booktitle = "Findings of the Association for Computational Linguistics: ACL 2024",
    year = "2024",
    url = "https://aclanthology.org/2024.findings-acl.826",
}

@inproceedings{dpo,
title={Direct Preference Optimization: Your Language Model is Secretly a Reward Model},
author={Rafael Rafailov and Archit Sharma and Eric Mitchell and Christopher D Manning and Stefano Ermon and Chelsea Finn},
booktitle={Thirty-seventh Conference on Neural Information Processing Systems},
year={2023},
url={https://openreview.net/forum?id=HPuSIXJaa9}
}

@inproceedings{Ref_PO,
title={Provably Mitigating Overoptimization in {RLHF}: Your {SFT} Loss is Implicitly an Adversarial Regularizer},
author={Zhihan Liu and Miao Lu and Shenao Zhang and Boyi Liu and Hongyi Guo and Yingxiang Yang and Jose Blanchet and Zhaoran Wang},
booktitle={The Thirty-eighth Annual Conference on Neural Information Processing Systems},
year={2024},
url={https://openreview.net/forum?id=2cQ3lPhkeO}
}

@article{step_dpo,
  title={Step-DPO: Step-wise Preference Optimization for Long-chain Reasoning of LLMs},
  author={Xin Lai and Zhuotao Tian and Yukang Chen and Senqiao Yang and Xiangru Peng and Jiaya Jia},
  journal={ArXiv},
  year={2024},
  volume={abs/2406.18629},
  url={https://api.semanticscholar.org/CorpusID:270764693}
}

@inproceedings{step_value_emnlp2024,
    title = "Step-level Value Preference Optimization for Mathematical Reasoning",
    author = "Chen, Guoxin  and
      Liao, Minpeng  and
      Li, Chengxi  and
      Fan, Kai",
    booktitle = "Findings of the Association for Computational Linguistics: EMNLP 2024",
    year = "2024",
    
    url = "https://aclanthology.org/2024.findings-emnlp.463/",
}

@inproceedings{dpo_drawback,
title={Scaling Laws for Reward Model Overoptimization in Direct Alignment Algorithms},
author={Rafael Rafailov and Yaswanth Chittepu and Ryan Park and Harshit Sikchi and Joey Hejna and W. Bradley Knox and Chelsea Finn and Scott Niekum},
booktitle={The Thirty-eighth Annual Conference on Neural Information Processing Systems},
year={2024},
url={https://openreview.net/forum?id=pf4OuJyn4Q}
}

@inproceedings{yao2023react,
title={ReAct: Synergizing Reasoning and Acting in Language Models},
author={Shunyu Yao and Jeffrey Zhao and Dian Yu and Nan Du and Izhak Shafran and Karthik R Narasimhan and Yuan Cao},
booktitle={The Eleventh International Conference on Learning Representations },
year={2023},
url={https://openreview.net/forum?id=WE_vluYUL-X}
}

@inproceedings{shinn2023reflexion,
title={Reflexion: language agents with verbal reinforcement learning},
author={Noah Shinn and Federico Cassano and Ashwin Gopinath and Karthik R Narasimhan and Shunyu Yao},
booktitle={Thirty-seventh Conference on Neural Information Processing Systems},
year={2023},
url={https://openreview.net/forum?id=vAElhFcKW6}
}

@inproceedings{decomposed_prompting,
title={Decomposed Prompting: A Modular Approach for Solving Complex Tasks},
author={Tushar Khot and Harsh Trivedi and Matthew Finlayson and Yao Fu and Kyle Richardson and Peter Clark and Ashish Sabharwal},
booktitle={The Eleventh International Conference on Learning Representations },
year={2023},
url={https://openreview.net/forum?id=_nGgzQjzaRy}
}

@inproceedings{cot,
title={Chain of Thought Prompting Elicits Reasoning in Large Language Models},
author={Jason Wei and Xuezhi Wang and Dale Schuurmans and Maarten Bosma and brian ichter and Fei Xia and Ed H. Chi and Quoc V Le and Denny Zhou},
booktitle={Advances in Neural Information Processing Systems},
editor={Alice H. Oh and Alekh Agarwal and Danielle Belgrave and Kyunghyun Cho},
year={2022},
url={https://openreview.net/forum?id=_VjQlMeSB_J}
}

@inproceedings{kazemi-etal-2023-lambada,
    title = "{LAMBADA}: Backward Chaining for Automated Reasoning in Natural Language",
    author = "Kazemi, Mehran  and
      Kim, Najoung  and
      Bhatia, Deepti  and
      Xu, Xin  and
      Ramachandran, Deepak",
    booktitle = "Proceedings of the 61st Annual Meeting of the Association for Computational Linguistics (Volume 1: Long Papers)",
    year = "2023",
    
    url = "https://aclanthology.org/2023.acl-long.361/",
}

@inproceedings{Kumar2024TrainingLM,
title={Training Language Models to Self-Correct via Reinforcement Learning},
author={Aviral Kumar and Vincent Zhuang and Rishabh Agarwal and Yi Su and John D. Co-Reyes and Avi Singh and Kate Baumli and Shariq Iqbal and Colton Bishop and Rebecca Roelofs and Lei M. Zhang and Kay McKinney and Disha Shrivastava and Cosmin Paduraru and George Tucker and Doina Precup and Feryal M. P. Behbahani and Aleksandra Faust},
booktitle={The Thirteenth International Conference on Learning Representations},
year={2025},
url={https://openreview.net/forum?id=CjwERcAU7w}
}

@inproceedings{yue-aes-2017,
    title = "Attention-based Recurrent Convolutional Neural Network for Automatic Essay Scoring",
    author = "Dong, Fei  and
      Zhang, Yue  and
      Yang, Jie",
    booktitle = "Proceedings of the 21st Conference on Computational Natural Language Learning ({C}o{NLL} 2017)",
    year = "2017",
    
    url = "https://aclanthology.org/K17-1017"}

@inproceedings{helen-aes-2016,
    title = "Automatic Text Scoring Using Neural Networks",
    author = "Alikaniotis, Dimitrios  and
      Yannakoudakis, Helen  and
      Rei, Marek",
    booktitle = "Proceedings of the 54th Annual Meeting of the Association for Computational Linguistics (Volume 1: Long Papers)",
    year = "2016",
    
    url = "https://aclanthology.org/P16-1068",
    doi = "10.18653/v1/P16-1068",
}

@inproceedings{grading_classification,
author = {Larkey, Leah S.},
title = {Automatic essay grading using text categorization techniques},
year = {1998},
url = {https://doi.org/10.1145/290941.290965},
doi = {10.1145/290941.290965},
booktitle = {Proceedings of the 21st Annual International ACM SIGIR Conference on Research and Development in Information Retrieval},
series = {SIGIR '98}
}


@misc{gpt4,
      title={GPT-4 Technical Report}, 
      author={OpenAI and Achiam, Josh and Adler, Steven and Agarwal, Sandhini and Ahmad, Lama and Akkaya, Ilge and Aleman, Florencia Leoni and Almeida, Diogo and Altenschmidt, Janko and Altman, Sam and Anadkat, Shyamal and others},
      year={2024},
      eprint={2303.08774},
      archivePrefix={arXiv},
      primaryClass={cs.CL}
}

@article{llama3,
  title={Llama 3 Model Card},
  author={AI@Meta},
  year={2024},
  url = {https://github.com/meta-llama/llama3/blob/main/MODEL_CARD.md}
}


@inproceedings{instruct_following,
	author = {Ouyang, Long and Wu, Jeffrey and Jiang, Xu and Almeida, Diogo and Wainwright, Carroll and Mishkin, Pamela and Zhang, Chong and Agarwal, Sandhini and Slama, Katarina and Ray, Alex and Schulman, John and Hilton, Jacob and Kelton, Fraser and Miller, Luke and Simens, Maddie and Askell, Amanda and Welinder, Peter and Christiano, Paul F and Leike, Jan and Lowe, Ryan},
	booktitle = {Advances in Neural Information Processing Systems},
	title = {Training language models to follow instructions with human feedback},
	url = {https://proceedings.neurips.cc/paper_files/paper/2022/file/b1efde53be364a73914f58805a001731-Paper-Conference.pdf},
	year = {2022}
}

@article{openai_selfcritic,
  title={Self-critiquing models for assisting human evaluators},
  author={William Saunders and Catherine Yeh and Jeff Wu and Steven Bills and Ouyang Long and Jonathan Ward and Jan Leike},
  journal={ArXiv},
  year={2022},
  volume={abs/2206.05802},
  url={https://api.semanticscholar.org/CorpusID:249626555}
}


@inproceedings{debertav3,
title={De{BERT}aV3: Improving De{BERT}a using {ELECTRA}-Style Pre-Training with Gradient-Disentangled Embedding Sharing},
author={Pengcheng He and Jianfeng Gao and Weizhu Chen},
booktitle={The Eleventh International Conference on Learning Representations },
year={2023},
url={https://openreview.net/forum?id=sE7-XhLxHA}
}

@inproceedings{bert_classifer_aes,
    title = "Should You Fine-Tune {BERT} for Automated Essay Scoring?",
    author = "Mayfield, Elijah  and
      Black, Alan W",
    booktitle = "Proceedings of the Fifteenth Workshop on Innovative Use of NLP for Building Educational Applications",
    year = "2020",
    
    url = "https://aclanthology.org/2020.bea-1.15"
}


@misc{asap-aes,
    author = {Ben Hamner and Jaison Morgan and Mark Shermis Lynnvandev and Tom Vander Ark},
    title = {The Hewlett Foundation: Automated Essay Scoring},
    publisher = {Kaggle},
    year = {2012},
    url = {https://kaggle.com/competitions/asap-aes}
}

@inproceedings{Jiang2024BridgingAM,
title={Bridging and Modeling Correlations in Pairwise Data for Direct Preference Optimization},
author={Yuxin Jiang and Bo Huang and Yufei Wang and Xingshan Zeng and Liangyou Li and Yasheng Wang and Xin Jiang and Lifeng Shang and Ruiming Tang and Wei Wang},
booktitle={The Thirteenth International Conference on Learning Representations},
year={2025},
url={https://openreview.net/forum?id=hRwxZmcvW9}
}

@article{Yin2024RelativePO,
  title={Relative Preference Optimization: Enhancing LLM Alignment through Contrasting Responses across Identical and Diverse Prompts},
  author={Yueqin Yin and Zhendong Wang and Yi Gu and Hai Huang and Weizhu Chen and Mingyuan Zhou},
  journal={ArXiv},
  year={2024},
  volume={abs/2402.10958},
  url={https://api.semanticscholar.org/CorpusID:267751195}
}

@article{bt,
 ISSN = {00063444},
 URL = {http://www.jstor.org/stable/2334029},
 author = {Ralph Allan Bradley and Milton E. Terry},
 journal = {Biometrika},
 publisher = {[Oxford University Press, Biometrika Trust]},
 title = {Rank Analysis of Incomplete Block Designs: I. The Method of Paired Comparisons},
 year = {1952}
}

@article{Lu2024StepControlledDL,
  title={Step-Controlled DPO: Leveraging Stepwise Error for Enhanced Mathematical Reasoning},
  author={Zimu Lu and Aojun Zhou and Ke Wang and Houxing Ren and Weikang Shi and Junting Pan and Mingjie Zhan},
  journal={ArXiv},
  year={2024},
  volume={abs/2407.00782},
  url={https://api.semanticscholar.org/CorpusID:270870733}
}

@inproceedings{pang2024iterativereasoningpreferenceoptimization,
title={Iterative Reasoning Preference Optimization},
author={Richard Yuanzhe Pang and Weizhe Yuan and He He and Kyunghyun Cho and Sainbayar Sukhbaatar and Jason E Weston},
booktitle={The Thirty-eighth Annual Conference on Neural Information Processing Systems},
year={2024},
url={https://openreview.net/forum?id=4XIKfvNYvx}
}

@inproceedings{
welleck2023generating,
title={Generating Sequences by Learning to Self-Correct},
author={Sean Welleck and Ximing Lu and Peter West and Faeze Brahman and Tianxiao Shen and Daniel Khashabi and Yejin Choi},
booktitle={The Eleventh International Conference on Learning Representations },
year={2023},
url={https://openreview.net/forum?id=hH36JeQZDaO}
}

@inproceedings{
liu2024best,
title={Best Practices and Lessons Learned on Synthetic Data},
author={Ruibo Liu and Jerry Wei and Fangyu Liu and Chenglei Si and Yanzhe Zhang and Jinmeng Rao and Steven Zheng and Daiyi Peng and Diyi Yang and Denny Zhou and Andrew M. Dai},
booktitle={First Conference on Language Modeling},
year={2024},
url={https://openreview.net/forum?id=OJaWBhh61C}
}

@inproceedings{OpenAIDeliberativeAR,
  title={Deliberative Alignment: Reasoning Enables Safer Language Models},
  author={Melody Y. Guan and Manas R. Joglekar and Eric Wallace and Saachi Jain and Boaz Barak and Alec Helyar and Rachel Dias and Andrea Vallone and Hongyu Ren and Jason Wei and Hyung Won Chung and Sam Toyer and Jo-hannes Heidecke and Alex Beutel and Amelia Glaese},
  year={2024},
  url={https://api.semanticscholar.org/CorpusID:274982908}
}

@inproceedings{selfrefine,
title={Self-Refine: Iterative Refinement with Self-Feedback},
author={Aman Madaan and Niket Tandon and Prakhar Gupta and Skyler Hallinan and Luyu Gao and Sarah Wiegreffe and Uri Alon and Nouha Dziri and Shrimai Prabhumoye and Yiming Yang and Shashank Gupta and Bodhisattwa Prasad Majumder and Katherine Hermann and Sean Welleck and Amir Yazdanbakhsh and Peter Clark},
booktitle={Thirty-seventh Conference on Neural Information Processing Systems},
year={2023},
url={https://openreview.net/forum?id=S37hOerQLB}
}

@InProceedings{Rupprecht_2018_CVPR,
author = {Rupprecht, Christian and Laina, Iro and Navab, Nassir and Hager, Gregory D. and Tombari, Federico},
title = {Guide Me: Interacting With Deep Networks},
booktitle = {Proceedings of the IEEE Conference on Computer Vision and Pattern Recognition (CVPR)},
month = {June},
year = {2018}
}

@article{Bai2022ConstitutionalAH,
  title={Constitutional AI: Harmlessness from AI Feedback},
  author={Yuntao Bai and Saurav Kadavath and Sandipan Kundu and Amanda Askell and John Kernion and Andy Jones and Anna Chen and Anna Goldie and Azalia Mirhoseini and Cameron McKinnon and Carol Chen and Catherine Olsson and Christopher Olah and Danny Hernandez and Dawn Drain and Deep Ganguli and Dustin Li and Eli Tran-Johnson and E Perez and Jamie Kerr and Jared Mueller and Jeff Ladish and J Landau and Kamal Ndousse and Kamilė Lukoiūtė and Liane Lovitt and Michael Sellitto and Nelson Elhage and Nicholas Schiefer and Noem'i Mercado and Nova Dassarma and Robert Lasenby and Robin Larson and Sam Ringer and Scott Johnston and Shauna Kravec and Sheer El Showk and Stanislav Fort and Tamera Lanham and Timothy Telleen-Lawton and Tom Conerly and Tom Henighan and Tristan Hume and Sam Bowman and Zac Hatfield-Dodds and Benjamin Mann and Dario Amodei and Nicholas Joseph and Sam McCandlish and Tom B. Brown and Jared Kaplan},
  journal={ArXiv},
  year={2022},
  volume={abs/2212.08073},
  url={https://api.semanticscholar.org/CorpusID:254823489}
}

@inproceedings{wei-jie-etal-2024-interpretable,
    title = "How Interpretable are Reasoning Explanations from Prompting Large Language Models?",
    author = "Wei Jie, Yeo  and
      Satapathy, Ranjan  and
      Goh, Rick  and
      Cambria, Erik",
    booktitle = "Findings of the Association for Computational Linguistics: NAACL 2024",
    year = "2024",
    
    url = "https://aclanthology.org/2024.findings-naacl.138/",
}

@inproceedings{kim2023language,
title={Language Models can Solve Computer Tasks},
author={Geunwoo Kim and Pierre Baldi and Stephen Marcus McAleer},
booktitle={Thirty-seventh Conference on Neural Information Processing Systems},
year={2023},
url={https://openreview.net/forum?id=M6OmjAZ4CX}
}

@inproceedings{tot,
title={Tree of Thoughts: Deliberate Problem Solving with Large Language Models},
author={Shunyu Yao and Dian Yu and Jeffrey Zhao and Izhak Shafran and Thomas L. Griffiths and Yuan Cao and Karthik R Narasimhan},
booktitle={Thirty-seventh Conference on Neural Information Processing Systems},
year={2023},
url={https://openreview.net/forum?id=5Xc1ecxO1h}
}

@inproceedings{lightman2024lets,
title={Let's Verify Step by Step},
author={Hunter Lightman and Vineet Kosaraju and Yuri Burda and Harrison Edwards and Bowen Baker and Teddy Lee and Jan Leike and John Schulman and Ilya Sutskever and Karl Cobbe},
booktitle={The Twelfth International Conference on Learning Representations},
year={2024},
url={https://openreview.net/forum?id=v8L0pN6EOi}
}

@inproceedings{wang-etal-2024-math,
    title = "Math-Shepherd: Verify and Reinforce {LLM}s Step-by-step without Human Annotations",
    author = "Wang, Peiyi  and
      Li, Lei  and
      Shao, Zhihong  and
      Xu, Runxin  and
      Dai, Damai  and
      Li, Yifei  and
      Chen, Deli  and
      Wu, Yu  and
      Sui, Zhifang",
    booktitle = "Proceedings of the 62nd Annual Meeting of the Association for Computational Linguistics (Volume 1: Long Papers)",
    year = "2024",
    url = "https://aclanthology.org/2024.acl-long.510/",
}

@inproceedings{Huang2023LargeLM,
title={Large Language Models Cannot Self-Correct Reasoning Yet},
author={Jie Huang and Xinyun Chen and Swaroop Mishra and Huaixiu Steven Zheng and Adams Wei Yu and Xinying Song and Denny Zhou},
booktitle={The Twelfth International Conference on Learning Representations},
year={2024},
url={https://openreview.net/forum?id=IkmD3fKBPQ}
}

@inproceedings{li-etal-2024-hindsight,
    title = "When Hindsight is Not 20/20: Testing Limits on Reflective Thinking in Large Language Models",
    author = "Li, Yanhong  and
      Yang, Chenghao  and
      Ettinger, Allyson",
    booktitle = "Findings of the Association for Computational Linguistics: NAACL 2024",
    year = "2024",
    url = "https://aclanthology.org/2024.findings-naacl.237/",
}

@article{Leike2018ScalableAA,
  title={Scalable agent alignment via reward modeling: a research direction},
  author={Jan Leike and David Krueger and Tom Everitt and Miljan Martic and Vishal Maini and Shane Legg},
  journal={ArXiv},
  year={2018},
  volume={abs/1811.07871},
  url={https://api.semanticscholar.org/CorpusID:53745764}
}

@misc{qwen2.5,
    title = {Qwen2.5: A Party of Foundation Models},
    url = {https://qwenlm.github.io/blog/qwen2.5/},
    author = {QwenTeam},
    month = {September},
    year = {2024}
}

@inproceedings{qwen2_5_report,
  title={Qwen2.5 Technical Report},
  author={Qwen and An Yang and Baosong Yang and Beichen Zhang and Binyuan Hui and Bo Zheng and Bowen Yu and Chengyuan Li and Dayiheng Liu and Fei Huang and Haoran Wei and Huan Lin and Jian Yang and Jianhong Tu and Jianwei Zhang and Jianxin Yang and Jiaxin Yang and Jingren Zhou and Junyang Lin and Kai Dang and Keming Lu and Keqin Bao and Kexin Yang and Le Yu and Mei Li and Mingfeng Xue and Pei Zhang and Qin Zhu and Rui Men and Runji Lin and Tianhao Li and Tingyu Xia and Xingzhang Ren and Xuancheng Ren and Yang Fan and Yang Su and Yi-Chao Zhang and Yunyang Wan and Yuqi Liu and Zeyu Cui and Zhenru Zhang and Zihan Qiu and Shanghaoran Quan},
  year={2024},
  url={https://api.semanticscholar.org/CorpusID:274859421}
}


@inproceedings{chowdhury2024provably,
author = {Chowdhury, Sayak Ray and Kini, Anush and Natarajan, Nagarajan},
title = {Provably robust DPO: aligning language models with noisy feedback},
year = {2024},
booktitle = {Proceedings of the 41st International Conference on Machine Learning}
}

@misc{mitchell2023note,
  title={A note on dpo with noisy preferences \& relationship to ipo},
  author={Mitchell, Eric},
  year={2023}
}

@inproceedings{tong-etal-2024-llms,
    title = "Can {LLM}s Learn from Previous Mistakes? Investigating {LLM}s' Errors to Boost for Reasoning",
    author = "Tong, Yongqi  and
      Li, Dawei  and
      Wang, Sizhe  and
      Wang, Yujia  and
      Teng, Fei  and
      Shang, Jingbo",
    booktitle = "Proceedings of the 62nd Annual Meeting of the Association for Computational Linguistics (Volume 1: Long Papers)",
    year = "2024",
    url = "https://aclanthology.org/2024.acl-long.169/",
}

@inproceedings{tyen-etal-2024-llms,
    title = "{LLM}s cannot find reasoning errors, but can correct them given the error location",
    author = "Tyen, Gladys  and
      Mansoor, Hassan  and
      Carbune, Victor  and
      Chen, Peter  and
      Mak, Tony",
    booktitle = "Findings of the Association for Computational Linguistics: ACL 2024",
    year = "2024",
    url = "https://aclanthology.org/2024.findings-acl.826/",
}

@article{kamoi-etal-2024-llms,
    title = "When Can {LLM}s Actually Correct Their Own Mistakes? A Critical Survey of Self-Correction of {LLM}s",
    author = "Kamoi, Ryo  and
      Zhang, Yusen  and
      Zhang, Nan  and
      Han, Jiawei  and
      Zhang, Rui",
    journal = "Transactions of the Association for Computational Linguistics",
    year = "2024",
    url = "https://aclanthology.org/2024.tacl-1.78/",
}

@inproceedings{ipo,
  author       = {Mohammad Gheshlaghi Azar and
                  Zhaohan Daniel Guo and
                  Bilal Piot and
                  R{\'{e}}mi Munos and
                  Mark Rowland and
                  Michal Valko and
                  Daniele Calandriello},
  title        = {A General Theoretical Paradigm to Understand Learning from Human Preferences},
  booktitle    = {International Conference on Artificial Intelligence and Statistics},
  year         = {2024},
  url          = {https://proceedings.mlr.press/v238/gheshlaghi-azar24a.html}
}

@inproceedings{zheng-etal-2024-llamafactory,
    title = "{L}lama{F}actory: Unified Efficient Fine-Tuning of 100+ Language Models",
    author = "Zheng, Yaowei  and
      Zhang, Richong  and
      Zhang, Junhao  and
      Ye, Yanhan  and
      Luo, Zheyan",
    booktitle = "Proceedings of the 62nd Annual Meeting of the Association for Computational Linguistics (Volume 3: System Demonstrations)",
    year = "2024",
    url = "https://aclanthology.org/2024.acl-demos.38/",
}

@inproceedings{kwon2023efficient,
  title={Efficient Memory Management for Large Language Model Serving with PagedAttention},
  author={Woosuk Kwon and Zhuohan Li and Siyuan Zhuang and Ying Sheng and Lianmin Zheng and Cody Hao Yu and Joseph E. Gonzalez and Hao Zhang and Ion Stoica},
  booktitle={Proceedings of the ACM SIGOPS 29th Symposium on Operating Systems Principles},
  year={2023}
}

@inproceedings{taghipour-ng-2016-neural,
    title = "A Neural Approach to Automated Essay Scoring",
    author = "Taghipour, Kaveh  and
      Ng, Hwee Tou",
    booktitle = "Proceedings of the 2016 Conference on Empirical Methods in Natural Language Processing",
    year = "2016",
    
    url = "https://aclanthology.org/D16-1193",
    doi = "10.18653/v1/D16-1193",
}

@inproceedings{dong-zhang-2016-automatic,
    title = "Automatic Features for Essay Scoring {--} An Empirical Study",
    author = "Dong, Fei  and
      Zhang, Yue",
    booktitle = "Proceedings of the 2016 Conference on Empirical Methods in Natural Language Processing",
    year = "2016",
    
    url = "https://aclanthology.org/D16-1115",
    doi = "10.18653/v1/D16-1115",
}

@inproceedings{bert_feature,
	author = {Vanga, Roopchand Reddy and Sindhu, C. and Bharath, M. S. and Reddy, T. Charandeep and Kanneganti, Meghana},
	booktitle = {ICT Infrastructure and Computing},
	title = {Autograder: A Feature-Based Quantitative Essay Grading System Using BERT},
	year = {2023}}

@inproceedings{yang-etal-2020-enhancing,
    title = "Enhancing Automated Essay Scoring Performance via Fine-tuning Pre-trained Language Models with Combination of Regression and Ranking",
    author = "Yang, Ruosong  and
      Cao, Jiannong  and
      Wen, Zhiyuan  and
      Wu, Youzheng  and
      He, Xiaodong",
    booktitle = "Findings of the Association for Computational Linguistics: EMNLP 2020",
    year = "2020",
    
    url = "https://aclanthology.org/2020.findings-emnlp.141",
    doi = "10.18653/v1/2020.findings-emnlp.141",
}

@inproceedings{
chen2024teaching,
title={Teaching Large Language Models to Self-Debug},
author={Xinyun Chen and Maxwell Lin and Nathanael Sch{\"a}rli and Denny Zhou},
booktitle={The Twelfth International Conference on Learning Representations},
year={2024},
url={https://openreview.net/forum?id=KuPixIqPiq}
}

@inproceedings{jiang-etal-2023-active,
    title = "Active Retrieval Augmented Generation",
    author = "Jiang, Zhengbao  and
      Xu, Frank  and
      Gao, Luyu  and
      Sun, Zhiqing  and
      Liu, Qian  and
      Dwivedi-Yu, Jane  and
      Yang, Yiming  and
      Callan, Jamie  and
      Neubig, Graham",
    booktitle = "Proceedings of the 2023 Conference on Empirical Methods in Natural Language Processing",
    year = "2023",
    url = "https://aclanthology.org/2023.emnlp-main.495/",
}

@inproceedings{
chen2024can,
title={Can {LLM}-Generated Misinformation Be Detected?},
author={Canyu Chen and Kai Shu},
booktitle={The Twelfth International Conference on Learning Representations},
year={2024},
url={https://openreview.net/forum?id=ccxD4mtkTU}
}

@inproceedings{
kamoi2024evaluating,
title={Evaluating {LLM}s at Detecting Errors in {LLM} Responses},
author={Ryo Kamoi and Sarkar Snigdha Sarathi Das and Renze Lou and Jihyun Janice Ahn and Yilun Zhao and Xiaoxin Lu and Nan Zhang and Yusen Zhang and Haoran Ranran Zhang and Sujeeth Reddy Vummanthala and Salika Dave and Shaobo Qin and Arman Cohan and Wenpeng Yin and Rui Zhang},
booktitle={First Conference on Language Modeling},
year={2024},
url={https://openreview.net/forum?id=dnwRScljXr}
}

@inproceedings{akyurek-etal-2023-rl4f,
    title = "{RL}4{F}: Generating Natural Language Feedback with Reinforcement Learning for Repairing Model Outputs",
    author = "Akyurek, Afra Feyza  and
      Akyurek, Ekin  and
      Kalyan, Ashwin  and
      Clark, Peter  and
      Wijaya, Derry Tanti  and
      Tandon, Niket",
    booktitle = "Proceedings of the 61st Annual Meeting of the Association for Computational Linguistics (Volume 1: Long Papers)",
    year = "2023",
    
    url = "https://aclanthology.org/2023.acl-long.427/",
}

@inproceedings{paul-etal-2024-refiner,
    title = "{REFINER}: Reasoning Feedback on Intermediate Representations",
    author = "Paul, Debjit  and
      Ismayilzada, Mete  and
      Peyrard, Maxime  and
      Borges, Beatriz  and
      Bosselut, Antoine  and
      West, Robert  and
      Faltings, Boi",
    booktitle = "Proceedings of the 18th Conference of the European Chapter of the Association for Computational Linguistics (Volume 1: Long Papers)",
    year = "2024",
    
    url = "https://aclanthology.org/2024.eacl-long.67/",
}

@inproceedings{Snell2024ScalingLT,
title={Scaling Test-Time Compute Optimally Can be More Effective than Scaling {LLM} Parameters},
author={Charlie Snell and Jaehoon Lee and Kelvin Xu and Aviral Kumar},
booktitle={The Thirteenth International Conference on Learning Representations},
year={2025},
url={https://openreview.net/forum?id=4FWAwZtd2n}
}

@inproceedings{dong-etal-2024-pace,
    title = "{PACE}: Improving Prompt with Actor-Critic Editing for Large Language Model",
    author = "Dong, Yihong  and
      Luo, Kangcheng  and
      Jiang, Xue  and
      Jin, Zhi  and
      Li, Ge",
    booktitle = "Findings of the Association for Computational Linguistics: ACL 2024",
    year = "2024",
    publisher = "Association for Computational Linguistics",
    url = "https://aclanthology.org/2024.findings-acl.436/",
}

@inproceedings{
li2023overprompt,
title={OverPrompt: Enhancing Chat{GPT} through Efficient In-Context Learning},
author={Jiazheng Li and Runcong Zhao and Yongxin Yang and Yulan He and Lin Gui},
booktitle={R0-FoMo:Robustness of Few-shot and Zero-shot Learning in Large Foundation Models},
year={2023},
url={https://openreview.net/forum?id=7jmtHtv9Ch}
}


@article{aaai_demo,
	author={Jiazheng Li and Artem Bobrov and David West and Cesare Aloisi and Yulan He},
	journal = {Proceedings of the AAAI Conference on Artificial Intelligence},
	title = {An Automated Explainable Educational Assessment System Built on LLMs},
	year = {2025}}


@inproceedings{li-uncertainty-interpretation,
    title={{CUE}: An Uncertainty Interpretation Framework for Text Classifiers Built on Pre-Trained Language Models},
    author={Jiazheng Li and Zhaoyue Sun and Bin Liang and Lin Gui and Yulan He},
    booktitle={The 39th Conference on Uncertainty in Artificial Intelligence},
    year={2023},
    url={https://openreview.net/forum?id=1G_WUgM1pnm}
}

@inproceedings{zhou-etal-2024-mystery,
    title = "The Mystery of In-Context Learning: A Comprehensive Survey on Interpretation and Analysis",
    author = "Zhou, Yuxiang  and
      Li, Jiazheng  and
      Xiang, Yanzheng  and
      Yan, Hanqi  and
      Gui, Lin  and
      He, Yulan",
    booktitle = "Proceedings of the 2024 Conference on Empirical Methods in Natural Language Processing",
    year = "2024",
}