@inproceedings{Huang2023LargeLM,
title={Large Language Models Cannot Self-Correct Reasoning Yet},
author={Jie Huang and Xinyun Chen and Swaroop Mishra and Huaixiu Steven Zheng and Adams Wei Yu and Xinying Song and Denny Zhou},
booktitle={The Twelfth International Conference on Learning Representations},
year={2024},
url={https://openreview.net/forum?id=IkmD3fKBPQ}
}

@article{aaai_demo,
	author={Jiazheng Li and Artem Bobrov and David West and Cesare Aloisi and Yulan He},
	journal = {Proceedings of the AAAI Conference on Artificial Intelligence},
	title = {An Automated Explainable Educational Assessment System Built on LLMs},
	year = {2025}}

@inproceedings{akyurek-etal-2023-rl4f,
    title = "{RL}4{F}: Generating Natural Language Feedback with Reinforcement Learning for Repairing Model Outputs",
    author = "Akyurek, Afra Feyza  and
      Akyurek, Ekin  and
      Kalyan, Ashwin  and
      Clark, Peter  and
      Wijaya, Derry Tanti  and
      Tandon, Niket",
    booktitle = "Proceedings of the 61st Annual Meeting of the Association for Computational Linguistics (Volume 1: Long Papers)",
    year = "2023",
    
    url = "https://aclanthology.org/2023.acl-long.427/",
}

@inproceedings{bert_feature,
	author = {Vanga, Roopchand Reddy and Sindhu, C. and Bharath, M. S. and Reddy, T. Charandeep and Kanneganti, Meghana},
	booktitle = {ICT Infrastructure and Computing},
	title = {Autograder: A Feature-Based Quantitative Essay Grading System Using BERT},
	year = {2023}}

@inproceedings{dong-zhang-2016-automatic,
    title = "Automatic Features for Essay Scoring {--} An Empirical Study",
    author = "Dong, Fei  and
      Zhang, Yue",
    booktitle = "Proceedings of the 2016 Conference on Empirical Methods in Natural Language Processing",
    year = "2016",
    
    url = "https://aclanthology.org/D16-1115",
    doi = "10.18653/v1/D16-1115",
}

@inproceedings{grading_classification,
author = {Larkey, Leah S.},
title = {Automatic essay grading using text categorization techniques},
year = {1998},
url = {https://doi.org/10.1145/290941.290965},
doi = {10.1145/290941.290965},
booktitle = {Proceedings of the 21st Annual International ACM SIGIR Conference on Research and Development in Information Retrieval},
series = {SIGIR '98}
}

@inproceedings{helen-aes-2016,
    title = "Automatic Text Scoring Using Neural Networks",
    author = "Alikaniotis, Dimitrios  and
      Yannakoudakis, Helen  and
      Rei, Marek",
    booktitle = "Proceedings of the 54th Annual Meeting of the Association for Computational Linguistics (Volume 1: Long Papers)",
    year = "2016",
    
    url = "https://aclanthology.org/P16-1068",
    doi = "10.18653/v1/P16-1068",
}

@inproceedings{jiang-etal-2023-active,
    title = "Active Retrieval Augmented Generation",
    author = "Jiang, Zhengbao  and
      Xu, Frank  and
      Gao, Luyu  and
      Sun, Zhiqing  and
      Liu, Qian  and
      Dwivedi-Yu, Jane  and
      Yang, Yiming  and
      Callan, Jamie  and
      Neubig, Graham",
    booktitle = "Proceedings of the 2023 Conference on Empirical Methods in Natural Language Processing",
    year = "2023",
    url = "https://aclanthology.org/2023.emnlp-main.495/",
}

@article{kamoi-etal-2024-llms,
    title = "When Can {LLM}s Actually Correct Their Own Mistakes? A Critical Survey of Self-Correction of {LLM}s",
    author = "Kamoi, Ryo  and
      Zhang, Yusen  and
      Zhang, Nan  and
      Han, Jiawei  and
      Zhang, Rui",
    journal = "Transactions of the Association for Computational Linguistics",
    year = "2024",
    url = "https://aclanthology.org/2024.tacl-1.78/",
}

@inproceedings{kim2023language,
title={Language Models can Solve Computer Tasks},
author={Geunwoo Kim and Pierre Baldi and Stephen Marcus McAleer},
booktitle={Thirty-seventh Conference on Neural Information Processing Systems},
year={2023},
url={https://openreview.net/forum?id=M6OmjAZ4CX}
}

@inproceedings{li-etal-2024-hindsight,
    title = "When Hindsight is Not 20/20: Testing Limits on Reflective Thinking in Large Language Models",
    author = "Li, Yanhong  and
      Yang, Chenghao  and
      Ettinger, Allyson",
    booktitle = "Findings of the Association for Computational Linguistics: NAACL 2024",
    year = "2024",
    url = "https://aclanthology.org/2024.findings-naacl.237/",
}

@inproceedings{li-uncertainty-interpretation,
    title={{CUE}: An Uncertainty Interpretation Framework for Text Classifiers Built on Pre-Trained Language Models},
    author={Jiazheng Li and Zhaoyue Sun and Bin Liang and Lin Gui and Yulan He},
    booktitle={The 39th Conference on Uncertainty in Artificial Intelligence},
    year={2023},
    url={https://openreview.net/forum?id=1G_WUgM1pnm}
}

@inproceedings{li_emnlp2023,
    title = "Distilling {C}hat{GPT} for Explainable Automated Student Answer Assessment",
    author = "Li, Jiazheng  and
      Gui, Lin  and
      Zhou, Yuxiang  and
      West, David  and
      Aloisi, Cesare  and
      He, Yulan",
    booktitle = "Findings of the Association for Computational Linguistics: EMNLP 2023",
    year = "2023",
    url = "https://aclanthology.org/2023.findings-emnlp.399",
}

@inproceedings{li_emnlp2024,
    title = "Calibrating {LLM}s with Preference Optimization on Thought Trees for Generating Rationale in Science Question Scoring",
    author = "Li, Jiazheng  and
      Xu, Hainiu  and
      Sun, Zhaoyue  and
      Zhou, Yuxiang  and
      West, David  and
      Aloisi, Cesare  and
      He, Yulan",
    booktitle = "Findings of the Association for Computational Linguistics: EMNLP 2024",
    year = "2024",
    url = "https://aclanthology.org/2024.findings-emnlp.313",
}

@inproceedings{paul-etal-2024-refiner,
    title = "{REFINER}: Reasoning Feedback on Intermediate Representations",
    author = "Paul, Debjit  and
      Ismayilzada, Mete  and
      Peyrard, Maxime  and
      Borges, Beatriz  and
      Bosselut, Antoine  and
      West, Robert  and
      Faltings, Boi",
    booktitle = "Proceedings of the 18th Conference of the European Chapter of the Association for Computational Linguistics (Volume 1: Long Papers)",
    year = "2024",
    
    url = "https://aclanthology.org/2024.eacl-long.67/",
}

@inproceedings{shinn2023reflexion,
title={Reflexion: language agents with verbal reinforcement learning},
author={Noah Shinn and Federico Cassano and Ashwin Gopinath and Karthik R Narasimhan and Shunyu Yao},
booktitle={Thirty-seventh Conference on Neural Information Processing Systems},
year={2023},
url={https://openreview.net/forum?id=vAElhFcKW6}
}

@inproceedings{taghipour-ng-2016-neural,
    title = "A Neural Approach to Automated Essay Scoring",
    author = "Taghipour, Kaveh  and
      Ng, Hwee Tou",
    booktitle = "Proceedings of the 2016 Conference on Empirical Methods in Natural Language Processing",
    year = "2016",
    
    url = "https://aclanthology.org/D16-1193",
    doi = "10.18653/v1/D16-1193",
}

@inproceedings{tyen-etal-2024-llms,
    title = "{LLM}s cannot find reasoning errors, but can correct them given the error location",
    author = "Tyen, Gladys  and
      Mansoor, Hassan  and
      Carbune, Victor  and
      Chen, Peter  and
      Mak, Tony",
    booktitle = "Findings of the Association for Computational Linguistics: ACL 2024",
    year = "2024",
    url = "https://aclanthology.org/2024.findings-acl.826/",
}

@inproceedings{yang-etal-2020-enhancing,
    title = "Enhancing Automated Essay Scoring Performance via Fine-tuning Pre-trained Language Models with Combination of Regression and Ranking",
    author = "Yang, Ruosong  and
      Cao, Jiannong  and
      Wen, Zhiyuan  and
      Wu, Youzheng  and
      He, Xiaodong",
    booktitle = "Findings of the Association for Computational Linguistics: EMNLP 2020",
    year = "2020",
    
    url = "https://aclanthology.org/2020.findings-emnlp.141",
    doi = "10.18653/v1/2020.findings-emnlp.141",
}

@inproceedings{zhou-etal-2024-mystery,
    title = "The Mystery of In-Context Learning: A Comprehensive Survey on Interpretation and Analysis",
    author = "Zhou, Yuxiang  and
      Li, Jiazheng  and
      Xiang, Yanzheng  and
      Yan, Hanqi  and
      Gui, Lin  and
      He, Yulan",
    booktitle = "Proceedings of the 2024 Conference on Empirical Methods in Natural Language Processing",
    year = "2024",
}

