@INPROCEEDINGS{10377620,
  author={Lindenberger, Philipp and Sarlin, Paul-Edouard and Pollefeys, Marc},
  booktitle={2023 IEEE/CVF International Conference on Computer Vision (ICCV)}, 
  title={LightGlue: Local Feature Matching at Light Speed}, 
  year={2023},
  volume={},
  number={},
  pages={17581-17592},
  keywords={Adaptation models;Visualization;Technological innovation;Codes;Three-dimensional displays;Computational modeling;Memory management},
  doi={10.1109/ICCV51070.2023.01616}}

@ARTICLE{10409216,
  author={Chen, Keyan and Liu, Chenyang and Chen, Hao and Zhang, Haotian and Li, Wenyuan and Zou, Zhengxia and Shi, Zhenwei},
  journal={IEEE Transactions on Geoscience and Remote Sensing}, 
  title={RSPrompter: Learning to Prompt for Remote Sensing Instance Segmentation Based on Visual Foundation Model}, 
  year={2024},
  volume={62},
  number={},
  pages={1-17},
  keywords={Instance segmentation;Image segmentation;Remote sensing;Task analysis;Sensors;Decoding;Detectors;Foundation model;instance segmentation;prompt learning;remote sensing images;segment anything model (SAM)},
  doi={10.1109/TGRS.2024.3356074}}

@ARTICLE{10663449,
  author={Tang, Datao and Cao, Xiangyong and Hou, Xingsong and Jiang, Zhongyuan and Liu, Junmin and Meng, Deyu},
  journal={IEEE Transactions on Geoscience and Remote Sensing}, 
  title={CRS-Diff: Controllable Remote Sensing Image Generation With Diffusion Model}, 
  year={2024},
  volume={62},
  number={},
  pages={1-14},
  keywords={Diffusion models;Image synthesis;Image resolution;Text to image;Remote sensing;Training;Task analysis;Controllable generation;deep learning;diffusion model;remote sensing (RS) image},
  doi={10.1109/TGRS.2024.3453414}}

@ARTICLE{10680168,
  author={Luo, Muying and Zhang, Tao and Wei, Shiqing and Ji, Shunping},
  journal={IEEE Transactions on Geoscience and Remote Sensing}, 
  title={SAM-RSIS: Progressively Adapting SAM With Box Prompting to Remote Sensing Image Instance Segmentation}, 
  year={2024},
  volume={62},
  number={},
  pages={1-14},
  keywords={Remote sensing;Instance segmentation;Image segmentation;Adaptation models;Decoding;Semantics;Object detection;Efficient tuning;foundation model;instance segmentation;remote sensing;segment anything model (SAM)},
  doi={10.1109/TGRS.2024.3460085}}

@ARTICLE{10715536,
  author={Liu, Yuyan and He, Wei and Zhang, Hongyan},
  journal={IEEE Transactions on Image Processing}, 
  title={GRiD: Guided Refinement for Detector-Free Multimodal Image Matching}, 
  year={2024},
  volume={33},
  number={},
  pages={5892-5906},
  keywords={Feature extraction;Image matching;Transformers;Optical imaging;Detectors;Semantics;Image edge detection;Adaptive optics;Robustness;Remote sensing;Image matching;detector-free;guided refinement;multimodal images},
  doi={10.1109/TIP.2024.3472491}}

@article{2019SuperGlue,
  title={SuperGlue: Learning Feature Matching with Graph Neural Networks},
  author={ Sarlin, Paul Edouard  and  Detone, Daniel  and  Malisiewicz, Tomasz  and  Rabinovich, Andrew },
  journal={arXiv},
  year={2019},
}

@INPROCEEDINGS{8099744,
  author={Dai, Angela and Chang, Angel X. and Savva, Manolis and Halber, Maciej and Funkhouser, Thomas and Nießner, Matthias},
  booktitle={2017 IEEE Conference on Computer Vision and Pattern Recognition (CVPR)}, 
  title={ScanNet: Richly-Annotated 3D Reconstructions of Indoor Scenes}, 
  year={2017},
  volume={},
  number={},
  pages={2432-2443},
  keywords={Three-dimensional displays;Semantics;Surface reconstruction;Solid modeling;Sensors;Image reconstruction;Two dimensional displays},
  doi={10.1109/CVPR.2017.261}}

@INPROCEEDINGS{8099893,
  author={Balntas, Vassileios and Lenc, Karel and Vedaldi, Andrea and Mikolajczyk, Krystian},
  booktitle={2017 IEEE Conference on Computer Vision and Pattern Recognition (CVPR)}, 
  title={HPatches: A Benchmark and Evaluation of Handcrafted and Learned Local Descriptors}, 
  year={2017},
  volume={},
  number={},
  pages={3852-3861},
  keywords={Benchmark testing;Detectors;Protocols;Feature extraction;Size measurement},
  doi={10.1109/CVPR.2017.410}}

@ARTICLE{8935498,
  author={Li, Jiayuan and Hu, Qingwu and Ai, Mingyao},
  journal={IEEE Transactions on Image Processing}, 
  title={RIFT: Multi-Modal Image Matching Based on Radiation-Variation Insensitive Feature Transform}, 
  year={2020},
  volume={29},
  number={},
  pages={3296-3310},
  keywords={Feature extraction;Image matching;Remote sensing;Nonlinear distortion;Optical distortion;Detectors;Multi-modal image matching;nonlinear radiation distortions (NRD);feature matching;maximum index map (MIM);phase congruency (PC)},
  doi={10.1109/TIP.2019.2959244}}

@ARTICLE{9999700,
  author={Deng, Yuxin and Ma, Jiayi},
  journal={IEEE Transactions on Image Processing}, 
  title={ReDFeat: Recoupling Detection and Description for Multimodal Feature Learning}, 
  year={2023},
  volume={32},
  number={},
  pages={591-602},
  keywords={Feature extraction;Detectors;Training;Reliability;Representation learning;Optimization;Benchmark testing;Detection and description;multimodal feature learning;mutual weighting strategy;image matching},
  doi={10.1109/TIP.2022.3231135}}

@article{OFVERSTEDT2022196,
title = {Fast computation of mutual information in the frequency domain with applications to global multimodal image alignment},
journal = {Pattern Recognition Letters},
volume = {159},
pages = {196-203},
year = {2022},
issn = {0167-8655},
doi = {https://doi.org/10.1016/j.patrec.2022.05.022},
}

@misc{SD,
  doi = {10.48550/ARXIV.2204.11824},
  author = {Blattmann, Andreas and Rombach, Robin and Oktay, Kaan and Ommer, Björn},
  keywords = {Computer Vision and Pattern Recognition (cs.CV), FOS: Computer and information sciences, FOS: Computer and information sciences},
  title = {Retrieval-Augmented Diffusion Models},
  publisher = {arXiv},
  year = {2022},  
  copyright = {arXiv.org perpetual, non-exclusive license}
}

@article{WANG2025125,
title = {Semantic guided large scale factor remote sensing image super-resolution with generative diffusion prior},
journal = {ISPRS Journal of Photogrammetry and Remote Sensing},
volume = {220},
pages = {125-138},
year = {2025},
issn = {0924-2716},
doi = {https://doi.org/10.1016/j.isprsjprs.2024.12.001},
author = {Ce Wang and Wanjie Sun},
keywords = {Super-resolution, Remote sensing imagery, Style transfer, Semantic guidance, Generative model},
}

@article{achiam2023gpt,
  title={Gpt-4 technical report},
  author={Achiam, Josh and Adler, Steven and Agarwal, Sandhini and Ahmad, Lama and Akkaya, Ilge and Aleman, Florencia Leoni and Almeida, Diogo and Altenschmidt, Janko and Altman, Sam and Anadkat, Shyamal and others},
  journal={arXiv preprint arXiv:2303.08774},
  year={2023}
}

@article{bay2008speeded,
  title={Speeded-up robust features (SURF)},
  author={Bay, Herbert and Ess, Andreas and Tuytelaars, Tinne and Van Gool, Luc},
  journal={Computer vision and image understanding},
  volume={110},
  number={3},
  pages={346--359},
  year={2008},
  publisher={Elsevier}
}

@article{edstedt2024roma,
title={{RoMa: Robust Dense Feature Matching}},
author={Edstedt, Johan and Sun, Qiyu and Bökman, Georg and Wadenbäck, Mårten and Felsberg, Michael},
journal={IEEE Conference on Computer Vision and Pattern Recognition},
year={2024}
}

@article{kirillov2023segany,
  title={Segment Anything},
  author={Kirillov, Alexander and Mintun, Eric and Ravi, Nikhila and Mao, Hanzi and Rolland, Chloe and Gustafson, Laura and Xiao, Tete and Whitehead, Spencer and Berg, Alexander C. and Lo, Wan-Yen and Doll{\'a}r, Piotr and Girshick, Ross},
  journal={arXiv:2304.02643},
  year={2023}
}

@article{li2022lnift,
  title={LNIFT: Locally normalized image for rotation invariant multimodal feature matching},
  author={Li, Jiayuan and Xu, Wangyi and Shi, Pengcheng and Zhang, Yongjun and Hu, Qingwu},
  journal={IEEE Transactions on Geoscience and Remote Sensing},
  volume={60},
  pages={1--14},
  year={2022},
  publisher={IEEE}
}

@article{li2023multimodal,
  title={Multimodal image matching: A scale-invariant algorithm and an open dataset},
  author={Li, Jiayuan and Hu, Qingwu and Zhang, Yongjun},
  journal={ISPRS Journal of Photogrammetry and Remote Sensing},
  volume={204},
  pages={77--88},
  year={2023},
  publisher={Elsevier}
}

@article{liu2019gift,
  title={Gift: Learning transformation-invariant dense visual descriptors via group cnns},
  author={Liu, Yuan and Shen, Zehong and Lin, Zhixuan and Peng, Sida and Bao, Hujun and Zhou, Xiaowei},
  journal={Advances in Neural Information Processing Systems},
  volume={32},
  year={2019}
}

@article{lowe2004distinctive,
  title={Distinctive image features from scale-invariant keypoints},
  author={Lowe, David G},
  journal={International journal of computer vision},
  volume={60},
  pages={91--110},
  year={2004},
  publisher={Springer}
}

@article{mishchuk2017working,
  title={Working hard to know your neighbor's margins: Local descriptor learning loss},
  author={Mishchuk, Anastasiia and Mishkin, Dmytro and Radenovic, Filip and Matas, Jiri},
  journal={Advances in neural information processing systems},
  volume={30},
  year={2017}
}

@article{oquab2023dinov2,
  title={Dinov2: Learning robust visual features without supervision},
  author={Oquab, Maxime and Darcet, Timoth{\'e}e and Moutakanni, Th{\'e}o and Vo, Huy and Szafraniec, Marc and Khalidov, Vasil and Fernandez, Pierre and Haziza, Daniel and Massa, Francisco and El-Nouby, Alaaeldin and others},
  journal={arXiv preprint arXiv:2304.07193},
  year={2023}
}

@inproceedings{radford2021learning,
  title={Learning transferable visual models from natural language supervision},
  author={Radford, Alec and Kim, Jong Wook and Hallacy, Chris and Ramesh, Aditya and Goh, Gabriel and Agarwal, Sandhini and Sastry, Girish and Askell, Amanda and Mishkin, Pamela and Clark, Jack and others},
  booktitle={International conference on machine learning},
  pages={8748--8763},
  year={2021},
  organization={PMLR}
}

@inproceedings{sun2021loftr,
  title={LoFTR: Detector-free local feature matching with transformers},
  author={Sun, Jiaming and Shen, Zehong and Wang, Yuang and Bao, Hujun and Zhou, Xiaowei},
  booktitle={Proceedings of the IEEE/CVF conference on computer vision and pattern recognition},
  pages={8922--8931},
  year={2021}
}

@inproceedings{tian2019sosnet,
  title={Sosnet: Second order similarity regularization for local descriptor learning},
  author={Tian, Yurun and Yu, Xin and Fan, Bin and Wu, Fuchao and Heijnen, Huub and Balntas, Vassileios},
  booktitle={Proceedings of the IEEE/CVF Conference on Computer Vision and Pattern Recognition},
  pages={11016--11025},
  year={2019}
}

@article{tian2020hynet,
  title={HyNet: Learning local descriptor with hybrid similarity measure and triplet loss},
  author={Tian, Yurun and Barroso Laguna, Axel and Ng, Tony and Balntas, Vassileios and Mikolajczyk, Krystian},
  journal={Advances in neural information processing systems},
  volume={33},
  pages={7401--7412},
  year={2020}
}

@inproceedings{tuzcuouglu2024xoftr,
  title={XoFTR: Cross-modal Feature Matching Transformer},
  author={Tuzcuo{\u{g}}lu, {\"O}nder and K{\"o}ksal, Aybora and Sofu, Bu{\u{g}}ra and Kalkan, Sinan and Alatan, A Aydin},
  booktitle={Proceedings of the IEEE/CVF Conference on Computer Vision and Pattern Recognition},
  pages={4275--4286},
  year={2024}
}

@article{ye2017robust,
  title={Robust registration of multimodal remote sensing images based on structural similarity},
  author={Ye, Yuanxin and Shan, Jie and Bruzzone, Lorenzo and Shen, Li},
  journal={IEEE Transactions on Geoscience and Remote Sensing},
  volume={55},
  number={5},
  pages={2941--2958},
  year={2017},
  publisher={IEEE}
}

@article{ye2019fast,
  title={Fast and robust matching for multimodal remote sensing image registration},
  author={Ye, Yuanxin and Bruzzone, Lorenzo and Shan, Jie and Bovolo, Francesca and Zhu, Qing},
  journal={IEEE Transactions on Geoscience and Remote Sensing},
  volume={57},
  number={11},
  pages={9059--9070},
  year={2019},
  publisher={IEEE}
}

