@article{xu2023sar,
  title={SAR-optical feature matching: A large-scale patch dataset and a deep local descriptor},
  author={Xu, Wangyi and Yuan, Xinhui and Hu, Qingwu and Li, Jiayuan},
  journal={International Journal of Applied Earth Observation and Geoinformation},
  volume={122},
  pages={103433},
  year={2023},
  publisher={Elsevier}
}
@article{fan2023nonlinear,
  title={Nonlinear Intensity, Scale and Rotation Invariant Matching for Multimodal Images},
  author={Fan, Zhongli and Zhang, Li and Liu, Yuxuan},
  journal={arXiv preprint arXiv:2302.14239},
  year={2023}
}
@article{ma2023reciprocal,
  title={Reciprocal transformer for hyperspectral and multispectral image fusion},
  author={Ma, Qing and Jiang, Junjun and Liu, Xianming and Ma, Jiayi},
  journal={Information Fusion},
  pages={102148},
  year={2023},
  publisher={Elsevier}
}
@article{zhu2023r,
  title={R 2 FD 2: Fast and Robust Matching of Multimodal Remote Sensing Images via Repeatable Feature Detector and Rotation-invariant Feature Descriptor},
  author={Zhu, Bai and Yang, Chao and Dai, Jinkun and Fan, Jianwei and Qin, Yao and Ye, Yuanxin},
  journal={IEEE Transactions on Geoscience and Remote Sensing},
  year={2023},
  publisher={IEEE}
}
@article{chen2021remote,
  title={Remote sensing image change detection with transformers},
  author={Chen, Hao and Qi, Zipeng and Shi, Zhenwei},
  journal={IEEE Transactions on Geoscience and Remote Sensing},
  volume={60},
  pages={1--14},
  year={2021},
  publisher={IEEE}
}
@article{ma2015robust,
  title={Robust feature matching for remote sensing image registration via locally linear transforming},
  author={Ma, Jiayi and Zhou, Huabing and Zhao, Ji and Gao, Yuan and Jiang, Junjun and Tian, Jinwen},
  journal={IEEE Transactions on Geoscience and Remote Sensing},
  volume={53},
  number={12},
  pages={6469--6481},
  year={2015},
  publisher={IEEE}
}
@article{fan2023robust,
  title={A robust oriented filter-based matching method for multisource, multitemporal remote sensing images},
  author={Fan, Zhongli and Wang, Mi and Pi, Yingdong and Liu, Yuxuan and Jiang, Huiwei},
  journal={IEEE Transactions on Geoscience and Remote Sensing},
  year={2023},
  publisher={IEEE}
}
@article{yao2022multi,
  title={Multi-modal remote sensing image matching considering co-occurrence filter},
  author={Yao, Yongxiang and Zhang, Yongjun and Wan, Yi and Liu, Xinyi and Yan, Xiaohu and Li, Jiayuan},
  journal={IEEE Transactions on Image Processing},
  volume={31},
  pages={2584--2597},
  year={2022},
  publisher={IEEE}
}
@article{li2023multimodal,
  title={Multimodal image matching: A scale-invariant algorithm and an open dataset},
  author={Li, Jiayuan and Hu, Qingwu and Zhang, Yongjun},
  journal={ISPRS Journal of Photogrammetry and Remote Sensing},
  volume={204},
  pages={77--88},
  year={2023},
  publisher={Elsevier}
}
@article{li2023rift2,
  title={RIFT2: Speeding-up RIFT with A New Rotation-Invariance Technique},
  author={Li, Jiayuan and Shi, Pengcheng and Hu, Qingwu and Zhang, Yongjun},
  journal={arXiv preprint arXiv:2303.00319},
  year={2023}
}

@article{ye2017robust,
  title={Robust registration of multimodal remote sensing images based on structural similarity},
  author={Ye, Yuanxin and Shan, Jie and Bruzzone, Lorenzo and Shen, Li},
  journal={IEEE Transactions on Geoscience and Remote Sensing},
  volume={55},
  number={5},
  pages={2941--2958},
  year={2017},
  publisher={IEEE}
}
@article{fu2018local,
  title={A local feature descriptor based on combination of structure and texture information for multispectral image matching},
  author={Fu, Zhitao and Qin, Qianqing and Luo, Bin and Wu, Chun and Sun, Hong},
  journal={IEEE Geoscience and Remote Sensing Letters},
  volume={16},
  number={1},
  pages={100--104},
  year={2018},
  publisher={IEEE}
}

@article{gao2022ms,
  title={MS-HLMO: multiscale histogram of local main orientation for remote sensing image registration},
  author={Gao, Chenzhong and Li, Wei and Tao, Ran and Du, Qian},
  journal={IEEE Transactions on Geoscience and Remote Sensing},
  volume={60},
  pages={1--14},
  year={2022},
  publisher={IEEE}
}

@inproceedings{barroso2022scalenet,
  title={Scalenet: A shallow architecture for scale estimation},
  author={Barroso-Laguna, Axel and Tian, Yurun and Mikolajczyk, Krystian},
  booktitle={Proceedings of the IEEE/CVF Conference on Computer Vision and Pattern Recognition},
  pages={12808--12818},
  year={2022}
}
@article{rao2023learning,
  title={Learning Enriched Feature Descriptor for Image Matching and Visual Measurement},
  author={Rao, Yuan and Ju, Yakun and Wang, Sen and Gao, Feng and Fan, Hao and Dong, Junyu},
  journal={IEEE Transactions on Instrumentation and Measurement},
  volume={72},
  pages={1--12},
  year={2023},
  publisher={IEEE}
}

@inproceedings{tian2019sosnet,
  title={Sosnet: Second order similarity regularization for local descriptor learning},
  author={Tian, Yurun and Yu, Xin and Fan, Bin and Wu, Fuchao and Heijnen, Huub and Balntas, Vassileios},
  booktitle={Proceedings of the IEEE/CVF Conference on Computer Vision and Pattern Recognition},
  pages={11016--11025},
  year={2019}
}
@inproceedings{wu2023sparsely,
  title={Sparsely Annotated Semantic Segmentation With Adaptive Gaussian Mixtures},
  author={Wu, Linshan and Zhong, Zhun and Fang, Leyuan and He, Xingxin and Liu, Qiang and Ma, Jiayi and Chen, Hao},
  booktitle={Proceedings of the IEEE/CVF Conference on Computer Vision and Pattern Recognition},
  pages={15454--15464},
  year={2023}
}
@article{zhang2023iid,
  title={IID-MEF: A multi-exposure fusion network based on intrinsic image decomposition},
  author={Zhang, Hao and Ma, Jiayi},
  journal={Information Fusion},
  volume={95},
  pages={326--340},
  year={2023},
  publisher={Elsevier}
}

@inproceedings{dusmanu2019d2,
  title={D2-net: A trainable cnn for joint description and detection of local features},
  author={Dusmanu, Mihai and Rocco, Ignacio and Pajdla, Tomas and Pollefeys, Marc and Sivic, Josef and Torii, Akihiko and Sattler, Torsten},
  booktitle={Proceedings of the ieee/cvf conference on computer vision and pattern recognition},
  pages={8092--8101},
  year={2019}
}

@inproceedings{tian2017l2,
  title={L2-net: Deep learning of discriminative patch descriptor in euclidean space},
  author={Tian, Yurun and Fan, Bin and Wu, Fuchao},
  booktitle={Proceedings of the IEEE conference on computer vision and pattern recognition},
  pages={661--669},
  year={2017}
}

@article{mishchuk2017working,
  title={Working hard to know your neighbor's margins: Local descriptor learning loss},
  author={Mishchuk, Anastasiia and Mishkin, Dmytro and Radenovic, Filip and Matas, Jiri},
  journal={Advances in neural information processing systems},
  volume={30},
  year={2017}
}
@article{revaud2019r2d2,
  title={R2d2: Reliable and repeatable detector and descriptor},
  author={Revaud, Jerome and De Souza, Cesar and Humenberger, Martin and Weinzaepfel, Philippe},
  journal={Advances in neural information processing systems},
  volume={32},
  year={2019}
}
@article{quan2022self,
  title={Self-distillation feature learning network for optical and SAR image registration},
  author={Quan, Dou and Wei, Huiyuan and Wang, Shuang and Lei, Ruiqi and Duan, Baorui and Li, Yi and Hou, Biao and Jiao, Licheng},
  journal={IEEE Transactions on Geoscience and Remote Sensing},
  volume={60},
  pages={1--18},
  year={2022},
  publisher={IEEE}
}
@article{cui2021map,
  title={MAP-Net: SAR and optical image matching via image-based convolutional network with attention mechanism and spatial pyramid aggregated pooling},
  author={Cui, Song and Ma, Ailong and Zhang, Liangpei and Xu, Miaozhong and Zhong, Yanfei},
  journal={IEEE Transactions on Geoscience and Remote Sensing},
  volume={60},
  pages={1--13},
  year={2021},
  publisher={IEEE}
}
@article{zhang2022multimodal,
  title={Multimodal Remote Sensing Image Matching Combining Learning Features and Delaunay Triangulation},
  author={Zhang, Yongxian and Liu, Yuxuan and Zhang, Haiming and Ma, Guorui},
  journal={IEEE Transactions on Geoscience and Remote Sensing},
  volume={60},
  pages={1--17},
  year={2022},
  publisher={IEEE}
}
@article{li2023sar,
  title={SAR-Optical Image Matching with Semantic Position Probability Distribution},
  author={Li, Liangzhi and Han, Ling and Liu, Ming and Gao, Kyle and He, Hongjie and Wang, Langying and Li, Jonathan},
  journal={IEEE Transactions on Geoscience and Remote Sensing},
  year={2023},
  publisher={IEEE}
}
@article{nie2022dual,
  title={A Dual-Generator Translation Network Fusing Texture and Structure Features for SAR and Optical Image Matching},
  author={Nie, Han and Fu, Zhitao and Tang, Bo-Hui and Li, Ziqian and Chen, Sijing and Wang, Leiguang},
  journal={Remote Sensing},
  volume={14},
  number={12},
  pages={2946},
  year={2022},
  publisher={MDPI}
}
@inproceedings{wei2022masked,
  title={Masked feature prediction for self-supervised visual pre-training},
  author={Wei, Chen and Fan, Haoqi and Xie, Saining and Wu, Chao-Yuan and Yuille, Alan and Feichtenhofer, Christoph},
  booktitle={Proceedings of the IEEE/CVF Conference on Computer Vision and Pattern Recognition},
  pages={14668--14678},
  year={2022}
}
@inproceedings{dalal2005histograms,
  title={Histograms of oriented gradients for human detection},
  author={Dalal, Navneet and Triggs, Bill},
  booktitle={2005 IEEE computer society conference on computer vision and pattern recognition (CVPR'05)},
  volume={1},
  pages={886--893},
  year={2005},
  organization={Ieee}
}
@inproceedings{chen2020simple,
  title={A simple framework for contrastive learning of visual representations},
  author={Chen, Ting and Kornblith, Simon and Norouzi, Mohammad and Hinton, Geoffrey},
  booktitle={International conference on machine learning},
  pages={1597--1607},
  year={2020},
  organization={PMLR}
}

@article{lowe2004distinctive,
  title={Distinctive image features from scale-invariant keypoints},
  author={Lowe, David G},
  journal={International journal of computer vision},
  volume={60},
  pages={91--110},
  year={2004},
  publisher={Springer}
}

@article{ye2019fast,
  title={Fast and robust matching for multimodal remote sensing image registration},
  author={Ye, Yuanxin and Bruzzone, Lorenzo and Shan, Jie and Bovolo, Francesca and Zhu, Qing},
  journal={IEEE Transactions on Geoscience and Remote Sensing},
  volume={57},
  number={11},
  pages={9059--9070},
  year={2019},
  publisher={IEEE}
}
@article{bay2008speeded,
  title={Speeded-up robust features (SURF)},
  author={Bay, Herbert and Ess, Andreas and Tuytelaars, Tinne and Van Gool, Luc},
  journal={Computer vision and image understanding},
  volume={110},
  number={3},
  pages={346--359},
  year={2008},
  publisher={Elsevier}
}
@article{li2022lnift,
  title={LNIFT: Locally normalized image for rotation invariant multimodal feature matching},
  author={Li, Jiayuan and Xu, Wangyi and Shi, Pengcheng and Zhang, Yongjun and Hu, Qingwu},
  journal={IEEE Transactions on Geoscience and Remote Sensing},
  volume={60},
  pages={1--14},
  year={2022},
  publisher={IEEE}
}

@inproceedings{yi2016lift,
  title={Lift: Learned invariant feature transform},
  author={Yi, Kwang Moo and Trulls, Eduard and Lepetit, Vincent and Fua, Pascal},
  booktitle={Computer Vision--ECCV 2016: 14th European Conference, Amsterdam, The Netherlands, October 11-14, 2016, Proceedings, Part VI 14},
  pages={467--483},
  year={2016},
  organization={Springer}
}
@inproceedings{detone2018superpoint,
  title={Superpoint: Self-supervised interest point detection and description},
  author={DeTone, Daniel and Malisiewicz, Tomasz and Rabinovich, Andrew},
  booktitle={Proceedings of the IEEE conference on computer vision and pattern recognition workshops},
  pages={224--236},
  year={2018}
}
@inproceedings{barroso2019key,
  title={Key. net: Keypoint detection by handcrafted and learned cnn filters},
  author={Barroso-Laguna, Axel and Riba, Edgar and Ponsa, Daniel and Mikolajczyk, Krystian},
  booktitle={Proceedings of the IEEE/CVF international conference on computer vision},
  pages={5836--5844},
  year={2019}
}
@article{zhang2023multilevel,
  title={Multilevel attention Siamese network for keypoint detection in optical and SAR images},
  author={Zhang, Shaochen and Fu, Zhitao and Liu, Jun and Su, Xin and Luo, Bin and Nie, Han and Tang, Bo-Hui},
  journal={IEEE Transactions on Geoscience and Remote Sensing},
  year={2023},
  volume={61},
  number={},
  pages={1-17},
  publisher={IEEE}
}
@article{gazzea2023maru,
  title={MARU-Net: Multi-Scale Attention Gated Residual U-Net With Contrastive Loss for SAR-Optical Image Matching},
  author={Gazzea, Michele and Sommervold, Oscar and Arghandeh, Reza},
  journal={IEEE Journal of Selected Topics in Applied Earth Observations and Remote Sensing},
  year={2023},
  publisher={IEEE}
}
@inproceedings{luo2020aslfeat,
  title={Aslfeat: Learning local features of accurate shape and localization},
  author={Luo, Zixin and Zhou, Lei and Bai, Xuyang and Chen, Hongkai and Zhang, Jiahui and Yao, Yao and Li, Shiwei and Fang, Tian and Quan, Long},
  booktitle={Proceedings of the IEEE/CVF conference on computer vision and pattern recognition},
  pages={6589--6598},
  year={2020}
}

@inproceedings{lenc2016learning,
  title={Learning covariant feature detectors},
  author={Lenc, Karel and Vedaldi, Andrea},
  booktitle={Computer Vision--ECCV 2016 Workshops: Amsterdam, The Netherlands, October 8-10 and 15-16, 2016, Proceedings, Part III 14},
  pages={100--117},
  year={2016},
  organization={Springer}
}

@article{nie2023multiscale,
  title={A Multiscale Unsupervised Orientation Estimation Method With Transformers for Remote Sensing Image Matching},
  author={Nie, Han and Fu, Zhitao and Tang, Bo-Hui and Li, Ziqian and Chen, Sijing},
  journal={IEEE Geoscience and Remote Sensing Letters},
  volume={20},
  pages={1--5},
  year={2023},
  publisher={IEEE}
}
@inproceedings{dai2019explicit,
  title={Explicit learning of feature orientation estimation},
  author={Dai, Ji and Zhang, Junkang and Nguyen, Truong},
  booktitle={2019 IEEE International Conference on Image Processing (ICIP)},
  pages={4245--4249},
  year={2019},
  organization={IEEE}
}
@inproceedings{sun2021loftr,
  title={LoFTR: Detector-free local feature matching with transformers},
  author={Sun, Jiaming and Shen, Zehong and Wang, Yuang and Bao, Hujun and Zhou, Xiaowei},
  booktitle={Proceedings of the IEEE/CVF conference on computer vision and pattern recognition},
  pages={8922--8931},
  year={2021}
}
@inproceedings{he2023d2former,
  title={D2Former: Jointly Learning Hierarchical Detectors and Contextual Descriptors via Agent-Based Transformers},
  author={He, Jianfeng and Gao, Yuan and Zhang, Tianzhu and Zhang, Zhe and Wu, Feng},
  booktitle={Proceedings of the IEEE/CVF Conference on Computer Vision and Pattern Recognition},
  pages={2904--2914},
  year={2023}
}

@article{liu2019gift,
  title={Gift: Learning transformation-invariant dense visual descriptors via group cnns},
  author={Liu, Yuan and Shen, Zehong and Lin, Zhixuan and Peng, Sida and Bao, Hujun and Zhou, Xiaowei},
  journal={Advances in Neural Information Processing Systems},
  volume={32},
  year={2019}
}

@inproceedings{pautrat2020online,
  title={Online invariance selection for local feature descriptors},
  author={Pautrat, R{\'e}mi and Larsson, Viktor and Oswald, Martin R and Pollefeys, Marc},
  booktitle={Computer Vision--ECCV 2020: 16th European Conference, Glasgow, UK, August 23--28, 2020, Proceedings, Part II 16},
  pages={707--724},
  year={2020},
  organization={Springer}
}

@article{tian2020hynet,
  title={HyNet: Learning local descriptor with hybrid similarity measure and triplet loss},
  author={Tian, Yurun and Barroso Laguna, Axel and Ng, Tony and Balntas, Vassileios and Mikolajczyk, Krystian},
  journal={Advances in neural information processing systems},
  volume={33},
  pages={7401--7412},
  year={2020}
}

@article{schmitt2018sen1,
  title={The SEN1-2 dataset for deep learning in SAR-optical data fusion},
  author={Schmitt, Michael and Hughes, Lloyd Haydn and Zhu, Xiao Xiang},
  journal={arXiv preprint arXiv:1807.01569},
  year={2018}
}

@article{huang2021qxs,
  title={The QXS-SAROPT dataset for deep learning in SAR-optical data fusion},
  author={Huang, Meiyu and Xu, Yao and Qian, Lixin and Shi, Weili and Zhang, Yaqin and Bao, Wei and Wang, Nan and Liu, Xuejiao and Xiang, Xueshuang},
  journal={arXiv preprint arXiv:2103.08259},
  year={2021}
}

@article{wang2004image,
  title={Image quality assessment: from error visibility to structural similarity},
  author={Wang, Zhou and Bovik, Alan C and Sheikh, Hamid R and Simoncelli, Eero P},
  journal={IEEE transactions on image processing},
  volume={13},
  number={4},
  pages={600--612},
  year={2004},
  publisher={IEEE}
}

@article{zhang2011fsim,
  title={FSIM: A feature similarity index for image quality assessment},
  author={Zhang, Lin and Zhang, Lei and Mou, Xuanqin and Zhang, David},
  journal={IEEE transactions on Image Processing},
  volume={20},
  number={8},
  pages={2378--2386},
  year={2011},
  publisher={IEEE}
}

@article{xu2023domainfeat,
  title={DomainFeat: Learning Local Features with Domain Adaptation},
  author={Xu, Rongtao and Wang, Changwei and Xu, Shibiao and Meng, Weiliang and Zhang, Yuyang and Fan, Bin and Zhang, Xiaopeng},
  journal={IEEE Transactions on Circuits and Systems for Video Technology},
  year={2023},
  publisher={IEEE}
}

@article{ye2022multiscale,
  title={A multiscale framework with unsupervised learning for remote sensing image registration},
  author={Ye, Yuanxin and Tang, Tengfeng and Zhu, Bai and Yang, Chao and Li, Bo and Hao, Siyuan},
  journal={IEEE Transactions on Geoscience and Remote Sensing},
  volume={60},
  pages={1--15},
  year={2022},
  publisher={IEEE}
}

@article{dai2020boosting,
  title={Boosting feature matching accuracy with pairwise affine estimation},
  author={Dai, Ji and Jin, Shiwei and Zhang, Junkang and Nguyen, Truong Q},
  journal={IEEE Transactions on Image Processing},
  volume={29},
  pages={8278--8291},
  year={2020},
  publisher={IEEE}
}

@article{li2022dog,
  title={Dog nose print matching with dual global descriptor based on Contrastive Learning},
  author={Li, Bin and Wang, Zhongan and Wu, Nan and Shi, Shuai and Ma, Qijun},
  journal={arXiv preprint arXiv:2206.00580},
  year={2022}
}

@article{xu2023improved,
  title={Improved HardNet and Stricter Outlier Filtering to Guide Reliable Matching.},
  author={Xu, Meng and Shen, Chen and Zhang, Jun and Wang, Zhipeng and Ruan, Zhiwei and Poslad, Stefan and Xu, Pengfei},
  journal={Computers, Materials \& Continua},
  volume={75},
  number={3},
  year={2023}
}
@article{quan2023novel,
  title={A Novel Coarse-to-Fine Deep Learning Registration Framework for Multi-Modal Remote Sensing Images},
  author={Quan, Dou and Wei, Huiyuan and Wang, Shuang and Gu, Yu and Hou, Biao and Jiao, Licheng},
  journal={IEEE Transactions on Geoscience and Remote Sensing},
  year={2023},
  publisher={IEEE}
}
@article{chaozhen2021deep,
  title={Deep learning algorithm for feature matching of cross modality remote sensing images},
  author={Chaozhen, LAN and Wanjie, LU and Junming, YU and Qing, XU},
  journal={Acta Geodaetica et Cartographica Sinica},
  volume={50},
  number={2},
  pages={189},
  year={2021}
}
@article{zhang2022artificial,
  title={Artificial intelligence for remote sensing data analysis: A review of challenges and opportunities},
  author={Zhang, Lefei and Zhang, Liangpei},
  journal={IEEE Geoscience and Remote Sensing Magazine},
  volume={10},
  number={2},
  pages={270--294},
  year={2022},
  publisher={IEEE}
}
@article{deng2023interpretable,
  title={Interpretable multi-modal image registration network based on disentangled convolutional sparse coding},
  author={Deng, Xin and Liu, Enpeng and Li, Shengxi and Duan, Yiping and Xu, Mai},
  journal={IEEE Transactions on Image Processing},
  volume={32},
  pages={1078--1091},
  year={2023},
  publisher={IEEE}
}
@article{jaderberg2015spatial,
  title={Spatial transformer networks},
  author={Jaderberg, Max and Simonyan, Karen and Zisserman, Andrew and others},
  journal={Advances in neural information processing systems},
  volume={28},
  year={2015}
}
@ARTICLE{9204802,
  author={Xiang, Yuming and Tao, Rongshu and Wang, Feng and You, Hongjian and Han, Bing},
  journal={IEEE Journal of Selected Topics in Applied Earth Observations and Remote Sensing}, 
  title={Automatic Registration of Optical and SAR Images Via Improved Phase Congruency Model}, 
  year={2020},
  volume={13},
  number={},
  pages={5847-5861},
  keywords={Optical imaging;Optical sensors;Synthetic aperture radar;Adaptive optics;Image registration;Feature extraction;Remote sensing;Deep learning;high-resolution dataset;image registration;optical and SAR;phase congruency (PC)},
  doi={10.1109/JSTARS.2020.3026162}}

@article{razakarivony2016vehicle,
  title={Vehicle detection in aerial imagery: A small target detection benchmark},
  author={Razakarivony, Sebastien and Jurie, Frederic},
  journal={Journal of Visual Communication and Image Representation},
  volume={34},
  pages={187--203},
  year={2016},
  publisher={Elsevier}
}
@ARTICLE{10144688,
  author={Fu, Haolong and Wang, Shixun and Duan, Puhong and Xiao, Changyan and Dian, Renwei and Li, Shutao and Li, Zhiyong},
  journal={IEEE Transactions on Neural Networks and Learning Systems}, 
  title={LRAF-Net: Long-Range Attention Fusion Network for Visible–Infrared Object Detection}, 
  year={2024},
  volume={35},
  number={10},
  pages={13232-13245},
  keywords={Feature extraction;Object detection;Detectors;Lighting;Fuses;Proposals;Deep learning;Attention-based network;deep learning;object detection;visible–infrared image},
  doi={10.1109/TNNLS.2023.3266452}}

@ARTICLE{10637455,
  author={Xu, Shufang and Chen, Xu and Li, Haiwei and Liu, Tianci and Chen, Zhonghao and Gao, Hongmin and Zhang, Yiyan},
  journal={IEEE Transactions on Geoscience and Remote Sensing}, 
  title={Airborne Small Target Detection Method Based on Multimodal and Adaptive Feature Fusion}, 
  year={2024},
  volume={62},
  number={},
  pages={1-15},
  keywords={Feature extraction;Accuracy;YOLO;Autonomous aerial vehicles;Target recognition;Lighting;Attention mechanisms;Attention mechanism;feature fusion;multimodal;small target detection;unmanned aerial vehicle (UAV) aerial imagery},
  doi={10.1109/TGRS.2024.3443856}}

@INPROCEEDINGS{10657039,
  author={Zhang, Hao and Zuo, Xuhui and Jiang, Jie and Guo, Chunchao and Ma, Jiayi},
  booktitle={2024 IEEE/CVF Conference on Computer Vision and Pattern Recognition (CVPR)}, 
  title={MRFS: Mutually Reinforcing Image Fusion and Segmentation}, 
  year={2024},
  volume={},
  number={},
  pages={26964-26973},
  keywords={Visualization;Accuracy;Image color analysis;Semantic segmentation;Semantics;Logic gates;Feature extraction;Image fusion;Segmentation;Coupled learning;Mutually reinforcing;Attention},
  doi={10.1109/CVPR52733.2024.02547}}


@inproceedings{brown2011multi,
  title={Multi-spectral SIFT for scene category recognition},
  author={Brown, Matthew and S{\"u}sstrunk, Sabine},
  booktitle={CVPR 2011},
  pages={177--184},
  year={2011},
  organization={IEEE}
}

@article{suri2009mutual,
  title={Mutual-information-based registration of TerraSAR-X and Ikonos imagery in urban areas},
  author={Suri, Sahil and Reinartz, Peter},
  journal={IEEE Transactions on Geoscience and Remote Sensing},
  volume={48},
  number={2},
  pages={939--949},
  year={2009},
  publisher={IEEE}
}

@article{wan2016illumination,
  title={Illumination-invariant image matching for autonomous UAV localisation based on optical sensing},
  author={Wan, Xue and Liu, Jianguo and Yan, Hongshi and Morgan, Gareth LK},
  journal={ISPRS Journal of Photogrammetry and Remote Sensing},
  volume={119},
  pages={198--213},
  year={2016},
  publisher={Elsevier}
}
@article{reddy1996fft,
  title={An FFT-based technique for translation, rotation, and scale-invariant image registration},
  author={Reddy, B Srinivasa and Chatterji, Biswanath N},
  journal={IEEE transactions on image processing},
  volume={5},
  number={8},
  pages={1266--1271},
  year={1996},
  publisher={IEEE}
}
@article{li2013matching,
  title={Matching between SAR images and optical images based on HOG descriptor},
  author={Li, Qing and Qu, Guangzhou and Li, Zengliang},
  year={2013},
  publisher={IET}
}

@article{ye2022robust,
  title={A robust multimodal remote sensing image registration method and system using steerable filters with first-and second-order gradients},
  author={Ye, Yuanxin and Zhu, Bai and Tang, Tengfeng and Yang, Chao and Xu, Qizhi and Zhang, Guo},
  journal={ISPRS Journal of Photogrammetry and Remote Sensing},
  volume={188},
  pages={331--350},
  year={2022},
  publisher={Elsevier}
}
@article{zhu2023advances,
  title={Advances and challenges in multimodal remote sensing image registration},
  author={Zhu, Bai and Zhou, Liang and Pu, Simiao and Fan, Jianwei and Ye, Yuanxin},
  journal={IEEE Journal on Miniaturization for Air and Space Systems},
  year={2023},
  publisher={IEEE}
}
@article{merkle2018exploring,
  title={Exploring the potential of conditional adversarial networks for optical and SAR image matching},
  author={Merkle, Nina and Auer, Stefan and Mueller, Rupert and Reinartz, Peter},
  journal={IEEE Journal of Selected Topics in Applied Earth Observations and Remote Sensing},
  volume={11},
  number={6},
  pages={1811--1820},
  year={2018},
  publisher={IEEE}
}

@article{quan2023efficient,
  title={Efficient and robust: A cross-modal registration deep wavelet learning method for remote sensing images},
  author={Quan, Dou and Wei, Huiyuan and Wang, Shuang and Li, Yi and Chanussot, Jocelyn and Guo, Yanhe and Hou, Biao and Jiao, Licheng},
  journal={IEEE Journal of Selected Topics in Applied Earth Observations and Remote Sensing},
  year={2023},
  publisher={IEEE}
}
@article{quan2022deep,
  title={Deep feature correlation learning for multi-modal remote sensing image registration},
  author={Quan, Dou and Wang, Shuang and Gu, Yu and Lei, Ruiqi and Yang, Bowu and Wei, Shaowei and Hou, Biao and Jiao, Licheng},
  journal={IEEE Transactions on Geoscience and Remote Sensing},
  volume={60},
  pages={1--16},
  year={2022},
  publisher={IEEE}
}
@article{zhang2024multimodal,
  title={Multimodal Remote Sensing Image Matching via Learning Features and Attention Mechanism},
  author={Zhang, Yongxian and Lan, Chaozhen and Zhang, Haiming and Ma, Guorui and Li, Heng},
  journal={IEEE Transactions on Geoscience and Remote Sensing},
  year={2024},
  publisher={IEEE}
}
@inproceedings{truong2020glu,
  title={GLU-Net: Global-local universal network for dense flow and correspondences},
  author={Truong, Prune and Danelljan, Martin and Timofte, Radu},
  booktitle={Proceedings of the IEEE/CVF conference on computer vision and pattern recognition},
  pages={6258--6268},
  year={2020}
}

@inproceedings{edstedt2023dkm,
  title={DKM: Dense kernelized feature matching for geometry estimation},
  author={Edstedt, Johan and Athanasiadis, Ioannis and Wadenb{\"a}ck, M{\aa}rten and Felsberg, Michael},
  booktitle={Proceedings of the IEEE/CVF Conference on Computer Vision and Pattern Recognition},
  pages={17765--17775},
  year={2023}
}

@article{edstedt2023roma,
  title={RoMa: Revisiting Robust Losses for Dense Feature Matching},
  author={Edstedt, Johan and Sun, Qiyu and B{\"o}kman, Georg and Wadenb{\"a}ck, M{\aa}rten and Felsberg, Michael},
  journal={arXiv preprint arXiv:2305.15404},
  year={2023}
}
@inproceedings{tuzcuouglu2024xoftr,
  title={XoFTR: Cross-modal Feature Matching Transformer},
  author={Tuzcuo{\u{g}}lu, {\"O}nder and K{\"o}ksal, Aybora and Sofu, Bu{\u{g}}ra and Kalkan, Sinan and Alatan, A Aydin},
  booktitle={Proceedings of the IEEE/CVF Conference on Computer Vision and Pattern Recognition},
  pages={4275--4286},
  year={2024}
}

@article{dong2024changeclip,
  title={ChangeCLIP: Remote sensing change detection with multimodal vision-language representation learning},
  author={Dong, Sijun and Wang, Libo and Du, Bo and Meng, Xiaoliang},
  journal={ISPRS Journal of Photogrammetry and Remote Sensing},
  volume={208},
  pages={53--69},
  year={2024},
  publisher={Elsevier}
}

@article{toft2020long,
  title={Long-term visual localization revisited},
  author={Toft, Carl and Maddern, Will and Torii, Akihiko and Hammarstrand, Lars and Stenborg, Erik and Safari, Daniel and Okutomi, Masatoshi and Pollefeys, Marc and Sivic, Josef and Pajdla, Tomas and others},
  journal={IEEE Transactions on Pattern Analysis and Machine Intelligence},
  volume={44},
  number={4},
  pages={2074--2088},
  year={2020},
  publisher={IEEE}
}

@inproceedings{huang2023adaptive,
  title={Adaptive assignment for geometry aware local feature matching},
  author={Huang, Dihe and Chen, Ying and Liu, Yong and Liu, Jianlin and Xu, Shang and Wu, Wenlong and Ding, Yikang and Tang, Fan and Wang, Chengjie},
  booktitle={Proceedings of the IEEE/CVF Conference on Computer Vision and Pattern Recognition},
  pages={5425--5434},
  year={2023}
}

@inproceedings{lee2023learning,
  title={Learning rotation-equivariant features for visual correspondence},
  author={Lee, Jongmin and Kim, Byungjin and Kim, Seungwook and Cho, Minsu},
  booktitle={Proceedings of the IEEE/CVF Conference on Computer Vision and Pattern Recognition},
  pages={21887--21897},
  year={2023}
}
@ARTICLE{9726928,
  author={Zhao, Xiaoming and Wu, Xingming and Miao, Jinyu and Chen, Weihai and Chen, Peter C. Y. and Li, Zhengguo},
  journal={IEEE Transactions on Multimedia}, 
  title={ALIKE: Accurate and Lightweight Keypoint Detection and Descriptor Extraction}, 
  year={2023},
  volume={25},
  number={},
  pages={3101-3112},
  keywords={Feature extraction;Training;Task analysis;Location awareness;Deep learning;Network architecture;Visualization;Keypoint detection;keypoint descriptor;deep learning;local feature;image feature extraction;image matching},
  doi={10.1109/TMM.2022.3155927}}

@ARTICLE{9999700,
  author={Deng, Yuxin and Ma, Jiayi},
  journal={IEEE Transactions on Image Processing}, 
  title={ReDFeat: Recoupling Detection and Description for Multimodal Feature Learning}, 
  year={2023},
  volume={32},
  number={},
  pages={591-602},
  keywords={Feature extraction;Detectors;Training;Reliability;Representation learning;Optimization;Benchmark testing;Detection and description;multimodal feature learning;mutual weighting strategy;image matching},
  doi={10.1109/TIP.2022.3231135}}

@article{xiang2018sift,
  title={OS-SIFT: A robust SIFT-like algorithm for high-resolution optical-to-SAR image registration in suburban areas},
  author={Xiang, Yuming and Wang, Feng and You, Hongjian},
  journal={IEEE Transactions on Geoscience and Remote Sensing},
  volume={56},
  number={6},
  pages={3078--3090},
  year={2018},
  publisher={IEEE}
}

@article{fan20223mrs,
  title={3MRS: An effective coarse-to-fine matching method for multimodal remote sensing imagery},
  author={Fan, Zhongli and Liu, Yuxian and Liu, Yuxuan and Zhang, Li and Zhang, Junjun and Sun, Yushan and Ai, Haibin},
  journal={Remote Sensing},
  volume={14},
  number={3},
  pages={478},
  year={2022},
  publisher={MDPI}
}
@article{zhang2023histogram,
  title={Histogram of the orientation of the weighted phase descriptor for multi-modal remote sensing image matching},
  author={Zhang, Yongjun and Yao, Yongxiang and Wan, Yi and Liu, Weiyu and Yang, Wupeng and Zheng, Zhi and Xiao, Rang},
  journal={ISPRS Journal of Photogrammetry and Remote Sensing},
  volume={196},
  pages={1--15},
  year={2023},
  publisher={Elsevier}
}
@Article{rs13122364,
AUTHOR = {LaHaye, Nicholas and Garay, Michael J. and Bue, Brian D. and El-Askary, Hesham and Linstead, Erik},
TITLE = {A Quantitative Validation of Multi-Modal Image Fusion and Segmentation for Object Detection and Tracking},
JOURNAL = {Remote Sensing},
VOLUME = {13},
YEAR = {2021},
NUMBER = {12},
ARTICLE-NUMBER = {2364},
ISSN = {2072-4292},
DOI = {10.3390/rs13122364}
}

@article{SU2024103696,
title = {A multimodal fusion framework for urban scene understanding and functional identification using geospatial data},
journal = {International Journal of Applied Earth Observation and Geoinformation},
volume = {127},
pages = {103696},
year = {2024},
issn = {1569-8432},
author = {Chen Su and Xinli Hu and Qingyan Meng and Linlin Zhang and Wenxu Shi and Maofan Zhao},
keywords = {Urban scene understanding, Urban function, Multimodal data, Remote sensing}
}

@article{Zhang2024ALT,
  title={A Light-weight Transformer-based Self-supervised Matching Network for Heterogeneous Images},
  author={Wang Zhang and Tingting Li and Yuntian Zhang and Gensheng Pei and XiRuo Jiang and Yazhou Yao},
  journal={ArXiv},
  year={2024},
  volume={abs/2404.19311}
}

@ARTICLE{os_sift,
  author={Xiang, Yuming and Wang, Feng and You, Hongjian},
  journal={IEEE Transactions on Geoscience and Remote Sensing}, 
  title={OS-SIFT: A Robust SIFT-Like Algorithm for High-Resolution Optical-to-SAR Image Registration in Suburban Areas}, 
  year={2018},
  volume={56},
  number={6},
  pages={3078-3090},
  keywords={Optical imaging;Adaptive optics;Optical sensors;Feature extraction;Optical distortion;Synthetic aperture radar;Geometrical optics;High resolution (HR);image registration;multisensor;optical;scale-invariant feature transform (SIFT);synthetic aperture radar (SAR)},
  doi={10.1109/TGRS.2018.2790483}}

@ARTICLE{R2FD2,
  author={Zhu, Bai and Yang, Chao and Dai, Jinkun and Fan, Jianwei and Qin, Yao and Ye, Yuanxin},
  journal={IEEE Transactions on Geoscience and Remote Sensing}, 
  title={R$_2$FD$_2$: Fast and Robust Matching of Multimodal Remote Sensing Images via Repeatable Feature Detector and Rotation-Invariant Feature Descriptor}, 
  year={2023},
  volume={61},
  number={},
  pages={1-15},
  keywords={Feature extraction;Detectors;Pipelines;Indexes;Resistance;Optical imaging;Measurement;Multichannel autocorrelation of the log-Gabor (MALG);multimodal image matching;R₂FD₂;rotation-invariant maximum index map (RMIM);rotation-invariant maximum index map of the log-Gabor (RMLG)},
  doi={10.1109/TGRS.2023.3264610}}

@ARTICLE{10575931,
  author={Zhang, Xiaoting and Wang, Yinghua and Liu, Jun and Wang, Siyuan and Zhang, Chen and Liu, Hongwei},
  journal={IEEE Transactions on Geoscience and Remote Sensing}, 
  title={Robust Coarse-to-Fine Registration Algorithm for Optical and SAR Images Based on Two Novel Multiscale and Multidirectional Features}, 
  year={2024},
  volume={62},
  number={},
  pages={1-26},
  keywords={Feature extraction;Optical imaging;Radar polarimetry;Adaptive optics;Optical sensors;Accuracy;Reliability;Coarse-to-fine;combination method;consistent feature;fine feature;optical and synthetic aperture radar (SAR) image registration},
  doi={10.1109/TGRS.2024.3417217}}

@INPROCEEDINGS{9157219,
  author={Arar, Moab and Ginger, Yiftach and Danon, Dov and Bermano, Amit H. and Cohen-Or, Daniel},
  booktitle={2020 IEEE/CVF Conference on Computer Vision and Pattern Recognition (CVPR)}, 
  title={Unsupervised Multi-Modal Image Registration via Geometry Preserving Image-to-Image Translation}, 
  year={2020},
  volume={},
  number={},
  pages={13407-13416},
  keywords={Measurement;Training;Strain;Geometry;Task analysis;Image registration;Reliability},
  doi={10.1109/CVPR42600.2020.01342}}

@INPROCEEDINGS{9878923,
  author={Xu, Han and Ma, Jiayi and Yuan, Jiteng and Le, Zhuliang and Liu, Wei},
  booktitle={2022 IEEE/CVF Conference on Computer Vision and Pattern Recognition (CVPR)}, 
  title={RFNet: Unsupervised Network for Mutually Reinforcing Multi-modal Image Registration and Fusion}, 
  year={2022},
  volume={},
  number={},
  pages={19647-19656},
  keywords={Measurement;Deformable models;Image registration;Computer vision;Pattern recognition;Task analysis;Image fusion;Computational photography; Low-level vision},
  doi={10.1109/CVPR52688.2022.01906}}

@ARTICLE{10662912,
  author={Nie, Han and Luo, Bin and Liu, Jun and Fu, Zhitao and Liu, Weixing and Wang, Chenjie and Su, Xin},
  journal={IEEE Transactions on Geoscience and Remote Sensing}, 
  title={A Novel Rotation and Scale Equivariant Network for Optical-SAR Image Matching}, 
  year={2024},
  volume={62},
  number={},
  pages={1-14},
  keywords={Feature extraction;Optical imaging;Optical sensors;Adaptive optics;Radar polarimetry;Nonlinear optics;Optical filters;Equivariant matching;image matching;remote sensing image;rotation and scale invariance;synthetic aperture radar (SAR)},
  doi={10.1109/TGRS.2024.3452929}}

@article{nie2024remm,
  title={REMM: Rotation-Equivariant Framework for End-to-End Multimodal Image Matching},
  author={Nie, Han and Luo, Bin and Liu, Jun and Fu, Zhitao and Liu, Weixing and Su, Xin},
  journal={arXiv preprint arXiv:2407.11637},
  year={2024}
}
@article{jiang2021cotr,
  title={COTR: Correspondence Transformer for Matching Across Images},
  author={Wei Jiang and Eduard Trulls and Jan Hendrik Hosang and Andrea Tagliasacchi and Kwang Moo Yi},
  journal={2021 IEEE/CVF International Conference on Computer Vision (ICCV)},
  year={2021},
  pages={6187-6197},
}

@misc{ren2024any,
      title={Any Image Restoration with Efficient Automatic Degradation Adaptation}, 
      author={Bin Ren and Eduard Zamfir and Yawei Li and Zongwei Wu and Danda Pani Paudel and Radu Timofte and Nicu Sebe and Luc Van Gool},
      year={2024},
      eprint={2407.13372},
      archivePrefix={arXiv},
      primaryClass={cs.CV}
}

@inproceedings{potlapalli2023promptir,
  title={PromptIR: Prompting for All-in-One Image Restoration},
  author={Potlapalli, Vaishnav and Zamir, Syed Waqas and Khan, Salman and Khan, Fahad},
  booktitle={Thirty-seventh Conference on Neural Information Processing Systems},
  year={2023}
}

@INPROCEEDINGS{10655208,
  author={Yang, Hao and Pan, Liyuan and Yang, Yan and Liang, Wei},
  booktitle={2024 IEEE/CVF Conference on Computer Vision and Pattern Recognition (CVPR)}, 
  title={Language-driven All-in-one Adverse Weather Removal}, 
  year={2024},
  volume={},
  number={},
  pages={24902-24912},
  keywords={Degradation;Knowledge engineering;Computer vision;Adaptation models;Cognition;Pattern recognition;Meteorology},
  doi={10.1109/CVPR52733.2024.02352}}

@INPROCEEDINGS{10204275,
  author={Zhu, Yurui and Wang, Tianyu and Fu, Xueyang and Yang, Xuanyu and Guo, Xin and Dai, Jifeng and Qiao, Yu and Hu, Xiaowei},
  booktitle={2023 IEEE/CVF Conference on Computer Vision and Pattern Recognition (CVPR)}, 
  title={Learning Weather-General and Weather-Specific Features for Image Restoration Under Multiple Adverse Weather Conditions}, 
  year={2023},
  volume={},
  number={},
  pages={21747-21758},
  keywords={Training;Degradation;Adaptation models;Computer vision;Codes;Computational modeling;Benchmark testing;Low-level vision},
  doi={10.1109/CVPR52729.2023.02083}}

@inproceedings{ai2024multimodal,
  title={Multimodal Prompt Perceiver: Empower Adaptiveness Generalizability and Fidelity for All-in-One Image Restoration},
  author={Ai, Yuang and Huang, Huaibo and Zhou, Xiaoqiang and Wang, Jiexiang and He, Ran},
  booktitle={Proceedings of the IEEE/CVF Conference on Computer Vision and Pattern Recognition},
  pages={25432--25444},
  year={2024}
}

@ARTICLE{10491294,
  author={Zhao, Qisen and Dong, Liquan and Liu, Ming and Kong, Lingqin and Chu, Xuhong and Hui, Mei and Zhao, Yuejin},
  journal={IEEE Transactions on Geoscience and Remote Sensing}, 
  title={Visible/Infrared Image Registration Based on Region-Adaptive Contextual Multifeatures}, 
  year={2024},
  volume={62},
  number={},
  pages={1-17},
  keywords={Feature extraction;Transformers;Image matching;Image edge detection;Task analysis;Visualization;Deep learning;Adaptive-neighborhood;contextual multifeatures;cross-modality matching;image matching;transformer},
  doi={10.1109/TGRS.2024.3385088}}

@article{LI2022102638,
title = {MCANet: A joint semantic segmentation framework of optical and SAR images for land use classification},
journal = {International Journal of Applied Earth Observation and Geoinformation},
volume = {106},
pages = {102638},
year = {2022},
issn = {1569-8432},
author = {Xue Li and Guo Zhang and Hao Cui and Shasha Hou and Shunyao Wang and Xin Li and Yujia Chen and Zhijiang Li and Li Zhang},
keywords = {Deep convolution neural network, Multimodal-cross attention network, Land use classification, Optical images, SAR images},
abstract = {Deep convolution neural network (DCNN) is among the most effective ways of performing land use classification of high-resolution remote sensing images. Land use classification by fusing optical and synthetic aperture radar (SAR) images has broad application prospects, but related research studies are few. In this study, we developed the first and largest joint optical and SAR land use classification dataset, WHU-OPT-SAR, covering an area of approximately 50,000 km2, and designed a multimodal-cross attention network (MCANet). MCANet comprises three core modules: the pseudo-siamese feature extraction module, multimodal-cross attention module, and low-high level feature fusion module, which are used for independent feature extraction of optical and SAR images, second-order hidden feature mining, and multi-scale feature fusion. The land use classification accuracy of our approach on the WHU-OPT-SAR dataset was approximately 5% higher than that of optic-image-based approaches. Moreover, the accuracy of city,village,road,water,forest, and farmland classification was improved by 7%, 2%, 5%, 6%, 1%, and 0.6%, respectively, reflecting the superior performance of fusing optical and SAR images. Furthermore, the classification accuracy in Hubei Province of China, which covers an area of 190,000 km2, has also increased by approximately 5%, which verifies the effectiveness of our approach.}
}

@ARTICLE{10044278,
  author={Zhu, Bai and Zhou, Liang and Pu, Simiao and Fan, Jianwei and Ye, Yuanxin},
  journal={IEEE Journal on Miniaturization for Air and Space Systems}, 
  title={Advances and Challenges in Multimodal Remote Sensing Image Registration}, 
  year={2023},
  volume={4},
  number={2},
  pages={165-174},
  keywords={Pipelines;Optical sensors;Image registration;Measurement;Optical imaging;Integrated optics;Spatial resolution;Image registration;monomodal sensors;multimodal sensors;remote sensing},
  doi={10.1109/JMASS.2023.3244848}}

@article{YE2018205,
title = {A local phase based invariant feature for remote sensing image matching},
journal = {ISPRS Journal of Photogrammetry and Remote Sensing},
volume = {142},
pages = {205-221},
year = {2018},
issn = {0924-2716},
doi = {https://doi.org/10.1016/j.isprsjprs.2018.06.010},
author = {Yuanxin Ye and Jie Shan and Siyuan Hao and Lorenzo Bruzzone and Yao Qin},
keywords = {Image matching, Remote sensing images, Local invariant features, Radiometric differences}}

@article{ZHANG2024102425,
title = {LTFormer: A light-weight transformer-based self-supervised matching network for heterogeneous remote sensing images},
journal = {Information Fusion},
volume = {109},
pages = {102425},
year = {2024},
issn = {1566-2535},
doi = {https://doi.org/10.1016/j.inffus.2024.102425},
author = {Wang Zhang and Tingting Li and Yuntian Zhang and Gensheng Pei and Xiruo Jiang and Yazhou Yao},
keywords = {Image matching, Transformer, Light-weight, Heterogeneous remote sensing images, Self-supervised learning},
abstract = {Matching visible and near-infrared (NIR) images is a major challenge in remote sensing image fusion due to nonlinear radiometric differences. Deep learning has shown promise in computer vision, but most methods rely on supervised learning with limited annotated data in remote sensing. To address this, we propose a novel keypoint descriptor approach that obtains robust feature descriptors via a self-supervised matching network. Our light-weight transformer network, LTFormer, generates deep-level feature descriptors. Furthermore, we implement an innovative triplet loss function, LT Loss, to enhance the matching performance further. Our approach outperforms conventional hand-crafted local feature descriptors and proves equally competitive compared to state-of-the-art deep learning-based methods, even amidst the shortage of annotated data. Code and pre-trained model are available at https://github.com/NUST-Machine-Intelligence-Laboratory/LTFormer.}
}

@ARTICLE{10538340,
  author={Han, Zhen and Lv, Ning and Wang, Zhiyi and Han, Wei and Cong, Li and Wan, Shaohua and Chen, Chen},
  journal={IEEE Journal of Selected Topics in Applied Earth Observations and Remote Sensing}, 
  title={Contrastive Learning of Multimodal Consistency Feature Representation for Remote Sensing Image Registration}, 
  year={2024},
  volume={17},
  number={},
  pages={10740-10751},
  keywords={Remote sensing;Image registration;Feature extraction;Task analysis;Semantics;Robustness;Noise;Contrastive learning;feature representation;multimodal image;remote sensing image registration},
  doi={10.1109/JSTARS.2024.3405020}}

@InProceedings{han2021ReDet,
    author    = {Han, Jiaming and Ding, Jian and Xue, Nan and Xia, Gui-Song},
    title     = {ReDet: A Rotation-equivariant Detector for Aerial Object Detection},
    booktitle = {Proceedings of the IEEE/CVF Conference on Computer Vision and Pattern Recognition (CVPR)},
    month     = {June},
    year      = {2021},
    pages     = {2786-2795}
}

@inproceedings{GCNNs,
author = {Cohen, Taco S. and Welling, Max},
title = {Group equivariant convolutional networks},
year = {2016},
publisher = {JMLR.org},
abstract = {We introduce Group equivariant Convolutional Neural Networks (G-CNNs), a natural generalization of convolutional neural networks that reduces sample complexity by exploiting symmetries. G-CNNs use G-convolutions, a new type of layer that enjoys a substantially higher degree of weight sharing than regular convolution layers. G-convolutions increase the expressive capacity of the network without increasing the number of parameters. Group convolution layers are easy to use and can be implemented with negligible computational overhead for discrete groups generated by translations, reflections and rotations. G-CNNs achieve state of the art results on CI- FAR10 and rotated MNIST.},
booktitle = {Proceedings of the 33rd International Conference on International Conference on Machine Learning - Volume 48},
pages = {2990–2999},
numpages = {10},
location = {New York, NY, USA},
series = {ICML'16}
}

@article{Peri2022ReFR,
  title={ReF - Rotation Equivariant Features for Local Feature Matching},
  author={Abhishek Peri and K. Mehta and Avneesh Mishra and Michael Milford and Sourav Garg and K. Madhava Krishna},
  journal={ArXiv},
  year={2022},
  volume={abs/2203.05206}
}

@inproceedings{e2cnn,
    title={{General E(2)-Equivariant Steerable CNNs}},
    author={Weiler, Maurice and Cesa, Gabriele},
    booktitle={Conference on Neural Information Processing Systems (NeurIPS)},
    year={2019},
}

@article{yang2023rotation,
  title={Rotation-Scale Equivariant Steerable Filters},
  author={Yang, Yilong and Dasmahapatra, Srinandan and Mahmoodi, Sasan},
  journal={Medical Imaging with Deep Learning},
  year={2023}
}
@inproceedings{NEURIPS2023_d42523d6,
 author = {Sanborn, Sophia and Miolane, Nina},
 booktitle = {Advances in Neural Information Processing Systems},
 editor = {A. Oh and T. Naumann and A. Globerson and K. Saenko and M. Hardt and S. Levine},
 pages = {67103--67124},
 publisher = {Curran Associates, Inc.},
 title = {A General Framework for Robust G-Invariance in G-Equivariant Networks},
 volume = {36},
 year = {2023}
}
@article{ZHANG2024102298,
title = {Shared contents alignment across multiple granularities for robust SAR-optical image matching},
journal = {Information Fusion},
volume = {106},
pages = {102298},
year = {2024},
issn = {1566-2535},
doi = {https://doi.org/10.1016/j.inffus.2024.102298},
url = {https://www.sciencedirect.com/science/article/pii/S1566253524000769},
author = {Hong Zhang and Yuxin Yue and Haojie Li and Pan Liu and Yusheng Jia and Wei He and Zhihui Wang},
keywords = {Synthetic aperture radar(SAR), Optical image, Multimodal image matching, Deep learning}}

@article{REN2022102896,
title = {A dual-stream high resolution network: Deep fusion of GF-2 and GF-3 data for land cover classification},
journal = {International Journal of Applied Earth Observation and Geoinformation},
volume = {112},
pages = {102896},
year = {2022},
issn = {1569-8432},
doi = {https://doi.org/10.1016/j.jag.2022.102896},
author = {Bo Ren and Shibin Ma and Biao Hou and Danfeng Hong and Jocelyn Chanussot and Jianlong Wang and Licheng Jiao},
keywords = {Heterogeneous data fusion, SAR-optical, Land cover classification, Multi-modalities}
}

@ARTICLE{9057421,
  author={Jiang, Xiao and Li, Gang and Liu, Yu and Zhang, Xiao-Ping and He, You},
  journal={IEEE Journal of Selected Topics in Applied Earth Observations and Remote Sensing}, 
  title={Change Detection in Heterogeneous Optical and SAR Remote Sensing Images Via Deep Homogeneous Feature Fusion}, 
  year={2020},
  volume={13},
  number={},
  pages={1551-1566},
  keywords={Feature extraction;Synthetic aperture radar;Optical sensors;Remote sensing;Optical imaging;Semantics;Cost function;Change detection;heterogeneous;image style transfer (IST);remote sensing},
  doi={10.1109/JSTARS.2020.2983993}}

@article{TANG2023101870,
title = {Rethinking the necessity of image fusion in high-level vision tasks: A practical infrared and visible image fusion network based on progressive semantic injection and scene fidelity},
journal = {Information Fusion},
volume = {99},
pages = {101870},
year = {2023},
issn = {1566-2535},
doi = {https://doi.org/10.1016/j.inffus.2023.101870},
author = {Linfeng Tang and Hao Zhang and Han Xu and Jiayi Ma},
keywords = {Image fusion, High-level vision task, Progressive semantic injection, Scene fidelity, Feature-level fusion},
}
@article{LI2023272,
title = {Aligning semantic distribution in fusing optical and SAR images for land use classification},
journal = {ISPRS Journal of Photogrammetry and Remote Sensing},
volume = {199},
pages = {272-288},
year = {2023},
issn = {0924-2716},
doi = {https://doi.org/10.1016/j.isprsjprs.2023.04.008},
author = {Wangbin Li and Kaimin Sun and Wenzhuo Li and Jinjiang Wei and Shunxia Miao and Song Gao and Qinhui Zhou},
keywords = {Land use classification, Spatial-aware circular module, Semantic distribution alignment loss, Fusion condition},
}

@article{FAN2024102252,
title = {GLS–MIFT: A modality invariant feature transform with global-to-local searching},
journal = {Information Fusion},
volume = {105},
pages = {102252},
year = {2024},
issn = {1566-2535},
doi = {https://doi.org/10.1016/j.inffus.2024.102252},
author = {Zhongli Fan and Yingdong Pi and Mi Wang and Yifei Kang and Kai Tan},
keywords = {Multimodal images, Nonlinear radiation distortion (NRD), Feature detector, Descriptor and matcher, Global-to-local searching (GLS) strategy, Scale- and rotation-invariance},
}

@article{han2024contrastive,
  title={Contrastive Learning of Multimodal Consistency Feature Representation for Remote Sensing Image Registration},
  author={Han, Zhen and Lv, Ning and Wang, Zhiyi and Han, Wei and Cong, Li and Wan, Shaohua and Chen, Chen},
  journal={IEEE Journal of Selected Topics in Applied Earth Observations and Remote Sensing},
  year={2024},
  publisher={IEEE}
}

@article{ye2024robust,
  title={Robust optical and SAR image matching using attention-enhanced structural features},
  author={Ye, Yuanxin and Yang, Chao and Gong, Guoqing and Yang, Peizhen and Quan, Dou and Li, Jiayuan},
  journal={IEEE Transactions on Geoscience and Remote Sensing},
  volume={62},
  pages={1--12},
  year={2024},
  publisher={IEEE}
}

@INPROCEEDINGS{10064578,
  author={James, Latha and Nidamanuri, Rama Rao and Murali Krishnan, S and Anjaneyulu, Rvg and Srinivas, Cv},
  booktitle={2023 International Conference on Machine Intelligence for GeoAnalytics and Remote Sensing (MIGARS)}, 
  title={A Novel Approach for SAR to Optical Image Registration using Deep Learning}, 
  year={2023},
  volume={1},
  number={},
  pages={1-4},
  keywords={Image registration;Correlation;Optical imaging;Geometrical optics;Adaptive optics;Radar polarimetry;Registers;Synthetic Aperture Radar;optical;Generator;Discriminator;Conditional Generative Adversarial Network;Fast Fourier Transform correlation},
  doi={10.1109/MIGARS57353.2023.10064578}}

@INPROCEEDINGS{10282673,
  author={Zhang, Xiushe and Wang, Xinlin and Han, Chunlei and Mu, Jinming and Gou, Shuiping},
  booktitle={IGARSS 2023 - 2023 IEEE International Geoscience and Remote Sensing Symposium}, 
  title={Feature Adversarial Network for Multimodal Template Matching}, 
  year={2023},
  volume={},
  number={},
  pages={612-615},
  keywords={Image quality;Correlation;Image synthesis;Geoscience and remote sensing;Transforms;Generative adversarial networks;Adversarial machine learning;generative adversarial network;multi-modal images;template matching},
  doi={10.1109/IGARSS52108.2023.10282673}}

@article{achiam2023gpt,
  title={Gpt-4 technical report},
  author={Achiam, Josh and Adler, Steven and Agarwal, Sandhini and Ahmad, Lama and Akkaya, Ilge and Aleman, Florencia Leoni and Almeida, Diogo and Altenschmidt, Janko and Altman, Sam and Anadkat, Shyamal and others},
  journal={arXiv preprint arXiv:2303.08774},
  year={2023}
}
@article{kirillov2023segany,
  title={Segment Anything},
  author={Kirillov, Alexander and Mintun, Eric and Ravi, Nikhila and Mao, Hanzi and Rolland, Chloe and Gustafson, Laura and Xiao, Tete and Whitehead, Spencer and Berg, Alexander C. and Lo, Wan-Yen and Doll{\'a}r, Piotr and Girshick, Ross},
  journal={arXiv:2304.02643},
  year={2023}
}
@article{oquab2023dinov2,
  title={Dinov2: Learning robust visual features without supervision},
  author={Oquab, Maxime and Darcet, Timoth{\'e}e and Moutakanni, Th{\'e}o and Vo, Huy and Szafraniec, Marc and Khalidov, Vasil and Fernandez, Pierre and Haziza, Daniel and Massa, Francisco and El-Nouby, Alaaeldin and others},
  journal={arXiv preprint arXiv:2304.07193},
  year={2023}
}

@inproceedings{radford2021learning,
  title={Learning transferable visual models from natural language supervision},
  author={Radford, Alec and Kim, Jong Wook and Hallacy, Chris and Ramesh, Aditya and Goh, Gabriel and Agarwal, Sandhini and Sastry, Girish and Askell, Amanda and Mishkin, Pamela and Clark, Jack and others},
  booktitle={International conference on machine learning},
  pages={8748--8763},
  year={2021},
  organization={PMLR}
}

@article{ZERMATTEN2025621,
title = {Learning transferable land cover semantics for open vocabulary interactions with remote sensing images},
journal = {ISPRS Journal of Photogrammetry and Remote Sensing},
volume = {220},
pages = {621-636},
year = {2025},
issn = {0924-2716},
doi = {https://doi.org/10.1016/j.isprsjprs.2025.01.006},
author = {Valérie Zermatten and Javiera Castillo-Navarro and Diego Marcos and Devis Tuia},
keywords = {Land cover mapping, Open vocabulary semantic segmentation, Vision-language model for remote sensing},
}

@misc{SD,
  doi = {10.48550/ARXIV.2204.11824},
  author = {Blattmann, Andreas and Rombach, Robin and Oktay, Kaan and Ommer, Björn},
  keywords = {Computer Vision and Pattern Recognition (cs.CV), FOS: Computer and information sciences, FOS: Computer and information sciences},
  title = {Retrieval-Augmented Diffusion Models},
  publisher = {arXiv},
  year = {2022},  
  copyright = {arXiv.org perpetual, non-exclusive license}
}

@ARTICLE{8935498,
  author={Li, Jiayuan and Hu, Qingwu and Ai, Mingyao},
  journal={IEEE Transactions on Image Processing}, 
  title={RIFT: Multi-Modal Image Matching Based on Radiation-Variation Insensitive Feature Transform}, 
  year={2020},
  volume={29},
  number={},
  pages={3296-3310},
  keywords={Feature extraction;Image matching;Remote sensing;Nonlinear distortion;Optical distortion;Detectors;Multi-modal image matching;nonlinear radiation distortions (NRD);feature matching;maximum index map (MIM);phase congruency (PC)},
  doi={10.1109/TIP.2019.2959244}}

@article{edstedt2024roma,
title={{RoMa: Robust Dense Feature Matching}},
author={Edstedt, Johan and Sun, Qiyu and Bökman, Georg and Wadenbäck, Mårten and Felsberg, Michael},
journal={IEEE Conference on Computer Vision and Pattern Recognition},
year={2024}
}
@article{OFVERSTEDT2022196,
title = {Fast computation of mutual information in the frequency domain with applications to global multimodal image alignment},
journal = {Pattern Recognition Letters},
volume = {159},
pages = {196-203},
year = {2022},
issn = {0167-8655},
doi = {https://doi.org/10.1016/j.patrec.2022.05.022},
}
@INPROCEEDINGS{10377620,
  author={Lindenberger, Philipp and Sarlin, Paul-Edouard and Pollefeys, Marc},
  booktitle={2023 IEEE/CVF International Conference on Computer Vision (ICCV)}, 
  title={LightGlue: Local Feature Matching at Light Speed}, 
  year={2023},
  volume={},
  number={},
  pages={17581-17592},
  keywords={Adaptation models;Visualization;Technological innovation;Codes;Three-dimensional displays;Computational modeling;Memory management},
  doi={10.1109/ICCV51070.2023.01616}}

@article{2019SuperGlue,
  title={SuperGlue: Learning Feature Matching with Graph Neural Networks},
  author={ Sarlin, Paul Edouard  and  Detone, Daniel  and  Malisiewicz, Tomasz  and  Rabinovich, Andrew },
  journal={arXiv},
  year={2019},
}

@INPROCEEDINGS{8099893,
  author={Balntas, Vassileios and Lenc, Karel and Vedaldi, Andrea and Mikolajczyk, Krystian},
  booktitle={2017 IEEE Conference on Computer Vision and Pattern Recognition (CVPR)}, 
  title={HPatches: A Benchmark and Evaluation of Handcrafted and Learned Local Descriptors}, 
  year={2017},
  volume={},
  number={},
  pages={3852-3861},
  keywords={Benchmark testing;Detectors;Protocols;Feature extraction;Size measurement},
  doi={10.1109/CVPR.2017.410}}

@INPROCEEDINGS{8099744,
  author={Dai, Angela and Chang, Angel X. and Savva, Manolis and Halber, Maciej and Funkhouser, Thomas and Nießner, Matthias},
  booktitle={2017 IEEE Conference on Computer Vision and Pattern Recognition (CVPR)}, 
  title={ScanNet: Richly-Annotated 3D Reconstructions of Indoor Scenes}, 
  year={2017},
  volume={},
  number={},
  pages={2432-2443},
  keywords={Three-dimensional displays;Semantics;Surface reconstruction;Solid modeling;Sensors;Image reconstruction;Two dimensional displays},
  doi={10.1109/CVPR.2017.261}}

@ARTICLE{10715536,
  author={Liu, Yuyan and He, Wei and Zhang, Hongyan},
  journal={IEEE Transactions on Image Processing}, 
  title={GRiD: Guided Refinement for Detector-Free Multimodal Image Matching}, 
  year={2024},
  volume={33},
  number={},
  pages={5892-5906},
  keywords={Feature extraction;Image matching;Transformers;Optical imaging;Detectors;Semantics;Image edge detection;Adaptive optics;Robustness;Remote sensing;Image matching;detector-free;guided refinement;multimodal images},
  doi={10.1109/TIP.2024.3472491}}

@ARTICLE{10663449,
  author={Tang, Datao and Cao, Xiangyong and Hou, Xingsong and Jiang, Zhongyuan and Liu, Junmin and Meng, Deyu},
  journal={IEEE Transactions on Geoscience and Remote Sensing}, 
  title={CRS-Diff: Controllable Remote Sensing Image Generation With Diffusion Model}, 
  year={2024},
  volume={62},
  number={},
  pages={1-14},
  keywords={Diffusion models;Image synthesis;Image resolution;Text to image;Remote sensing;Training;Task analysis;Controllable generation;deep learning;diffusion model;remote sensing (RS) image},
  doi={10.1109/TGRS.2024.3453414}}


@article{WANG2025125,
title = {Semantic guided large scale factor remote sensing image super-resolution with generative diffusion prior},
journal = {ISPRS Journal of Photogrammetry and Remote Sensing},
volume = {220},
pages = {125-138},
year = {2025},
issn = {0924-2716},
doi = {https://doi.org/10.1016/j.isprsjprs.2024.12.001},
author = {Ce Wang and Wanjie Sun},
keywords = {Super-resolution, Remote sensing imagery, Style transfer, Semantic guidance, Generative model},
}

@ARTICLE{10409216,
  author={Chen, Keyan and Liu, Chenyang and Chen, Hao and Zhang, Haotian and Li, Wenyuan and Zou, Zhengxia and Shi, Zhenwei},
  journal={IEEE Transactions on Geoscience and Remote Sensing}, 
  title={RSPrompter: Learning to Prompt for Remote Sensing Instance Segmentation Based on Visual Foundation Model}, 
  year={2024},
  volume={62},
  number={},
  pages={1-17},
  keywords={Instance segmentation;Image segmentation;Remote sensing;Task analysis;Sensors;Decoding;Detectors;Foundation model;instance segmentation;prompt learning;remote sensing images;segment anything model (SAM)},
  doi={10.1109/TGRS.2024.3356074}}

@ARTICLE{10680168,
  author={Luo, Muying and Zhang, Tao and Wei, Shiqing and Ji, Shunping},
  journal={IEEE Transactions on Geoscience and Remote Sensing}, 
  title={SAM-RSIS: Progressively Adapting SAM With Box Prompting to Remote Sensing Image Instance Segmentation}, 
  year={2024},
  volume={62},
  number={},
  pages={1-14},
  keywords={Remote sensing;Instance segmentation;Image segmentation;Adaptation models;Decoding;Semantics;Object detection;Efficient tuning;foundation model;instance segmentation;remote sensing;segment anything model (SAM)},
  doi={10.1109/TGRS.2024.3460085}}

@InProceedings{cbam,
author="Woo, Sanghyun
and Park, Jongchan
and Lee, Joon-Young
and Kweon, In So",
editor="Ferrari, Vittorio
and Hebert, Martial
and Sminchisescu, Cristian
and Weiss, Yair",
title="CBAM: Convolutional Block Attention Module",
booktitle="Computer Vision -- ECCV 2018",
year="2018",
publisher="Springer International Publishing",
address="Cham",
pages="3--19",
}
@misc{zhang2023adding,
  title={Adding Conditional Control to Text-to-Image Diffusion Models}, 
  author={Lvmin Zhang and Anyi Rao and Maneesh Agrawala},
  booktitle={IEEE International Conference on Computer Vision (ICCV)},
  year={2023},
}

@article{li2024sm3det,
  title={Sm3det: A unified model for multi-modal remote sensing object detection},
  author={Li, Yuxuan and Li, Xiang and Li, Yunheng and Zhang, Yicheng and Dai, Yimian and Hou, Qibin and Cheng, Ming-Ming and Yang, Jian},
  journal={arXiv preprint arXiv:2412.20665},
  year={2024}
}

@ARTICLE{10145843,
  author={Xu, Han and Yuan, Jiteng and Ma, Jiayi},
  journal={IEEE Transactions on Pattern Analysis and Machine Intelligence}, 
  title={MURF: Mutually Reinforcing Multi-Modal Image Registration and Fusion}, 
  year={2023},
  volume={45},
  number={10},
  pages={12148-12166},
  keywords={Image fusion;Image registration;Measurement;Deformation;Task analysis;Network architecture;Design methodology;Multi-modal images;image registration;image fusion;contrastive learning},
  doi={10.1109/TPAMI.2023.3283682}}

@inproceedings{diff_sar,
author = {Gou, Shuiping and Wang, Xin and Wang, Xinlin and Chen, Yunzhi},
title = {Interpretable Matching of Optical-SAR Image via Dynamically Conditioned Diffusion Models},
year = {2024},
isbn = {9798400706868},
publisher = {Association for Computing Machinery},
address = {New York, NY, USA},
doi = {10.1145/3664647.3681700},
booktitle = {Proceedings of the 32nd ACM International Conference on Multimedia},
pages = {4358–4367},
numpages = {10},
keywords = {diffusion probabilistic model, image matching, synthetic aperture radar images},
location = {Melbourne VIC, Australia},
series = {MM '24}
}

@misc{han2024bridging,
      title={Bridging Remote Sensors with Multisensor Geospatial Foundation Models}, 
      author={Boran Han and Shuai Zhang and Xingjian Shi and Markus Reichstein},
      year={2024},
      eprint={2404.01260},
      archivePrefix={arXiv},
      primaryClass={cs.CV}
}