@article{10.1093/jamia/ocx068,
    author = {Kuo, Tsung-Ting and Kim, Hyeon-Eui and Ohno-Machado, Lucila},
    title = "{Blockchain distributed ledger technologies for biomedical and health care applications}",
    journal = {Journal of the American Medical Informatics Association},
    volume = {24},
    number = {6},
    pages = {1211-1220},
    year = {2017},
    month = {09},
    issn = {1067-5027},
    doi = {10.1093/jamia/ocx068},
    url = {https://doi.org/10.1093/jamia/ocx068},
    eprint = {https://academic.oup.com/jamia/article-pdf/24/6/1211/34149246/ocx068.pdf},
}

@inproceedings{10.1145/3528535.3531516,
    author = {Messadi, Ines and Becker, Markus Horst and Bleeke, Kai and Jehl, Leander and Mokhtar, Sonia Ben and Kapitza, R\"{u}diger},
    title = {SplitBFT: Improving Byzantine Fault Tolerance Safety Using Trusted Compartments},
    year = {2022},
    isbn = {9781450393409},
    publisher = {Association for Computing Machinery},
    address = {New York, NY, USA},
    url = {https://doi.org/10.1145/3528535.3531516},
    doi = {10.1145/3528535.3531516},
    booktitle = {Proceedings of the 23rd ACM/IFIP International Middleware Conference},
    pages = {56â€“68},
    numpages = {13},
    keywords = {Safety, Intel SGX, Byzantine Fault Tolerance},
    location = {Quebec, QC, Canada},
    series = {Middleware '22}
}

@misc{ciad,
  title = {{3 Pillars of Data Security: Confidentiality, Integrity and Availability}},
  howpublished = {https://mark43.com/resources/blog/3-pillars-of-data-security-confidentiality-availability-integrity/},
  url = {https://mark43.com/resources/blog/3-pillars-of-data-security-confidentiality-availability-integrity/},
  note = {Last accessed: \today}
}

