@article{chen2024catastrophic,
  title={On catastrophic inheritance of large foundation models},
  author={Chen, Hao and Raj, Bhiksha and Xie, Xing and Wang, Jindong},
  journal={DMLR},
  year={2024}
}

@inproceedings{chen2024slight,
  title={Slight Corruption in Pre-training Data Makes Better Diffusion Models},
  author={Chen, Hao and Han, Yujin and Misra, Diganta and Li, Xiang and Hu, Kai and Zou, Difan and Sugiyama, Masashi and Wang, Jindong and Raj, Bhiksha},
  booktitle={Thirty-Eighth Annual Conference on Neural Information Processing Systems (NeurIPS)},
  year={2024}
}


@article{giorgi2024explicit,
  title={Explicit and Implicit Large Language Model Personas Generate Opinions but Fail to Replicate Deeper Perceptions and Biases},
  author={Giorgi, Salvatore and Liu, Tingting and Aich, Ankit and Isman, Kelsey and Sherman, Garrick and Fried, Zachary and Sedoc, Jo{\~a}o and Ungar, Lyle H and Curtis, Brenda},
  journal={arXiv preprint arXiv:2406.14462},
  year={2024}
}

@inproceedings{ungless2023robust,
  title={A robust bias mitigation procedure based on the Stereotype Content model},
  author={Ungless, Eddie and Rafferty, Amy and Nag, Hrichika and Ross, Bj{\"o}rn},
  booktitle={The 5th Workshop on Natural Language Processing and Computational Social Science},
  pages={207--217},
  year={2023},
  organization={Association for Computational Linguistics (ACL)}
}

@inproceedings{li2024culturellm,
  title={Culturellm: Incorporating cultural differences into large language models},
  author={Li, Cheng and Chen, Mengzhou and Wang, Jindong and Sitaram, Sunayana and Xie, Xing},
  booktitle={Thirty-Eighth Annual Conference on Neural Information Processing Systems (NeurIPS)},
  year={2024}
}

@inproceedings{li2024culturepark,
  title={CulturePark: Boosting Cross-cultural Understanding in Large Language Models},
  author={Li, Cheng and Teney, Damien and Yang, Linyi and Wen, Qingsong and Xie, Xing and Wang, Jindong},
  booktitle={Thirty-Eighth Annual Conference on Neural Information Processing Systems (NeurIPS)},
  year={2024}
}


@inproceedings{
    chen2024understanding,
    title={Understanding and Mitigating the Label Noise in Pre-training on Downstream Tasks},
    author={Hao Chen and Jindong Wang and Ankit Shah and Ran Tao and Hongxin Wei and Xing Xie and Masashi Sugiyama and Bhiksha Raj},
    booktitle={The Twelfth International Conference on Learning Representations},
    year={2024}, 
}

@article{
chen2024on,
title={On Catastrophic Inheritance of Large Foundation Models},
author={Hao Chen and Bhiksha Raj and Xing Xie and Jindong Wang},
journal={Journal of Data-centric Machine Learning Research},
year={2024},
}

@article{navigli2023biases,
  title={Biases in large language models: origins, inventory, and discussion},
  author={Navigli, Roberto and Conia, Simone and Ross, Bj{\"o}rn},
  journal={ACM Journal of Data and Information Quality},
  volume={15},
  number={2},
  pages={1--21},
  year={2023},
  publisher={ACM New York, NY}
}

@inproceedings{meng2020text,
  title={Text classification using label names only: A language model self-training approach},
  author={Meng, Yu and Zhang, Yunyi and Huang, Jiaxin and Xiong, Chenyan and Ji, Heng and Zhang, Chao and Han, Jiawei},
  booktitle={Proceedings of the 2020 Conference on Empirical Methods in Natural Language Processing (EMNLP)},
  pages={9006--9017},
  year={2020}
}

@inproceedings{li2024ruleprompt,
  title={RulePrompt: Weakly Supervised Text Classification with Prompting PLMs and Self-Iterative Logical Rules},
  author={Li, Miaomiao and Zhu, Jiaqi and Wang, Yang and Yang, Yi and Li, Yilin and Wang, Hongan},
  booktitle={Proceedings of the ACM on Web Conference 2024},
  pages={4272--4282},
  year={2024}
}

@inproceedings{xue2023repeat,
  title={To repeat or not to repeat: insights from scaling LLM under token-crisis},
  author={Xue, Fuzhao and Fu, Yao and Zhou, Wangchunshu and Zheng, Zangwei and You, Yang},
  booktitle={Proceedings of the 37th International Conference on Neural Information Processing Systems},
  pages={59304--59322},
  year={2023}
}

@article{villalobos2022will,
  title={Will we run out of data? an analysis of the limits of scaling datasets in machine learning},
  author={Villalobos, Pablo and Sevilla, Jaime and Heim, Lennart and Besiroglu, Tamay and Hobbhahn, Marius and Ho, Anson},
  journal={arXiv preprint arXiv:2211.04325},
  volume={1},
  year={2022},
  publisher={arXiv}
}

@inproceedings{lyu2023pathway,
  title={A pathway towards responsible AI generated content},
  author={Lyu, Lingjuan},
  booktitle={Proceedings of the Thirty-Second International Joint Conference on Artificial Intelligence},
  pages={7033--7038},
  year={2023}
}

@inproceedings{rombach2022high,
  title={High-resolution image synthesis with latent diffusion models},
  author={Rombach, Robin and Blattmann, Andreas and Lorenz, Dominik and Esser, Patrick and Ommer, Bj{\"o}rn},
  booktitle={Proceedings of the IEEE/CVF conference on computer vision and pattern recognition},
  pages={10684--10695},
  year={2022}
}

@inproceedings{chenself,
  title={Self-Play Fine-Tuning Converts Weak Language Models to Strong Language Models},
  author={Chen, Zixiang and Deng, Yihe and Yuan, Huizhuo and Ji, Kaixuan and Gu, Quanquan},
  booktitle={Forty-first International Conference on Machine Learning},
  year={2024}
}


@inproceedings{yu2023large,
  title={Large language model as attributed training data generator: a tale of diversity and bias},
  author={Yu, Yue and Zhuang, Yuchen and Zhang, Jieyu and Meng, Yu and Ratner, Alexander and Krishna, Ranjay and Shen, Jiaming and Zhang, Chao},
  booktitle={Proceedings of the 37th International Conference on Neural Information Processing Systems},
  pages={55734--55784},
  year={2023}
}

@article{wang2024bias,
  title={Bias Amplification: Language Models as Increasingly Biased Media},
  author={Wang, Ze and Wu, Zekun and Zhang, Jeremy and Jain, Navya and Guan, Xin and Koshiyama, Adriano},
  journal={arXiv preprint arXiv:2410.15234},
  year={2024}
}

@article{eloundou2024first,
  title={First-Person Fairness in Chatbots},
  author={Eloundou, Tyna and Beutel, Alex and Robinson, David G and Gu-Lemberg, Keren and Brakman, Anna-Luisa and Mishkin, Pamela and Shah, Meghan and Heidecke, Johannes and Weng, Lilian and Kalai, Adam Tauman},
  journal={arXiv preprint arXiv:2410.19803},
  year={2024}
}

@inproceedings{liself,
  title={Self-Alignment with Instruction Backtranslation},
  author={Li, Xian and Yu, Ping and Zhou, Chunting and Schick, Timo and Levy, Omer and Zettlemoyer, Luke and Weston, Jason E and Lewis, Mike},
  booktitle={The Twelfth International Conference on Learning Representations},
 year={2024},
}

@inproceedings{yumetamath,
  title={MetaMath: Bootstrap Your Own Mathematical Questions for Large Language Models},
  author={Yu, Longhui and Jiang, Weisen and Shi, Han and Jincheng, YU and Liu, Zhengying and Zhang, Yu and Kwok, James and Li, Zhenguo and Weller, Adrian and Liu, Weiyang},
  booktitle={The Twelfth International Conference on Learning Representations},
 year={2024},
}

@article{wang2023improving,
  title={Improving text embeddings with large language models},
  author={Wang, Liang and Yang, Nan and Huang, Xiaolong and Yang, Linjun and Majumder, Rangan and Wei, Furu},
  journal={arXiv preprint arXiv:2401.00368},
  year={2023}
}

@inproceedings{wang2023let,
  title={Letâ€™s Synthesize Step by Step: Iterative Dataset Synthesis with Large Language Models by Extrapolating Errors from Small Models},
  author={Wang, Ruida and Zhou, Wangchunshu and Sachan, Mrinmaya},
  booktitle={Findings of the Association for Computational Linguistics: EMNLP 2023},
  pages={11817--11831},
  year={2023}
}

@inproceedings{naous-etal-2024-beer,
    title = "Having Beer after Prayer? Measuring Cultural Bias in Large Language Models",
    author = "Naous, Tarek  and
      Ryan, Michael J  and
      Ritter, Alan  and
      Xu, Wei",
    booktitle = "Proceedings of the 62nd Annual Meeting of the Association for Computational Linguistics (Volume 1: Long Papers)",
    month = aug,
    year = "2024",
    publisher = "Association for Computational Linguistics",
    pages = "16366--16393",
}

@article{bai2024measuring,
  title={Measuring implicit bias in explicitly unbiased large language models},
  author={Bai, Xuechunzi and Wang, Angelina and Sucholutsky, Ilia and Griffiths, Thomas L},
  journal={arXiv preprint arXiv:2402.04105},
  year={2024}
}

@article{tao2024cultural,
  title={Cultural bias and cultural alignment of large language models},
  author={Tao, Yan and Viberg, Olga and Baker, Ryan S and Kizilcec, Ren{\'e} F},
  journal={PNAS nexus},
  volume={3},
  number={9},
  pages={346},
  year={2024},
}

@inproceedings{seshadri2024bias,
  title={The Bias Amplification Paradox in Text-to-Image Generation},
  author={Seshadri, Preethi and Singh, Sameer and Elazar, Yanai},
  booktitle={Proceedings of the 2024 Conference of the North American Chapter of the Association for Computational Linguistics: Human Language Technologies (Volume 1: Long Papers)},
  pages={6367--6384},
  year={2024}
}

@article{guo2024hey,
  title={Hey GPT, Can You be More Racist? Analysis from Crowdsourced Attempts to Elicit Biased Content from Generative AI},
  author={Guo, Hangzhi and Venkit, Pranav Narayanan and Jang, Eunchae and Srinath, Mukund and Zhang, Wenbo and Mingole, Bonam and Gupta, Vipul and Varshney, Kush R and Sundar, S Shyam and Yadav, Amulya},
  journal={arXiv preprint arXiv:2410.15467},
  year={2024}
}

@article{durmus2023towards,
  title={Towards measuring the representation of subjective global opinions in language models},
  author={Durmus, Esin and Nyugen, Karina and Liao, Thomas I and Schiefer, Nicholas and Askell, Amanda and Bakhtin, Anton and Chen, Carol and Hatfield-Dodds, Zac and Hernandez, Danny and Joseph, Nicholas and others},
  journal={arXiv preprint arXiv:2306.16388},
  year={2023}
}

@article{worldvalues2022,
  title        = {World Values Survey},
  year         = {2022},
  url          = {https://www.worldvaluessurvey.org/wvs.jsp}
}

@article{pew2022,
  title        = {Pew Global Attitudes Survey},
  year         = {2022},
  url          = {https://www.pewresearch.org/}
}

@article{hulora,
  title={Lora: Low-rank adaptation of large language models},
  author={Hu, Edward J and Shen, Yelong and Wallis, Phillip and Allen-Zhu, Zeyuan and Li, Yuanzhi and Wang, Shean and Wang, Lu and Chen, Weizhu},
  journal={arXiv preprint arXiv:2106.09685},
  year={2021}
}



@misc{meta2024llama,
  author       = {Huggingface},
  title        = {Meta-Llama-3.1-8B-Instruct},
  year         = {2024},
  url          = {https://huggingface.co/meta-llama/}
}

@article{bolukbasi2016man,
  title={Man is to computer programmer as woman is to homemaker? debiasing word embeddings},
  author={Bolukbasi, Tolga and Chang, Kai-Wei and Zou, James Y and Saligrama, Venkatesh and Kalai, Adam T},
  journal={Advances in neural information processing systems},
  volume={29},
  year={2016}
}

@article{allen2023physics,
  title={Physics of language models: Part 3.1, knowledge storage and extraction},
  author={Allen-Zhu, Zeyuan and Li, Yuanzhi},
  journal={arXiv preprint arXiv:2309.14316},
  year={2023}
}

@inproceedings{de2019bias,
  title={Bias in bios: A case study of semantic representation bias in a high-stakes setting},
  author={De-Arteaga, Maria and Romanov, Alexey and Wallach, Hanna and Chayes, Jennifer and Borgs, Christian and Chouldechova, Alexandra and Geyik, Sahin and Kenthapadi, Krishnaram and Kalai, Adam Tauman},
  booktitle={proceedings of the Conference on Fairness, Accountability, and Transparency},
  pages={120--128},
  year={2019}
}

@inproceedings{cao2022theory,
  title={Theory-Grounded Measurement of US Social Stereotypes in English Language Models},
  author={Cao, Yang Trista and Sotnikova, Anna and Daum{\'e} III, Hal and Rudinger, Rachel and Zou, Linda},
  booktitle={Proceedings of the 2022 Conference of the North American Chapter of the Association for Computational Linguistics: Human Language Technologies},
  pages={1276--1295},
  year={2022}
}

@article{koch2016abc,
  title={The ABC of stereotypes about groups: Agency/socioeconomic success, conservative--progressive beliefs, and communion.},
  author={Koch, Alex and Imhoff, Roland and Dotsch, Ron and Unkelbach, Christian and Alves, Hans},
  journal={Journal of personality and social psychology},
  volume={110},
  number={5},
  pages={675},
  year={2016},
  publisher={American Psychological Association}
}

@inproceedings{jang2023,
    title = "Consistency Analysis of {C}hat{GPT}",
    author = "Jang, Myeongjun  and
      Lukasiewicz, Thomas",
    booktitle = "Proceedings of the 2023 Conference on Empirical Methods in Natural Language Processing(EMNLP 2023)",
    month = dec,
    year = "2023",
    address = "Singapore",
    pages = "15970--15985",
}

@article{abdin2024phi,
  title={Phi-4 technical report},
  author={Abdin, Marah and Aneja, Jyoti and Behl, Harkirat and Bubeck, S{\'e}bastien and Eldan, Ronen and Gunasekar, Suriya and Harrison, Michael and Hewett, Russell J and Javaheripi, Mojan and Kauffmann, Piero and others},
  journal={arXiv preprint arXiv:2412.08905},
  year={2024}
}

@inproceedings{ding2024data,
  title={Data augmentation using llms: Data perspectives, learning paradigms and challenges},
  author={Ding, Bosheng and Qin, Chengwei and Zhao, Ruochen and Luo, Tianze and Li, Xinze and Chen, Guizhen and Xia, Wenhan and Hu, Junjie and Tuan, Luu Anh and Joty, Shafiq},
  booktitle={Findings of the Association for Computational Linguistics ACL 2024},
  pages={1679--1705},
  year={2024}
}

@article{maheshwari2024efficacy,
  title={Efficacy of synthetic data as a benchmark},
  author={Maheshwari, Gaurav and Ivanov, Dmitry and Haddad, Kevin El},
  journal={arXiv preprint arXiv:2409.11968},
  year={2024}
}

@article{kaplan2020scaling,
  title={Scaling laws for neural language models},
  author={Kaplan, Jared and McCandlish, Sam and Henighan, Tom and Brown, Tom B and Chess, Benjamin and Child, Rewon and Gray, Scott and Radford, Alec and Wu, Jeffrey and Amodei, Dario},
  journal={arXiv preprint arXiv:2001.08361},
  year={2020}
}

@article{wei2022emergent,
  title={Emergent abilities of large language models},
  author={Wei, Jason and Tay, Yi and Bommasani, Rishi and Raffel, Colin and Zoph, Barret and Borgeaud, Sebastian and Yogatama, Dani and Bosma, Maarten and Zhou, Denny and Metzler, Donald and others},
  journal={arXiv preprint arXiv:2206.07682},
  year={2022}
}


@inproceedings{self-instruct,
    title = "Self-Instruct: Aligning Language Models with Self-Generated Instructions",
    author = {Wang, Yizhong and Kordi, Yeganeh and Mishra, Swaroop et al.},
    editor = {Rogers, Anna and Boyd-Graber, Jordan and Okazaki, Naoaki},
    booktitle = "Proceedings of the 61st Annual Meeting of the Association for Computational Linguistics",
    month = jul,
    year = "2023",
    address = "Toronto, Canada",
    publisher = "Association for Computational Linguistics",
    url = "https://aclanthology.org/2023.acl-long.754",
    doi = "10.18653/v1/2023.acl-long.754",
    pages = "13484--13508",
}

@inproceedings{
  Xu2023WizardLMEL,
  title={Wizard{LM}: Empowering Large Pre-Trained Language Models to Follow Complex Instructions},
  author={Xu, Can and Sun, Qingfeng and Zheng, Kai et al.},
  booktitle={The Twelfth International Conference on Learning Representations},
  year={2024},
  url={https://openreview.net/forum?id=CfXh93NDgH}
}

@inproceedings{zeng-automatic,
    title = "Automatic Instruction Evolving for Large Language Models",
    author = {Zeng, Weihao and Xu, Can and Zhao, Yingxiu et al.},
    editor = {Al-Onaizan, Yaser and Bansal, Mohit and Chen, Yun-Nung},
    booktitle = "Proceedings of the 2024 Conference on Empirical Methods in Natural Language Processing",
    month = nov,
    year = "2024",
    address = "Miami, Florida, USA",
    publisher = "Association for Computational Linguistics",
    url = "https://aclanthology.org/2024.emnlp-main.397",
    pages = "6998--7018",
}

@article{li2024synthetic,
  title={Synthetic data (almost) from scratch: Generalized instruction tuning for language models},
  author={Li, Haoran and Dong, Qingxiu and Tang, Zhengyang and Wang, Chaojun and Zhang, Xingxing and Huang, Haoyang and Huang, Shaohan and Huang, Xiaolong and Huang, Zeqiang and Zhang, Dongdong and others},
  journal={arXiv preprint arXiv:2402.13064},
  year={2024}
}

@inproceedings{rephrasing,
    title = "Rephrasing the Web: A Recipe for Compute and Data-Efficient Language Modeling",
    author = "Maini, Pratyush  and
      Seto, Skyler  and
      Bai, Richard  and
      Grangier, David  and
      Zhang, Yizhe  and
      Jaitly, Navdeep",
    editor = "Ku, Lun-Wei  and
      Martins, Andre  and
      Srikumar, Vivek",
    booktitle = "Proceedings of the 62nd Annual Meeting of the Association for Computational Linguistics (Volume 1: Long Papers)",
    month = aug,
    year = "2024",
    address = "Bangkok, Thailand",
    publisher = "Association for Computational Linguistics",
}

@inproceedings{
gupta2024targen,
title={Tar{GEN}: Targeted Data Generation with Large Language Models},
author={Himanshu Gupta and Kevin Scaria and Ujjwala Anantheswaran and Shreyas Verma and Mihir Parmar and Saurabh Arjun Sawant and Chitta Baral and Swaroop Mishra},
booktitle={First Conference on Language Modeling},
year={2024},
url={https://openreview.net/forum?id=gpgMRWgv9Q}
}

@article{ge2024scaling,
  title={Scaling synthetic data creation with 1,000,000,000 personas},
  author={Ge, Tao and Chan, Xin and Wang, Xiaoyang and Yu, Dian and Mi, Haitao and Yu, Dong},
  journal={arXiv preprint arXiv:2406.20094},
  year={2024}
}
@article{lupidi2024source2synth,
  title={Source2synth: Synthetic data generation and curation grounded in real data sources},
  author={Lupidi, Alisia and Gemmell, Carlos and Cancedda, Nicola and Dwivedi-Yu, Jane and Weston, Jason and Foerster, Jakob and Raileanu, Roberta and Lomeli, Maria},
  journal={arXiv preprint arXiv:2409.08239},
  year={2024}
}
@inproceedings{nayak-etal-2024-learning,
    title = "Learning to Generate Instruction Tuning Datasets for Zero-Shot Task Adaptation",
    author = "Nayak, Nihal  and
      Nan, Yiyang  and
      Trost, Avi  and
      Bach, Stephen",
    editor = "Ku, Lun-Wei  and
      Martins, Andre  and
      Srikumar, Vivek",
    booktitle = "Findings of the Association for Computational Linguistics: ACL 2024",
    month = aug,
    year = "2024",
    publisher = "Association for Computational Linguistics",
}
@article{xu2024magpie,
  title={Magpie: Alignment Data Synthesis from Scratch by Prompting Aligned LLMs with Nothing},
  author={Zhangchen Xu and Fengqing Jiang and Luyao Niu and Yuntian Deng and Radha Poovendran and Yejin Choi and Bill Yuchen Lin},
  journal={ArXiv},
  year={2024},
  volume={abs/2406.08464},
  url={https://api.semanticscholar.org/CorpusID:270391432}
}

@inproceedings{wang-etal-2024-codeclm,
    title = "{C}odec{LM}: Aligning Language Models with Tailored Synthetic Data",
    author = "Wang, Zifeng  and
      Li, Chun-Liang  and
      Perot, Vincent  and
      Le, Long  and
      Miao, Jin  and
      Zhang, Zizhao  and
      Lee, Chen-Yu  and
      Pfister, Tomas",
    editor = "Duh, Kevin  and
      Gomez, Helena  and
      Bethard, Steven",
    booktitle = "Findings of the Association for Computational Linguistics: NAACL 2024",
    month = jun,
    year = "2024",
    address = "Mexico City, Mexico",
    publisher = "Association for Computational Linguistics",
    url = "https://aclanthology.org/2024.findings-naacl.235/",
    doi = "10.18653/v1/2024.findings-naacl.235",
    pages = "3712--3729",
}

@inproceedings{wan-etal-2023-kelly,
    title = "{\textquotedblleft}Kelly is a Warm Person, Joseph is a Role Model{\textquotedblright}: Gender Biases in {LLM}-Generated Reference Letters",
    author = "Wan, Yixin  and
      Pu, George  and
      Sun, Jiao  and
      Garimella, Aparna  and
      Chang, Kai-Wei  and
      Peng, Nanyun",
    editor = "Bouamor, Houda  and
      Pino, Juan  and
      Bali, Kalika",
    booktitle = "Findings of the Association for Computational Linguistics: EMNLP 2023",
    month = dec,
    year = "2023",
    address = "Singapore",
    publisher = "Association for Computational Linguistics",
    url = "https://aclanthology.org/2023.findings-emnlp.243/",
    doi = "10.18653/v1/2023.findings-emnlp.243",
    pages = "3730--3748",
}

@inproceedings{kotek2023gender,
  title={Gender bias and stereotypes in large language models},
  author={Kotek, Hadas and Dockum, Rikker and Sun, David},
  booktitle={Proceedings of the ACM collective intelligence conference},
  pages={12--24},
  year={2023}
}

@inproceedings{wambsganss-etal-2023-unraveling,
    title = "Unraveling Downstream Gender Bias from Large Language Models: A Study on {AI} Educational Writing Assistance",
    author = {Wambsganss, Thiemo  and
      Su, Xiaotian  and
      Swamy, Vinitra  and
      Neshaei, Seyed  and
      Rietsche, Roman  and
      K{\"a}ser, Tanja},
    editor = "Bouamor, Houda  and
      Pino, Juan  and
      Bali, Kalika",
    booktitle = "Findings of the Association for Computational Linguistics: EMNLP 2023",
    month = dec,
    year = "2023",
    address = "Singapore",
    publisher = "Association for Computational Linguistics",
    url = "https://aclanthology.org/2023.findings-emnlp.689/",
    doi = "10.18653/v1/2023.findings-emnlp.689",
    pages = "10275--10288",

}

@inproceedings{kamruzzaman-etal-2024-investigating,
    title = "Investigating Subtler Biases in {LLM}s: Ageism, Beauty, Institutional, and Nationality Bias in Generative Models",
    author = "Kamruzzaman, Mahammed  and
      Shovon, Md.  and
      Kim, Gene",
    editor = "Ku, Lun-Wei  and
      Martins, Andre  and
      Srikumar, Vivek",
    booktitle = "Findings of the Association for Computational Linguistics: ACL 2024",
    month = aug,
    year = "2024",
    address = "Bangkok, Thailand",
    publisher = "Association for Computational Linguistics",
    url = "https://aclanthology.org/2024.findings-acl.530/",
    doi = "10.18653/v1/2024.findings-acl.530",
    pages = "8940--8965"
}

@inproceedings{liu-etal-2024-generation-gap,
    title = "The Generation Gap: Exploring Age Bias in the Value Systems of Large Language Models",
    author = "Liu, Siyang  and
      Maturi, Trisha  and
      Yi, Bowen  and
      Shen, Siqi  and
      Mihalcea, Rada",
    editor = "Al-Onaizan, Yaser  and
      Bansal, Mohit  and
      Chen, Yun-Nung",
    booktitle = "Proceedings of the 2024 Conference on Empirical Methods in Natural Language Processing",
    month = nov,
    year = "2024",
    address = "Miami, Florida, USA"
}

@inproceedings{
cao2024agr,
title={{AGR}: Age Group fairness Reward for Bias Mitigation in {LLM}s},
author={Shuirong Cao and Ruoxi Cheng and Zhiqiang wang},
booktitle={Pluralistic Alignment Workshop at NeurIPS 2024},
year={2024},
url={https://openreview.net/forum?id=5UBNiJGk4k}
}

@article{liu2024assessing,
  title={Assessing Gender and Racial Bias in Large Language Model-Powered Virtual Reference},
  author={Liu, Jieli and Wang, Haining},
  journal={Proceedings of the Association for Information Science and Technology},
  volume={61},
  number={1},
  pages={576--580},
  year={2024},
  publisher={Wiley Online Library}
}

@inproceedings{
kumar2024investigating,
title={Investigating Implicit Bias in Large Language Models: A Large-Scale Study of Over 50 {LLM}s},
author={Divyanshu Kumar and Umang Jain and Sahil Agarwal and Prashanth Harshangi},
booktitle={Neurips Safe Generative AI Workshop 2024},
year={2024},
url={https://openreview.net/forum?id=tYDn5pGs5P}
}

@inproceedings{liu-etal-2024-multilingual,
    title = "Are Multilingual {LLM}s Culturally-Diverse Reasoners? An Investigation into Multicultural Proverbs and Sayings",
    author = "Liu, Chen  and
      Koto, Fajri  and
      Baldwin, Timothy  and
      Gurevych, Iryna",
    editor = "Duh, Kevin  and
      Gomez, Helena  and
      Bethard, Steven",
    booktitle = "Proceedings of the 2024 Conference of the North American Chapter of the Association for Computational Linguistics: Human Language Technologies (Volume 1: Long Papers)",
    month = jun,
    year = "2024",
    address = "Mexico City, Mexico",
    publisher = "Association for Computational Linguistics",
    url = "https://aclanthology.org/2024.naacl-long.112/",
    doi = "10.18653/v1/2024.naacl-long.112",
    pages = "2016--2039",
}

@article{Fang2023BiasOA,
  title={Bias of AI-generated content: an examination of news produced by large language models},
  author={Xiao Fang and Shangkun Che and Minjia Mao and Hongzhe Zhang and Ming Zhao and Xiaohang Zhao},
  journal={Scientific Reports},
  year={2023},
  volume={14},
  url={https://api.semanticscholar.org/CorpusID:261898112}
}

@incollection{zellers2019neuralfakenews,
title = {Defending Against Neural Fake News},
author = {Zellers, Rowan and Holtzman, Ari and Rashkin, Hannah and Bisk, Yonatan and Farhadi, Ali and Roesner, Franziska and Choi, Yejin},
booktitle = {Advances in Neural Information Processing Systems 32},
editor = {H. Wallach and H. Larochelle and A. Beygelzimer and F. d\textquotesingle Alch\'{e}-Buc and E. Fox and R. Garnett},
pages = {9054--9065},
year = {2019},
publisher = {Curran Associates, Inc.},
url = {http://papers.nips.cc/paper/9106-defending-against-neural-fake-news.pdf}
}

@inproceedings{li2023prompt,
  title={Prompt distillation for efficient llm-based recommendation},
  author={Li, Lei and Zhang, Yongfeng and Chen, Li},
  booktitle={Proceedings of the 32nd ACM International Conference on Information and Knowledge Management},
  pages={1348--1357},
  year={2023}
}

@article{zhao2023recommender,
  title={Recommender systems in the era of large language models (llms)},
  author={Zhao, Zihuai and Fan, Wenqi and Li, Jiatong and Liu, Yunqing and Mei, Xiaowei and Wang, Yiqi and Wen, Zhen and Wang, Fei and Zhao, Xiangyu and Tang, Jiliang and others},
  journal={arXiv preprint arXiv:2307.02046},
  year={2023}
}

@article{wu2023next,
  title={Next-gpt: Any-to-any multimodal llm},
  author={Wu, Shengqiong and Fei, Hao and Qu, Leigang and Ji, Wei and Chua, Tat-Seng},
  journal={arXiv preprint arXiv:2309.05519},
  year={2023}
}

@article{afroogh2024trust,
  title={Trust in AI: progress, challenges, and future directions},
  author={Afroogh, Saleh and Akbari, Ali and Malone, Emmie and Kargar, Mohammadali and Alambeigi, Hananeh},
  journal={Humanities and Social Sciences Communications},
  volume={11},
  number={1},
  pages={1--30},
  year={2024},
  publisher={Palgrave}
}

@inproceedings{zhang2024sa,
  title={" Itâ€™sa Fair Game", or Is It? Examining How Users Navigate Disclosure Risks and Benefits When Using LLM-Based Conversational Agents},
  author={Zhang, Zhiping and Jia, Michelle and Lee, Hao-Ping and Yao, Bingsheng and Das, Sauvik and Lerner, Ada and Wang, Dakuo and Li, Tianshi},
  booktitle={Proceedings of the CHI Conference on Human Factors in Computing Systems, CHI 2024, Honolulu, HI, USA, May 11-16, 2024},
  pages={156--1},
  year={2024},
  organization={ACM}
}

@inproceedings{liao2023proactive,
  title={Proactive conversational agents in the post-chatgpt world},
  author={Liao, Lizi and Yang, Grace Hui and Shah, Chirag},
  booktitle={Proceedings of the 46th International ACM SIGIR Conference on Research and Development in Information Retrieval},
  pages={3452--3455},
  year={2023}
}

@inproceedings{chowdhury-etal-2020-multi,
    title = "A Multi-Platform {A}rabic News Comment Dataset for Offensive Language Detection",
    author = "Chowdhury, Shammur Absar  and
      Mubarak, Hamdy  and
      Abdelali, Ahmed  and
      Jung, Soon-gyo  and
      Jansen, Bernard J.  and
      Salminen, Joni",
    booktitle = "Proceedings of the Twelfth Language Resources and Evaluation Conference",
    month = may,
    year = "2020",
    address = "Marseille, France",
    publisher = "European Language Resources Association",
    url = "https://aclanthology.org/2020.lrec-1.761/",
    pages = "6203--6212",
    language = "eng",
}

@inproceedings{husain-2020-osact4,
    title = "{OSACT}4 Shared Task on Offensive Language Detection: Intensive Preprocessing-Based Approach",
    author = "Husain, Fatemah",
    editor = "Al-Khalifa, Hend  and
      Magdy, Walid  and
      Darwish, Kareem  and
      Elsayed, Tamer  and
      Mubarak, Hamdy",
    booktitle = "Proceedings of the 4th Workshop on Open-Source Arabic Corpora and Processing Tools, with a Shared Task on Offensive Language Detection",
    month = may,
    year = "2020",
    address = "Marseille, France",
    publisher = "European Language Resource Association",
    url = "https://aclanthology.org/2020.osact-1.8/",
    pages = "53--60",
    language = "eng",

}

@article{Kaddoura2023DatasetOA,
  title={Dataset of Arabic spam and ham tweets},
  author={Sanaa Kaddoura and Safaa Henno},
  journal={Data in Brief},
  year={2023},
  volume={52},
}
@inproceedings{jiang-etal-2019-detect,
    title = "Detect Camouflaged Spam Content via {S}tone{S}kipping: Graph and Text Joint Embedding for {C}hinese Character Variation Representation",
    author = "Jiang, Zhuoren  and
      Gao, Zhe  and
      He, Guoxiu  and
      Kang, Yangyang  and
      Sun, Changlong  and
      Zhang, Qiong  and
      Si, Luo  and
      Liu, Xiaozhong",
    booktitle = "Proceedings of the 2019 Conference on Empirical Methods in Natural Language Processing and the 9th International Joint Conference on Natural Language Processing (EMNLP-IJCNLP)",
    month = nov,
    year = "2019",
    pages = "6187--6196",
   
}

@inproceedings{zhou-etal-2022-towards-identifying,
    title = "Towards Identifying Social Bias in Dialog Systems: Framework, Dataset, and Benchmark",
    author = "Zhou, Jingyan  and
      Deng, Jiawen  and
      Mi, Fei  and
      Li, Yitong  and
      Wang, Yasheng  and
      Huang, Minlie  and
      Jiang, Xin  and
      Liu, Qun  and
      Meng, Helen",
    editor = "Goldberg, Yoav  and
      Kozareva, Zornitsa  and
      Zhang, Yue",
    booktitle = "Findings of the Association for Computational Linguistics: EMNLP 2022",
    month = dec,
    year = "2022",
    pages = "3576--3591",
}

@inproceedings{OffComBR,
author = {Pelle, Rogers and Moreira, Viviane},
year = {2017},
month = {07},
pages = {},
title = {Offensive Comments in the Brazilian Web: a dataset and baseline results},
journal = {Anais do Brazilian Workshop on Social Network Analysis and Mining (BraSNAM)},
doi = {10.5753/brasnam.2017.3260}
}

@inproceedings{vargas-etal-2022-hatebr,
    title = "{H}ate{BR}: A Large Expert Annotated Corpus of {B}razilian {I}nstagram Comments for Offensive Language and Hate Speech Detection",
    author = "Vargas, Francielle  and
      Carvalho, Isabelle  and
      Rodrigues de G{\'o}es, Fabiana  and
      Pardo, Thiago  and
      Benevenuto, Fabr{\'i}cio",
    booktitle = "Proceedings of the Thirteenth Language Resources and Evaluation Conference",
    month = jun,
    year = "2022",
    address = "Marseille, France",
    publisher = "European Language Resources Association",
    url = "https://aclanthology.org/2022.lrec-1.777/",
    pages = "7174--7183",

}
@inproceedings{leite-etal-2020-toxic,
    title = "Toxic Language Detection in Social Media for {B}razilian {P}ortuguese: New Dataset and Multilingual Analysis",
    author = "Leite, Jo{\~a}o Augusto  and
      Silva, Diego  and
      Bontcheva, Kalina  and
      Scarton, Carolina",
    booktitle = "Proceedings of the 1st Conference of the Asia-Pacific Chapter of the Association for Computational Linguistics and the 10th International Joint Conference on Natural Language Processing",
    year = "2020",
    pages = "914--924",
}

@inproceedings{Alvarez-Carmona2018,
  author    = {Miguel {\'{A}}ngel {\'{A}}lvarez{-}Carmona and
               Estefan{\'{\i}}a Guzm{\'{a}}n{-}Falc{\'{o}}n and
               Manuel Montes{-}y{-}G{\'{o}}mez and
               Hugo Jair Escalante and
               Luis Villase{\~{n}}or{-}Pineda and
               Ver{\'{o}}nica Reyes{-}Meza and
               Antonio Rico{-}Sulayes},
  title     = {Overview of MEX-A3T at IberEval 2018: Authorship and Aggressiveness Analysis in Mexican Spanish Tweets},
  booktitle = {Proceedings of the Third Workshop on Evaluation of Human Language Technologies for Iberian Languages (IberEval 2018)},
  series    = {CEUR Workshop Proceedings},
  volume    = {2150},
  pages     = {74--96},
  publisher = {CEUR-WS.org},
  year      = {2018},
}

@inproceedings{magnossao2021aiupv,
  title={{AI-UPV at IberLEF-2021 DETOXIS task: Toxicity Detection in Immigration-Related Web News Comments Using Transformers and Statistical Models}},
  author={Magnoss{\~a}o de Paula, Angel Felipe and Baris Schlicht, Ipek},
  booktitle={Proceedings of the Iberian Languages Evaluation Forum (IberLEF 2021)},
  pages={547--566},
  year={2021},
  organization={CEUR Workshop Proceedings},
  url={https://arxiv.org/abs/2111.04530}
}

@article{lewis2020retrieval,
  title={Retrieval-augmented generation for knowledge-intensive nlp tasks},
  author={Lewis, Patrick and Perez, Ethan and Piktus, Aleksandra and Petroni, Fabio and Karpukhin, Vladimir and Goyal, Naman and K{\"u}ttler, Heinrich and Lewis, Mike and Yih, Wen-tau and Rockt{\"a}schel, Tim and others},
  journal={Advances in Neural Information Processing Systems},
  volume={33},
  pages={9459--9474},
  year={2020}
}
@inproceedings{borgeaud2022improving,
  title={Improving language models by retrieving from trillions of tokens},
  author={Borgeaud, Sebastian and Mensch, Arthur and Hoffmann, Jordan and Cai, Trevor and Rutherford, Eliza and Millican, Katie and Van Den Driessche, George Bm and Lespiau, Jean-Baptiste and Damoc, Bogdan and Clark, Aidan and others},
  booktitle={International conference on machine learning},
  pages={2206--2240},
  year={2022},
  organization={PMLR}
}

@inproceedings{zhang-etal-2024-codeagent,
    title = "{C}ode{A}gent: Enhancing Code Generation with Tool-Integrated Agent Systems for Real-World Repo-level Coding Challenges",
    author = "Zhang, Kechi  and
      Li, Jia  and
      Li, Ge  and
      Shi, Xianjie  and
      Jin, Zhi",
    editor = "Ku, Lun-Wei  and
      Martins, Andre  and
      Srikumar, Vivek",
    booktitle = "Proceedings of the 62nd Annual Meeting of the Association for Computational Linguistics (Volume 1: Long Papers)",
    month = aug,
    year = "2024",
    address = "Bangkok, Thailand",
    publisher = "Association for Computational Linguistics",

    pages = "13643--13658",
}

@inproceedings{
2024swtbench,
title={{SWT}-Bench: Testing and Validating Real-World Bug-Fixes with Code Agents},
author={Niels M{\"u}ndler and Mark Niklas Mueller and Jingxuan He and Martin Vechev},
booktitle={The Thirty-eighth Annual Conference on Neural Information Processing Systems},
year={2024},
url={https://openreview.net/forum?id=9Y8zUO11EQ}
}

@inproceedings{NIPS2017_d5e2c0ad,
 author = {Christiano, Paul F and Leike, Jan and Brown, Tom and Martic, Miljan and Legg, Shane and Amodei, Dario},
 booktitle = {Advances in Neural Information Processing Systems},
 editor = {I. Guyon and U. Von Luxburg and S. Bengio and H. Wallach and R. Fergus and S. Vishwanathan and R. Garnett},
 pages = {},
 publisher = {Curran Associates, Inc.},
 title = {Deep Reinforcement Learning from Human Preferences},
 volume = {30},
 year = {2017}
}


@article{brown2020language,
  title={Language models are few-shot learners},
  author={Brown, Tom and Mann, Benjamin and Ryder, Nick and Subbiah, Melanie and Kaplan, Jared D and Dhariwal, Prafulla and Neelakantan, Arvind and Shyam, Pranav and Sastry, Girish and Askell, Amanda and others},
  journal={Advances in neural information processing systems},
  volume={33},
  pages={1877--1901},
  year={2020}
}

@article{zhu2024synthesize,
  title={How to Synthesize Text Data without Model Collapse?},
  author={Zhu, Xuekai and Cheng, Daixuan and Li, Hengli and Zhang, Kaiyan and Hua, Ermo and Lv, Xingtai and Ding, Ning and Lin, Zhouhan and Zheng, Zilong and Zhou, Bowen},
  journal={arXiv preprint arXiv:2412.14689},
  year={2024}
}

@article{rogulsky2024effects,
  title={The Effects of Hallucinations in Synthetic Training Data for Relation Extraction},
  author={Rogulsky, Steven and Popovic, Nicholas and F{\"a}rber, Michael},
  journal={arXiv preprint arXiv:2410.08393},
  year={2024}
}

@article{Munoz-Ortiz2024,
  title={Contrasting Linguistic Patterns in Human and LLM-Generated News Text},
  author={Alberto MuÃ±oz-Ortiz and Carlos GÃ³mez-RodrÃ­guez and David Vilares},
  journal={Artificial Intelligence Review},
  volume={57},
  pages={265},
  year={2024},
  doi={10.1007/s10462-024-10903-2}
}

@inproceedings{shaib-etal-2024-detection,
    title = "Detection and Measurement of Syntactic Templates in Generated Text",
    author = "Shaib, Chantal  and
      Elazar, Yanai  and
      Li, Junyi Jessy  and
      Wallace, Byron C",
    editor = "Al-Onaizan, Yaser  and
      Bansal, Mohit  and
      Chen, Yun-Nung",
    booktitle = "Proceedings of the 2024 Conference on Empirical Methods in Natural Language Processing",
    month = nov,
    year = "2024",
    address = "Miami, Florida, USA",
    pages = "6416--6431"
}

@inproceedings{longpre-etal-2024-pretrainers,
    title = "A Pretrainer`s Guide to Training Data: Measuring the Effects of Data Age, Domain Coverage, Quality, {\&} Toxicity",
    author = "Longpre, Shayne  and
      Yauney, Gregory  and
      Reif, Emily  and
      Lee, Katherine  and
      Roberts, Adam  and
      Zoph, Barret  and
      Zhou, Denny  and
      Wei, Jason  and
      Robinson, Kevin  and
      Mimno, David  and
      Ippolito, Daphne",
    editor = "Duh, Kevin  and
      Gomez, Helena  and
      Bethard, Steven",
    booktitle = "Proceedings of the 2024 Conference of the North American Chapter of the Association for Computational Linguistics: Human Language Technologies (Volume 1: Long Papers)",
    month = jun,
    year = "2024",
    address = "Mexico City, Mexico",
    pages = "3245--3276",
}

@inproceedings{
yu2024large,
title={Large Language Model as Attributed Training Data Generator: A Tale of Diversity and Bias},
author={Yue Yu and Yuchen Zhuang and Jieyu Zhang and Yu Meng and Alexander Ratner and Ranjay Krishna and Jiaming Shen and Chao Zhang},
booktitle={Thirty-seventh Conference on Neural Information Processing Systems Datasets and Benchmarks Track},
year={2023},
}


@inproceedings{nghiem-etal-2024-gotta,
    title = "{\textquotedblleft}You Gotta be a Doctor, Lin{\textquotedblright} : An Investigation of Name-Based Bias of Large Language Models in Employment Recommendations",
    author = "Nghiem, Huy  and
      Prindle, John  and
      Zhao, Jieyu  and
      Daum{\'e} Iii, Hal",

    booktitle = "Proceedings of the 2024 Conference on Empirical Methods in Natural Language Processing",
    month = nov,
    year = "2024",
    pages = "7268--7287",
}

@article{hu2024generative,
  author = {Hu, T. and Kyrychenko, Y. and Rathje, S. and others},
  title = {Generative language models exhibit social identity biases},
  journal = {Nature Computational Science},
  year = {2024},
  doi = {10.1038/s43588-024-00741-1}
}
@article{beatty2024revealing,
  title={Revealing Hidden Bias in AI: Lessons from Large Language Models},
  author={Beatty, Django and Masanthia, Kritsada and Kaphol, Teepakorn and Sethi, Niphan},
  journal={arXiv preprint arXiv:2410.16927},
  year={2024}
}
@article{zhang2024will,
  title={Will the Inclusion of Generated Data Amplify Bias Across Generations in Future Image Classification Models?},
  author={Zhang, Zeliang and Liang, Xin and Feng, Mingqian and Liang, Susan and Xu, Chenliang},
  journal={arXiv preprint arXiv:2410.10160},
  year={2024}
}
@article{fisher2024biased,
  title={Biased ai can influence political decision-making},
  author={Fisher, Jillian and Feng, Shangbin and Aron, Robert and Richardson, Thomas and Choi, Yejin and Fisher, Daniel W and Pan, Jennifer and Tsvetkov, Yulia and Reinecke, Katharina},
  journal={arXiv preprint arXiv:2410.06415},
  year={2024}
}

@inproceedings{Liang2021TowardsUA,
  title={Towards Understanding and Mitigating Social Biases in Language Models},
  author={Paul Pu Liang and Chiyu Wu and Louis-Philippe Morency and Ruslan Salakhutdinov},
  booktitle={International Conference on Machine Learning},
  year={2021},
  url={https://api.semanticscholar.org/CorpusID:235623756}
}

@article{hida2024social,
  title={Social bias evaluation for large language models requires prompt variations},
  author={Hida, Rem and Kaneko, Masahiro and Okazaki, Naoaki},
  journal={arXiv preprint arXiv:2407.03129},
  year={2024}
}

@article{madaan2024self,
  title={Self-refine: Iterative refinement with self-feedback},
  author={Madaan, Aman and Tandon, Niket and Gupta, Prakhar and Hallinan, Skyler and Gao, Luyu and Wiegreffe, Sarah and Alon, Uri and Dziri, Nouha and Prabhumoye, Shrimai and Yang, Yiming and others},
  journal={Advances in Neural Information Processing Systems},
  volume={36},
  year={2024}
}

@article{shinn2024reflexion,
  title={Reflexion: Language agents with verbal reinforcement learning},
  author={Shinn, Noah and Cassano, Federico and Gopinath, Ashwin and Narasimhan, Karthik and Yao, Shunyu},
  journal={Advances in Neural Information Processing Systems},
  volume={36},
  year={2024}
}

@inproceedings{basile2019semeval,
  title={Semeval-2019 task 5: Multilingual detection of hate speech against immigrants and women in twitter},
  author={Basile, Valerio and Bosco, Cristina and Fersini, Elisabetta and Nozza, Debora and Patti, Viviana and Pardo, Francisco Manuel Rangel and Rosso, Paolo and Sanguinetti, Manuela},
  booktitle={Proceedings of the 13th international workshop on semantic evaluation},
  pages={54--63},
  year={2019}
}

@article{duaibes2024sina,
  title={Sina at FIGNEWS 2024: Multilingual datasets annotated with bias and propaganda},
  author={Duaibes, Lina and Jaber, Areej and Jarrar, Mustafa and Qadi, Ahmad and Qandeel, Mais},
  journal={arXiv preprint arXiv:2407.09327},
  year={2024}
}

@article{street2024llm,
  title={LLM Theory of Mind and Alignment: Opportunities and Risks},
  author={Street, Winnie},
  journal={arXiv preprint arXiv:2405.08154},
  year={2024}
}

@inproceedings{kumar-etal-2024-subtle,
    title = "Subtle Biases Need Subtler Measures: Dual Metrics for Evaluating Representative and Affinity Bias in Large Language Models",
    author = "Kumar, Abhishek  and
      Yunusov, Sarfaroz  and
      Emami, Ali",
    booktitle = "Proceedings of the 62nd Annual Meeting of the Association for Computational Linguistics (Volume 1: Long Papers)",
    month = aug,
    year = "2024",
    publisher = "Association for Computational Linguistics",
    pages = "375--392",
}

@article{gallegos2024bias,
  title={Bias and fairness in large language models: A survey},
  author={Gallegos, Isabel O and Rossi, Ryan A and Barrow, Joe and Tanjim, Md Mehrab and Kim, Sungchul and Dernoncourt, Franck and Yu, Tong and Zhang, Ruiyi and Ahmed, Nesreen K},
  journal={Computational Linguistics},
  pages={1--79},
  year={2024},
  publisher={MIT Press 255 Main Street, 9th Floor, Cambridge, Massachusetts 02142, USA~â€¦}
}