@inproceedings{biza2023isa,
  title={{Invariant Slot Attention: Object Discovery with Slot-Centric Reference Frames}},
  author={Biza, Ondrej and van Steenkiste, Sjoerd and Sajjadi, Mehdi SM and Elsayed, Gamaleldin and Mahendran, Aravindh and Kipf, Thomas},
  booktitle={International Conference on Machine Learning},
  pages={2507--2527},
  year={2023}
}

@inproceedings{caron2021dino1,
  title={{Emerging Properties in Self-Supervised Vision Transformers}},
  author={Caron, Mathilde and Touvron, Hugo and Misra, Ishan and others},
  booktitle={Proceedings of the IEEE/CVF International Conference on Computer Vision},
  pages={9650--9660},
  year={2021}
}

@article{elsayed2022savipp,
  title={{SAVi++: Towards End-to-End Object-Centric Learning from Real-World Videos}},
  author={Elsayed, Gamaleldin and Mahendran, Aravindh and Van Steenkiste, Sjoerd and others},
  journal={Advances in Neural Information Processing Systems},
  volume={35},
  pages={28940--28954},
  year={2022}
}

@inproceedings{ge2023hcl,
  title={{Hyperbolic Contrastive Learning for Visual Representations Beyond Objects}},
  author={Ge, Songwei and Mishra, Shlok and Kornblith, Simon and Li, Chun-Liang and Jacobs, David},
  booktitle={Proceedings of the IEEE/CVF conference on computer vision and pattern recognition},
  pages={6840--6849},
  year={2023}
}

@inproceedings{greff2019iodine,
  title={{Multi-Object Representation Learning with Iterative Variational Inference}},
  author={Greff, Klaus and Kaufman, Raphael Lopez and Kabra, Rishabh and others},
  booktitle={International Conference on Machine Learning},
  pages={2424--2433},
  year={2019},
  organization={PMLR}
}

@inproceedings{he2016resnet,
  title={{Deep Residual Learning for Image Recognition}},
  author={He, Kaiming and Zhang, Xiangyu and Ren, Shaoqing and Sun, Jian},
  booktitle={Proceedings of the IEEE conference on computer vision and pattern recognition},
  pages={770--778},
  year={2016}
}

@inproceedings{im2017dvae,
  title={{Denoising criterion for variational auto-encoding framework}},
  author={Im Im, Daniel and Ahn, Sungjin and Memisevic, Roland and Bengio, Yoshua},
  booktitle={Proceedings of the AAAI conference on artificial intelligence},
  volume={31},
  year={2017}
}

@inproceedings{jia2023boqsa,
  title={{Improving Object-centric Learning with Query Optimization}},
  author={Jia, Baoxiong and Liu, Yu and Huang, Siyuan},
  booktitle={The Eleventh International Conference on Learning Representations},
    year={2023},
}

@article{jiang2023lsd,
  title={{Object-Centric Slot Diffusion}},
  author={Jiang, Jindong and Deng, Fei and Singh, Gautam and Ahn, Sungjin},
  journal={Advances in Neural Information Processing Systems},
  year={2023}
}

@inproceedings{kakogeorgiou2024spot,
  title={{SPOT: Self-Training with Patch-Order Permutation for Object-Centric Learning with Autoregressive Transformers}},
  author={Kakogeorgiou, Ioannis and Gidaris, Spyros and Karantzalos, Konstantinos and Komodakis, Nikos},
  booktitle={Proceedings of the IEEE/CVF Conference on Computer Vision and Pattern Recognition},
  pages={22776--22786},
  year={2024}
}

@article{kipf2021savi,
  title={{Conditional Object-Centric Learning from Video}},
  author={Kipf, Thomas and Elsayed, Gamaleldin and Mahendran, Aravindh and others},
  journal={International Conference on Learning Representations},
  year={2022}
}

@InProceedings{kirillov2023sam,
    author    = {Kirillov, Alexander and Mintun, Eric and Ravi, Nikhila and Mao, Hanzi and Rolland, Chloe and Gustafson, Laura and Xiao, Tete and Whitehead, Spencer and Berg, Alexander C. and Lo, Wan-Yen and Dollar, Piotr and Girshick, Ross},
    title     = {{Segment Anything}},
    booktitle = {Proceedings of the IEEE/CVF International Conference on Computer Vision (ICCV)},
    month     = {October},
    year      = {2023},
    pages     = {4015-4026}
}

@article{krizhevsky2012alexnet,
  title={{ImageNet Classification with Deep Convolutional Neural Networks}},
  author={Krizhevsky, Alex and Sutskever, Ilya and Hinton, Geoffrey},
  journal={Advances in Neural Information Processing Systems},
  volume={25},
  year={2012}
}

@article{locatello2020slotattent,
  title={{Object-Centric Learning with Slot Attention}},
  author={Locatello, Francesco and Weissenborn, Dirk and Unterthiner, Thomas and others},
  journal={Advances in Neural Information Processing Systems},
  volume={33},
  pages={11525--11538},
  year={2020}
}

@article{oquab2023dino2,
  title={{DINOv2: Learning Robust Visual Features without Supervision}},
  author={Oquab, Maxime and Darcet, Timothee and Moutakanni, Theo and others},
  journal={Transactions on Machine Learning Research},
  year={2023}
}

@article{ravi2024sam2,
  title={{SAM 2: Segment Anything in Images and Videos}},
  author={Ravi, Nikhila and Gabeur, Valentin and Hu, Yuan-Ting and Hu, Ronghang and Ryali, Chaitanya and Ma, Tengyu and Khedr, Haitham and R{\"a}dle, Roman and Rolland, Chloe and Gustafson, Laura and others},
  journal={arXiv preprint arXiv:2408.00714},
  year={2024}
}

@article{seitzer2023dinosaur,
  title={{Bridging the Gap to Real-World Object-Centric Learning}},
  author={Seitzer, Maximilian and Horn, Max and Zadaianchuk, Andrii and others},
  journal={International Conference on Learning Representations},
  year={2023}
}

@article{singh2021slate,
  title={{Illiterate DALL-E Learns to Compose}},
  author={Singh, Gautam and Deng, Fei and Ahn, Sungjin},
  journal={International Conference on Learning Representations},
  year={2022}
}

@article{singh2022steve,
  title={{Simple Unsupervised Object-Centric Learning for Complex and Naturalistic Videos}},
  author={Singh, Gautam and Wu, Yi-Fu and Ahn, Sungjin},
  journal={Advances in Neural Information Processing Systems},
  volume={35},
  pages={18181--18196},
  year={2022}
}

@article{singh2022sysbind,
  title={{Neural Systematic Binder}},
  author={Singh, Gautam and Kim, Yeongbin and Ahn, Sungjin},
  journal={International Conference on Learning Representations},
  year={2022}
}

@article{van2017vqvae,
  title={{Neural Discrete Representation Learning}},
  author={Van Den Oord, Aaron and Vinyals, Oriol and Kavukcuoglu, Koray},
  journal={Advances in Neural Information Processing Systems},
  volume={30},
  year={2017}
}

@inproceedings{wang2024videocutler,
  title={{VideoCutler: Surprisingly Simple Unsupervised Video Instance Segmentation}},
  author={Wang, Xudong and Misra, Ishan and Zeng, Ziyun and Girdhar, Rohit and Darrell, Trevor},
  booktitle={Proceedings of the IEEE/CVF Conference on Computer Vision and Pattern Recognition},
  pages={22755--22764},
  year={2024}
}

@article{watters2019spatialbroadcast,
  title={{Spatial Broadcast Decoder: A Simple Architecture for Learning Disentangled Representations in VAEs}},
  author={Watters, Nicholas and Matthey, Loic and Burgess, Christopher P and Lerchner, Alexander},
  journal={arXiv preprint arXiv:1901.07017},
  year={2019}
}

@article{wu2022slotformer,
  title={{SlotFormer: Unsupervised Visual Dynamics Simulation with Object-Centric Models}},
  author={Wu, Ziyi and Dvornik, Nikita and Greff, Klaus and Kipf, Thomas and Garg, Animesh},
  journal={International Conference on Learning Representations},
  year={2023}
}

@article{wu2023slotdiffuz,
  title={{SlotDiffusion: Object-Centric Generative Modeling with Diffusion Models}},
  author={Wu, Ziyi and Hu, Jingyu and Lu, Wuyue and Gilitschenski, Igor and Garg, Animesh},
  journal={Advances in Neural Information Processing Systems},
  volume={36},
  pages={50932--50958},
  year={2023}
}

@article{yang2023rvq,
  title={{Hifi-Codec: Group-Residual Vector Quantization for High Fidelity Audio Codec}},
  author={Yang, Dongchao and Liu, Songxiang and Huang, Rongjie and others},
  journal={arXiv preprint arXiv:2305.02765},
  year={2023}
}

@article{zadaianchuk2024videosaur,
  title={{Object-Centric Learning for Real-World Videos by Predicting Temporal Feature Similarities}},
  author={Zadaianchuk, Andrii and Seitzer, Maximilian and Martius, Georg},
  journal={Advances in Neural Information Processing Systems},
  volume={36},
  year={2024}
}

@article{zhao2024gdr,
  title={{Grouped Discrete Representation for Object-Centric Learning}},
  author={Zhao, Rongzhen and Wang, Vivienne and Kannala, Juho and Pajarinen, Joni},
  journal={arXiv preprint arXiv:2411.02299},
  year={2024}
}

@article{zhao2024msf,
  title={Multi-Scale Fusion for Object Representation},
  author={Zhao, Rongzhen and Wang, Vivienne and Kannala, Juho and Pajarinen, Joni},
  journal={arXiv preprint arXiv:2410.01539},
  year={2024}
}

@article{zhu2024simvq,
  title={{Addressing Representation Collapse in Vector Quantized Models with One Linear Layer}},
  author={Zhu, Yongxin and Li, Bocheng and Xin, Yifei and Xu, Linli},
  journal={arXiv preprint arXiv:2411.02038},
  year={2024}
}

