
% Journals

% First the Full Name is given, then the abbreviation used in the AMS Math
% Reviews, with an indication if it could not be found there.
% Note the 2nd overwrites the 1st, so swap them if you want the full name.

%{AMS}
@String{AMSTrans = "American Mathematical Society Translations" }
@String{AMSTrans = "Amer. Math. Soc. Transl." }
@String{BullAMS = "Bulletin of the American Mathematical Society" }
@String{BullAMS = "Bull. Amer. Math. Soc." }
@String{ProcAMS = "Proceedings of the American Mathematical Society" }
@String{ProcAMS = "Proc. Amer. Math. Soc." }
@String{TransAMS = "Transactions of the American Mathematical Society" }
@String{TransAMS = "Trans. Amer. Math. Soc." }

%ACM
@String{CACM = "Communications of the {ACM}" }
@String{CACM = "Commun. {ACM}" }
@String{CompServ = "Comput. Surveys" }
@String{JACM = "J. ACM" }
@String{ACMMathSoft = "{ACM} Transactions on Mathematical Software" }
@String{ACMMathSoft = "{ACM} Trans. Math. Software" }
@String{SIGNUM = "{ACM} {SIGNUM} Newsletter" }
@String{SIGNUM = "{ACM} {SIGNUM} Newslett." }

@String{AmerSocio = "American Journal of Sociology" }
@String{AmerStatAssoc = "Journal of the American Statistical Association" }
@String{AmerStatAssoc = "J. Amer. Statist. Assoc." }
@String{ApplMathComp = "Applied Mathematics and Computation" }
@String{ApplMathComp = "Appl. Math. Comput." }
@String{AmerMathMonthly = "American Mathematical Monthly" }
@String{AmerMathMonthly = "Amer. Math. Monthly" }
@String{BIT = "{BIT}" }
@String{BritStatPsych = "British Journal of Mathematical and Statistical
      Psychology" }
@String{BritStatPsych = "Brit. J. Math. Statist. Psych." }
@String{CanMathBull = "Canadian Mathematical Bulletin" }
@String{CanMathBull = "Canad. Math. Bull." }
@String{CompApplMath = "Journal of Computational and Applied Mathematics" }
@String{CompApplMath = "J. Comput. Appl. Math." }
@String{CompPhys = "Journal of Computational Physics" }
@String{CompPhys = "J. Comput. Phys." }
@String{CompStruct = "Computers and Structures" }
@String{CompStruct = "Comput. \& Structures" }
@String{CompJour = "The Computer Journal" }
@String{CompJour = "Comput. J." }
@String{CompSysSci = "Journal of Computer and System Sciences" }
@String{CompSysSci = "J. Comput. System Sci." }
@String{Computing = "Computing" }
@String{ContempMath = "Contemporary Mathematics" }
@String{ContempMath = "Contemp. Math." }
@String{Crelle = "Crelle's Journal" }
@String{GiornaleMath = "Giornale di Mathematiche" }
@String{GiornaleMath = "Giorn. Mat." } % didn't find in AMS MR., ibid.

%IEEE
@String{Computer = "{IEEE} Computer" }
@String{IEEETransComp = "{IEEE} Transactions on Computers" }
@String{IEEETransComp = "{IEEE} Trans. Comput." }
@String{IEEETransAC = "{IEEE} Transactions on Automatic Control" }
@String{IEEETransAC = "{IEEE} Trans. Automat. Control" }
@String{IEEESpec = "{IEEE} Spectrum" } % didn't find in AMS MR
@String{ProcIEEE = "Proceedings of the {IEEE}" }
@String{ProcIEEE = "Proc. {IEEE}" } % didn't find in AMS MR
@String{IEEETransAeroElec = "{IEEE} Transactions on Aerospace and Electronic
 Systems" }
@String{IEEETransAeroElec = "{IEEE} Trans. Aerospace Electron. Systems" }

@String{IMANumerAna = "{IMA} Journal of Numerical Analysis" }
@String{IMANumerAna = "{IMA} J. Numer. Anal." }
@String{InfProcLet = "Information Processing Letters" }
@String{InfProcLet = "Inform. Process. Lett." }
@String{InstMathApp = "Journal of the Institute of Mathematics and
 its Applications" }
@String{InstMathApp = "J. Inst. Math. Appl." }
@String{IntControl = "International Journal of Control" }
@String{IntControl = "Internat. J. Control" }
@String{IntNumerEng = "International Journal for Numerical Methods in
 Engineering" }
@String{IntNumerEng = "Internat. J. Numer. Methods Engrg." }
@String{IntSuper = "International Journal of Supercomputing Applications" }
@String{IntSuper = "Internat. J. Supercomputing Applic." } % didn't find
%% in AMS MR
@String{Kibernetika = "Kibernetika" }
@String{JResNatBurStand = "Journal of Research of the National Bureau
 of Standards" }
@String{JResNatBurStand = "J. Res. Nat. Bur. Standards" }
@String{LinAlgApp = "Linear Algebra and its Applications" }
@String{LinAlgApp = "Linear Algebra Appl." }
@String{MathAnaAppl = "Journal of Mathematical Analysis and Applications" }
@String{MathAnaAppl = "J. Math. Anal. Appl." }
@String{MathAnnalen = "Mathematische Annalen" }
@String{MathAnnalen = "Math. Ann." }
@String{MathPhys = "Journal of Mathematical Physics" }
@String{MathPhys = "J. Math. Phys." }
@String{MathComp = "Mathematics of Computation" }
@String{MathComp = "Math. Comp." }
@String{MathScand = "Mathematica Scandinavica" }
@String{MathScand = "Math. Scand." }
@String{TablesAidsComp = "Mathematical Tables and Other Aids to Computation" }
@String{TablesAidsComp = "Math. Tables Aids Comput." }
@String{NumerMath = "Numerische Mathematik" }
@String{NumerMath = "Numer. Math." }
@String{PacificMath = "Pacific Journal of Mathematics" }
@String{PacificMath = "Pacific J. Math." }
@String{ParDistComp = "Journal of Parallel and Distributed Computing" }
@String{ParDistComp = "J. Parallel and Distrib. Comput." } % didn't find
%% in AMS MR
@String{ParComputing = "Parallel Computing" }
@String{ParComputing = "Parallel Comput." }
@String{PhilMag = "Philosophical Magazine" }
@String{PhilMag = "Philos. Mag." }
@String{ProcNAS = "Proceedings of the National Academy of Sciences
                of the USA" }
@String{ProcNAS = "Proc. Nat. Acad. Sci. U. S. A." }
@String{Psychometrika = "Psychometrika" }
@String{QuartMath = "Quarterly Journal of Mathematics, Oxford, Series (2)" }
@String{QuartMath = "Quart. J. Math. Oxford Ser. (2)" }
@String{QuartApplMath = "Quarterly of Applied Mathematics" }
@String{QuartApplMath = "Quart. Appl. Math." }
@String{RevueInstStat = "Review of the International Statisical Institute" }
@String{RevueInstStat = "Rev. Inst. Internat. Statist." }

%SIAM
@String{JSIAM = "Journal of the Society for Industrial and Applied
 Mathematics" }
@String{JSIAM = "J. Soc. Indust. Appl. Math." }
@String{JSIAMB = "Journal of the Society for Industrial and Applied
 Mathematics, Series B, Numerical Analysis" }
@String{JSIAMB = "J. Soc. Indust. Appl. Math. Ser. B Numer. Anal." }
@String{SIAMAlgMeth = "{SIAM} Journal on Algebraic and Discrete Methods" }
@String{SIAMAlgMeth = "{SIAM} J. Algebraic Discrete Methods" }
@String{SIAMAppMath = "{SIAM} Journal on Applied Mathematics" }
@String{SIAMAppMath = "{SIAM} J. Appl. Math." }
@String{SIAMComp = "{SIAM} Journal on Computing" }
@String{SIAMComp = "{SIAM} J. Comput." }
@String{SIAMMatrix = "{SIAM} Journal on Matrix Analysis and Applications" }
@String{SIAMMatrix = "{SIAM} J. Matrix Anal. Appl." }
@String{SIAMNumAnal = "{SIAM} Journal on Numerical Analysis" }
@String{SIAMNumAnal = "{SIAM} J. Numer. Anal." }
@String{SIAMReview = "{SIAM} Review" }
@String{SIAMReview = "{SIAM} Rev." }
@String{SIAMSciStat = "{SIAM} Journal on Scientific and Statistical
 Computing" }
@String{SIAMSciStat = "{SIAM} J. Sci. Statist. Comput." }

@String{SoftPracExp = "Software Practice and Experience" }
@String{SoftPracExp = "Software Prac. Experience" } % didn't find in AMS MR
@String{StatScience = "Statistical Science" }
@String{StatScience = "Statist. Sci." }
@String{Techno = "Technometrics" }
@String{USSRCompMathPhys = "{USSR} Computational Mathematics and Mathematical
 Physics" }
@String{USSRCompMathPhys = "{U. S. S. R.} Comput. Math. and Math. Phys." }
@String{VLSICompSys = "Journal of {VLSI} and Computer Systems" }
@String{VLSICompSys = "J. {VLSI} Comput. Syst." }
@String{ZAngewMathMech = "Zeitschrift fur Angewandte Mathematik und
 Mechanik" }
@String{ZAngewMathMech = "Z. Angew. Math. Mech." }
@String{ZAngewMathPhys = "Zeitschrift fur Angewandte Mathematik und Physik" }
@String{ZAngewMathPhys = "Z. Angew. Math. Phys." }

% Publishers % ================================================= |

@String{Academic = "Academic Press" }
@String{ACMPress = "{ACM} Press" }
@String{AdamHilger = "Adam Hilger" }
@String{AddisonWesley = "Addison-Wesley" }
@String{AllynBacon = "Allyn and Bacon" }
@String{AMS = "American Mathematical Society" }
@String{Birkhauser = "Birkh{\"a}user" }
@String{CambridgePress = "Cambridge University Press" }
@String{Chelsea = "Chelsea" }
@String{ClaredonPress = "Claredon Press" }
@String{DoverPub = "Dover Publications" }
@String{Eyolles = "Eyolles" }
@String{HoltRinehartWinston = "Holt, Rinehart and Winston" }
@String{Interscience = "Interscience" }
@String{JohnsHopkinsPress = "The Johns Hopkins University Press" }
@String{JohnWileySons = "John Wiley and Sons" }
@String{Macmillan = "Macmillan" }
@String{MathWorks = "The Math Works Inc." }
@String{McGrawHill = "McGraw-Hill" }
@String{NatBurStd = "National Bureau of Standards" }
@String{NorthHolland = "North-Holland" }
@String{OxfordPress = "Oxford University Press" }  %address Oxford or London?
@String{PergamonPress = "Pergamon Press" }
@String{PlenumPress = "Plenum Press" }
@String{PrenticeHall = "Prentice-Hall" }
@String{SIAMPub = "{SIAM} Publications" }
@String{Springer = "Springer-Verlag" }
@String{TexasPress = "University of Texas Press" }
@String{VanNostrand = "Van Nostrand" }
@String{WHFreeman = "W. H. Freeman and Co." }



%Entries

@article{zhang2024omgllava,
  title={{OMG-LLaVA: Bridging Image-level, Object-level, Pixel-level Reasoning and Understanding}},
  author={Zhang, Tao and Li, Xiangtai and Fei, Hao and Yuan, Haobo and Wu, Shengqiong and Ji, Shunping and Loy, Chen Change and Yan, Shuicheng},
  journal={Advances in Neural Information Processing Systems},
  volume={37},
  pages={71737--71767},
  year={2024}
}

@article{wang2024omnidrive,
  title={{OmniDrive: A Holistic LLM-Agent Framework for Autonomous Driving with 3D Perception, Reasoning and Planning}},
  author={Wang, Shihao and Yu, Zhiding and Jiang, Xiaohui and Lan, Shiyi and Shi, Min and Chang, Nadine and Kautz, Jan and Li, Ying and Alvarez, Jose M},
  journal={arXiv preprint arXiv:2405.01533},
  year={2024}
}

@article{bar2004visual,
  title={{Visual Objects in Context}},
  author={Bar, Moshe},
  journal={Nature Reviews Neuroscience},
  volume={5},
  number={8},
  pages={617--629},
  year={2004},
  publisher={Nature Publishing Group UK London}
}

@article{cavanagh2011visual,
  title={{Visual Cognition}},
  author={Cavanagh, Patrick},
  journal={Vision Research},
  volume={51},
  number={13},
  pages={1538--1551},
  year={2011},
  publisher={Elsevier}
}

@article{palmeri2004visual,
  title={{Visual Object Understanding}},
  author={Palmeri, Thomas and Gauthier, Isabel},
  journal={Nature Reviews Neuroscience},
  volume={5},
  number={4},
  pages={291--303},
  year={2004},
  publisher={Nature Publishing Group UK London}
}

@article{wu2022slotformer,
  title={{SlotFormer: Unsupervised Visual Dynamics Simulation with Object-Centric Models}},
  author={Wu, Ziyi and Dvornik, Nikita and Greff, Klaus and Kipf, Thomas and Garg, Animesh},
  journal={International Conference on Learning Representations},
  year={2023}
}

@article{locatello2020slotattent,
  title={{Object-Centric Learning with Slot Attention}},
  author={Locatello, Francesco and Weissenborn, Dirk and Unterthiner, Thomas and others},
  journal={Advances in Neural Information Processing Systems},
  volume={33},
  pages={11525--11538},
  year={2020}
}

@article{kipf2021savi,
  title={{Conditional Object-Centric Learning from Video}},
  author={Kipf, Thomas and Elsayed, Gamaleldin and Mahendran, Aravindh and others},
  journal={International Conference on Learning Representations},
  year={2022}
}

@article{elsayed2022savipp,
  title={{SAVi++: Towards End-to-End Object-Centric Learning from Real-World Videos}},
  author={Elsayed, Gamaleldin and Mahendran, Aravindh and Van Steenkiste, Sjoerd and others},
  journal={Advances in Neural Information Processing Systems},
  volume={35},
  pages={28940--28954},
  year={2022}
}

@article{singh2021slate,
  title={{Illiterate DALL-E Learns to Compose}},
  author={Singh, Gautam and Deng, Fei and Ahn, Sungjin},
  journal={International Conference on Learning Representations},
  year={2022}
}

@article{singh2022steve,
  title={{Simple Unsupervised Object-Centric Learning for Complex and Naturalistic Videos}},
  author={Singh, Gautam and Wu, Yi-Fu and Ahn, Sungjin},
  journal={Advances in Neural Information Processing Systems},
  volume={35},
  pages={18181--18196},
  year={2022}
}

@article{seitzer2023dinosaur,
  title={{Bridging the Gap to Real-World Object-Centric Learning}},
  author={Seitzer, Maximilian and Horn, Max and Zadaianchuk, Andrii and others},
  journal={International Conference on Learning Representations},
  year={2023}
}

@article{zadaianchuk2024videosaur,
  title={{Object-Centric Learning for Real-World Videos by Predicting Temporal Feature Similarities}},
  author={Zadaianchuk, Andrii and Seitzer, Maximilian and Martius, Georg},
  journal={Advances in Neural Information Processing Systems},
  volume={36},
  year={2024}
}

@article{jiang2023lsd,
  title={{Object-Centric Slot Diffusion}},
  author={Jiang, Jindong and Deng, Fei and Singh, Gautam and Ahn, Sungjin},
  journal={Advances in Neural Information Processing Systems},
  year={2023}
}

@article{wu2023slotdiffuz,
  title={{SlotDiffusion: Object-Centric Generative Modeling with Diffusion Models}},
  author={Wu, Ziyi and Hu, Jingyu and Lu, Wuyue and Gilitschenski, Igor and Garg, Animesh},
  journal={Advances in Neural Information Processing Systems},
  volume={36},
  pages={50932--50958},
  year={2023}
}

@inproceedings{caron2021dino1,
  title={{Emerging Properties in Self-Supervised Vision Transformers}},
  author={Caron, Mathilde and Touvron, Hugo and Misra, Ishan and others},
  booktitle={Proceedings of the IEEE/CVF International Conference on Computer Vision},
  pages={9650--9660},
  year={2021}
}

@article{oquab2023dino2,
  title={{DINOv2: Learning Robust Visual Features without Supervision}},
  author={Oquab, Maxime and Darcet, Timothee and Moutakanni, Theo and others},
  journal={Transactions on Machine Learning Research},
  year={2023}
}

@inproceedings{ge2023hcl,
  title={{Hyperbolic Contrastive Learning for Visual Representations Beyond Objects}},
  author={Ge, Songwei and Mishra, Shlok and Kornblith, Simon and Li, Chun-Liang and Jacobs, David},
  booktitle={Proceedings of the IEEE/CVF conference on computer vision and pattern recognition},
  pages={6840--6849},
  year={2023}
}

@inproceedings{wang2024videocutler,
  title={{VideoCutler: Surprisingly Simple Unsupervised Video Instance Segmentation}},
  author={Wang, Xudong and Misra, Ishan and Zeng, Ziyun and Girdhar, Rohit and Darrell, Trevor},
  booktitle={Proceedings of the IEEE/CVF Conference on Computer Vision and Pattern Recognition},
  pages={22755--22764},
  year={2024}
}

@inproceedings{greff2019iodine,
  title={{Multi-Object Representation Learning with Iterative Variational Inference}},
  author={Greff, Klaus and Kaufman, Raphael Lopez and Kabra, Rishabh and others},
  booktitle={International Conference on Machine Learning},
  pages={2424--2433},
  year={2019},
  organization={PMLR}
}

@article{krizhevsky2012alexnet,
  title={{ImageNet Classification with Deep Convolutional Neural Networks}},
  author={Krizhevsky, Alex and Sutskever, Ilya and Hinton, Geoffrey},
  journal={Advances in Neural Information Processing Systems},
  volume={25},
  year={2012}
}

@inproceedings{he2016resnet,
  title={{Deep Residual Learning for Image Recognition}},
  author={He, Kaiming and Zhang, Xiangyu and Ren, Shaoqing and Sun, Jian},
  booktitle={Proceedings of the IEEE conference on computer vision and pattern recognition},
  pages={770--778},
  year={2016}
}

@InProceedings{kirillov2023sam,
    author    = {Kirillov, Alexander and Mintun, Eric and Ravi, Nikhila and Mao, Hanzi and Rolland, Chloe and Gustafson, Laura and Xiao, Tete and Whitehead, Spencer and Berg, Alexander C. and Lo, Wan-Yen and Dollar, Piotr and Girshick, Ross},
    title     = {{Segment Anything}},
    booktitle = {Proceedings of the IEEE/CVF International Conference on Computer Vision (ICCV)},
    month     = {October},
    year      = {2023},
    pages     = {4015-4026}
}

@article{ravi2024sam2,
  title={{SAM 2: Segment Anything in Images and Videos}},
  author={Ravi, Nikhila and Gabeur, Valentin and Hu, Yuan-Ting and Hu, Ronghang and Ryali, Chaitanya and Ma, Tengyu and Khedr, Haitham and R{\"a}dle, Roman and Rolland, Chloe and Gustafson, Laura and others},
  journal={arXiv preprint arXiv:2408.00714},
  year={2024}
}

@inproceedings{jia2023boqsa,
  title={{Improving Object-centric Learning with Query Optimization}},
  author={Jia, Baoxiong and Liu, Yu and Huang, Siyuan},
  booktitle={The Eleventh International Conference on Learning Representations},
    year={2023},
}

@inproceedings{biza2023isa,
  title={{Invariant Slot Attention: Object Discovery with Slot-Centric Reference Frames}},
  author={Biza, Ondrej and van Steenkiste, Sjoerd and Sajjadi, Mehdi SM and Elsayed, Gamaleldin and Mahendran, Aravindh and Kipf, Thomas},
  booktitle={International Conference on Machine Learning},
  pages={2507--2527},
  year={2023}
}

@article{singh2022sysbind,
  title={{Neural Systematic Binder}},
  author={Singh, Gautam and Kim, Yeongbin and Ahn, Sungjin},
  journal={International Conference on Learning Representations},
  year={2022}
}

@article{reynolds2009gmm,
  title={{Gaussian Mixture Models}},
  author={Reynolds, Douglas A and others},
  journal={Encyclopedia of Biometrics},
  volume={741},
  number={659-663},
  year={2009},
  publisher={Berlin, Springer}
}

@article{watters2019spatialbroadcast,
  title={{Spatial Broadcast Decoder: A Simple Architecture for Learning Disentangled Representations in VAEs}},
  author={Watters, Nicholas and Matthey, Loic and Burgess, Christopher P and Lerchner, Alexander},
  journal={arXiv preprint arXiv:1901.07017},
  year={2019}
}

@inproceedings{kakogeorgiou2024spot,
  title={{SPOT: Self-Training with Patch-Order Permutation for Object-Centric Learning with Autoregressive Transformers}},
  author={Kakogeorgiou, Ioannis and Gidaris, Spyros and Karantzalos, Konstantinos and Komodakis, Nikos},
  booktitle={Proceedings of the IEEE/CVF Conference on Computer Vision and Pattern Recognition},
  pages={22776--22786},
  year={2024}
}

@inproceedings{im2017dvae,
  title={{Denoising criterion for variational auto-encoding framework}},
  author={Im Im, Daniel and Ahn, Sungjin and Memisevic, Roland and Bengio, Yoshua},
  booktitle={Proceedings of the AAAI conference on artificial intelligence},
  volume={31},
  year={2017}
}

@article{van2017vqvae,
  title={{Neural Discrete Representation Learning}},
  author={Van Den Oord, Aaron and Vinyals, Oriol and Kavukcuoglu, Koray},
  journal={Advances in Neural Information Processing Systems},
  volume={30},
  year={2017}
}


@inproceedings{huang2018condensenet,
  title={{CondenseNet: An Efficient DenseNet Using Learned Group Convolutions}},
  author={Huang, Gao and Liu, Shichen and Van der Maaten, Laurens and Weinberger, Kilian},
  booktitle={Proceedings of the IEEE Conference on Computer Vision and Pattern Recognition},
  pages={2752--2761},
  year={2018}
}

@article{zhao2021lhc,
  title={{Learnable Heterogeneous Convolution: Learning both Topology and Strength}},
  author={Zhao, Rongzhen and Wu, Zhenzhi and Zhang, Qikun},
  journal={Neural Networks},
  volume={141},
  pages={270--280},
  year={2021},
  publisher={Elsevier}
}

@inproceedings{zhao2022coc,
  title={{Convolution of Convolution: Let Kernels Spatially Collaborate}},
  author={Zhao, Rongzhen and Li, Jian and Wu, Zhenzhi},
  booktitle={Proceedings of the IEEE/CVF Conference on Computer Vision and Pattern Recognition},
  pages={651--660},
  year={2022}
}

@article{zhao2024gdr,
  title={{Grouped Discrete Representation for Object-Centric Learning}},
  author={Zhao, Rongzhen and Wang, Vivienne and Kannala, Juho and Pajarinen, Joni},
  journal={arXiv preprint arXiv:2411.02299},
  year={2024}
}

@article{zhao2024msf,
  title={Multi-Scale Fusion for Object Representation},
  author={Zhao, Rongzhen and Wang, Vivienne and Kannala, Juho and Pajarinen, Joni},
  journal={arXiv preprint arXiv:2410.01539},
  year={2024}
}

@article{zou2023objectdetection,
  title={{Object Detection in 20 Years: A Survey}},
  author={Zou, Zhengxia and Chen, Keyan and Shi, Zhenwei and Guo, Yuhong and Ye, Jieping},
  journal={Proceedings of the IEEE},
  volume={111},
  number={3},
  pages={257--276},
  year={2023},
  publisher={IEEE}
}

@article{minaee2021imagesegmentation,
  title={{Image Segmentation Using Deep Learning: A Survey}},
  author={Minaee, Shervin and Boykov, Yuri and Porikli, Fatih and Plaza, Antonio and Kehtarnavaz, Nasser and Terzopoulos, Demetri},
  journal={IEEE transactions on pattern analysis and machine intelligence},
  volume={44},
  number={7},
  pages={3523--3542},
  year={2021},
  publisher={IEEE}
}

@article{yang2023rvq,
  title={{Hifi-Codec: Group-Residual Vector Quantization for High Fidelity Audio Codec}},
  author={Yang, Dongchao and Liu, Songxiang and Huang, Rongjie and others},
  journal={arXiv preprint arXiv:2305.02765},
  year={2023}
}

@article{zhu2024simvq,
  title={{Addressing Representation Collapse in Vector Quantized Models with One Linear Layer}},
  author={Zhu, Yongxin and Li, Bocheng and Xin, Yifei and Xu, Linli},
  journal={arXiv preprint arXiv:2411.02038},
  year={2024}
}

@article{vaswani2017transformer,
  title={{Attention Is All You Need}},
  author={Vaswani, Ashish and Shazeer, Noam and Parmar, Niki and others},
  journal={Advances in Neural Information Processing Systems},
  volume={30},
  year={2017}
}

@article{bengio2013ste,
  title={{Estimating or Propagating Gradients through Stochastic Neurons for Conditional Computation}},
  author={Bengio, Yoshua and Leonard, Nicholas and Courville, Aaron},
  journal={arXiv preprint arXiv:1308.3432},
  year={2013}
}

@article{uijlings2013selectivesearch,
  title={{Selective Search for Object Recognition}},
  author={Uijlings, Jasper RR and Van De Sande, Koen EA and Gevers, Theo and Smeulders, Arnold WM},
  journal={International Journal of Computer Vision},
  volume={104},
  pages={154--171},
  year={2013},
  publisher={Springer}
}
