@ARTICLE{Hao2024FastTransform,
  author={Hao, Zhijian and Sun, Heming and Xu, Guohao and Liu, Jiaming and Xiong, Xiankui and Zhu, Xuanpeng and Zeng, Xiaoyang and Fan, Yibo},
  journal={IEEE Transactions on Broadcasting}, 
  title={Fast Transform Kernel Selection Based on Frequency Matching and Probability Model for AV1}, 
  year={2024},
  volume={70},
  number={2},
  pages={693-707},
keywords={Transforms;Kernel;Discrete cosine transforms;Computational modeling;Standards;Quantization (signal);Video coding;AV1;transform kernel selection;matching factor;probability model},
  doi={10.1109/TBC.2024.3374078}}

@ARTICLE{Lei2017fastintra,
  author={Lei, Jianjun and Li, Dongyang and Pan, Zhaoqing and Sun, Zhenyan and Kwong, Sam and Hou, Chunping},
  journal={IEEE Transactions on Broadcasting}, 
  title={Fast Intra Prediction Based on Content Property Analysis for Low Complexity HEVC-Based Screen Content Coding}, 
  year={2017},
  volume={63},
  number={1},
  pages={48-58},
keywords={Encoding;Copper;Prediction algorithms;Video coding;Computational complexity;Computers;Partitioning algorithms;Screen content coding (SCC);fast algorithm;intra prediction;screen content CU (SCCU);natural content CU (NCCU)},
  doi={10.1109/TBC.2016.2623241}}

@ARTICLE{WangDSCIC,
  author={Wang, Feifeng and Shen, Liquan and Teng, Qi and Tian, Zhaoyi},
  journal={IEEE Transactions on Circuits and Systems for Video Technology}, 
  title={DSCIC: Deep Screen Content Image Compression}, 
  year={2024},
  volume={},
  number={},
  pages={1-1},
  keywords={Image color analysis;Image coding;Termination of employment;Learning systems;Codecs;Clustering algorithms;Transformers;Screen Content Image (SCI);Deep Learning;Color Context;Image Compression},
  doi={10.1109/TCSVT.2024.3419575}}

@inproceedings{abdoli2019intra,
  title={Intra block-DPCM with layer separation of screen content in VVC},
  author={Abdoli, Mohsen and Henry, Felix and Brault, Patrice and Dufaux, Fr{\'e}d{\'e}ric and Duhamel, Pierre and Philippe, Pierrick},
  booktitle={2019 IEEE International Conference on Image Processing (ICIP)},
  pages={3162--3166},
  year={2019},
  organization={IEEE}
}

@inproceedings{akbari2021learned,
  title={Learned bi-resolution image coding using generalized octave convolutions},
  author={Akbari, Mohammad and Liang, Jie and Han, Jingning and Tu, Chengjie},
  booktitle={Proceedings of the AAAI Conference on Artificial Intelligence},
  volume={35},
  number={8},
  pages={6592--6599},
  year={2021}
}

@inproceedings{balle2018variational,
  title={Variational image compression with a scale hyperprior},
  author={Ball{\'e}, Johannes and Minnen, David and Singh, Saurabh and Hwang, Sung Jin and Johnston, Nick},
  booktitle={International Conference on Learning Representations},
  year={2018}
}

@article{bross2021overview,
  title={Overview of the versatile video coding (VVC) standard and its applications},
  author={Bross, Benjamin and Wang, Ye-Kui and Ye, Yan and Liu, Shan and Chen, Jianle and Sullivan, Gary J and Ohm, Jens-Rainer},
  journal={IEEE Transactions on Circuits and Systems for Video Technology},
  volume={31},
  number={10},
  pages={3736--3764},
  year={2021},
  publisher={IEEE}
}

@inproceedings{chen2019drop,
  title={Drop an octave: Reducing spatial redundancy in convolutional neural networks with octave convolution},
  author={Chen, Yunpeng and Fan, Haoqi and Xu, Bing and Yan, Zhicheng and Kalantidis, Yannis and Rohrbach, Marcus and Yan, Shuicheng and Feng, Jiashi},
  booktitle={Proceedings of the IEEE/CVF international conference on computer vision},
  pages={3435--3444},
  year={2019}
}

@inproceedings{chen2022two,
  title={Two-stage octave residual network for end-to-end image compression},
  author={Chen, Fangdong and Xu, Yumeng and Wang, Li},
  booktitle={Proceedings of the AAAI Conference on Artificial Intelligence},
  volume={36},
  number={4},
  pages={3922--3929},
  year={2022}
}

@inproceedings{cheng2020learned,
  title={Learned image compression with discretized gaussian mixture likelihoods and attention modules},
  author={Cheng, Zhengxue and Sun, Heming and Takeuchi, Masaru and Katto, Jiro},
  booktitle={Proceedings of the IEEE/CVF conference on computer vision and pattern recognition},
  pages={7939--7948},
  year={2020}
}

@ARTICLE{he2024learnedimage,
  author={He, Jingbo and He, Xiaohai and Xiong, Shuhua and Chen, Honggang},
  journal={IEEE Transactions on Broadcasting}, 
  title={Learned Image Coding for Human-Machine Collaborative Optimization}, 
  year={2024},
  volume={},
  number={},
  pages={1-14},
  keywords={Image coding;Task analysis;Image reconstruction;Collaboration;Machine vision;Transformers;Optimization;Learned image coding;compressed domain;machine task;collaborative optimization;transformer},
  doi={10.1109/TBC.2024.3443470}}

@inproceedings{heris2023multi,
  title={Multi-task learning for screen content image coding},
  author={Heris, Rashid Zamanshoar and Baji{\'c}, Ivan V},
  booktitle={2023 IEEE International Symposium on Circuits and Systems (ISCAS)},
  pages={1--5},
  year={2023},
  organization={IEEE}
}

@ARTICLE{jiang2024OMR,
  author={Jiang, Shiqi and Ren, Ting and Fu, Congrui and Li, Shuai and Yuan, Hui},
  journal={IEEE Signal Processing Letters}, 
  title={OMR-NET: A Two-Stage Octave Multi-Scale Residual Network for Screen Content Image Compression}, 
  year={2024},
  volume={31},
  number={},
  pages={1800-1804},
  keywords={Image coding;Convolution;Feature extraction;Training;Decoding;Context modeling;Standards;Screen content;image compression;octave convolution;multi-scale residual block},
  doi={10.1109/LSP.2024.3411917}}

@techreport{li2019freq,
  title={Frequency-Based Intra Mode Coding, Audio Video Coding Standard Team},
  author={J. Li, L. Zhang, and K. Zhang},
  year={2019},
  institution={Standard AVS-M4972}
}

@article{minnen2018joint,
  title={Joint autoregressive and hierarchical priors for learned image compression},
  author={Minnen, David and Ball{\'e}, Johannes and Toderici, George D},
  journal={Advances in neural information processing systems},
  volume={31},
  year={2018}
}

@ARTICLE{pan2024JND-LIC,
  author={Pan, Zhaoqing and Zhang, Guoyu and Peng, Bo and Lei, Jianjun and Xie, Haoran and Wang, Fu Lee and Ling, Nam},
  journal={IEEE Transactions on Broadcasting}, 
  title={JND-LIC: Learned Image Compression via Just Noticeable Difference for Human Visual Perception}, 
  year={2024},
  volume={},
  number={},
  pages={1-12},
  keywords={Image coding;Visualization;Quantization (signal);Transforms;Redundancy;Feature extraction;Entropy;Decoding;Generative adversarial networks;Entropy coding;Image compression;learned image compression;just noticeable difference;transform;quantization},
  doi={10.1109/TBC.2024.3464413}}

@article{pointer1989contrast,
  title={The contrast sensitivity gradient across the human visual field: With emphasis on the low spatial frequency range},
  author={Pointer, JS and Hess, RF},
  journal={Vision research},
  volume={29},
  number={9},
  pages={1133--1151},
  year={1989},
  publisher={Elsevier}
}

@article{pu2016palette,
  title={Palette mode coding in HEVC screen content coding extension},
  author={Pu, Wei and Karczewicz, Marta and Joshi, Rajan and Seregin, Vadim and Zou, Feng and Sole, Joel and Sun, Yu-Chen and Chuang, Tzu-Der and Lai, Polin and Liu, Shan and others},
  journal={IEEE Journal on Emerging and Selected Topics in Circuits and Systems},
  volume={6},
  number={4},
  pages={420--432},
  year={2016},
  publisher={IEEE}
}

@inproceedings{shen2023dec,
  title={Dec-adapter: Exploring efficient decoder-side adapter for bridging screen content and natural image compression},
  author={Shen, Sheng and Yue, Huanjing and Yang, Jingyu},
  booktitle={Proceedings of the IEEE/CVF International Conference on Computer Vision},
  pages={12887--12896},
  year={2023}
}

@techreport{sole2013ahg8,
  title={AHG8: Residue Rotation and Significance Map Context for Screen Content Coding, document JCTVC-M0333, ITU-T SG16 WP3 and ISO},
  author={Sole, J and Joshi, R and Karczewicz, M},
  year={2013},
  institution={IEC JTC1/SC29/WG11}
}

@inproceedings{tang2023feature,
  title={Feature Fusion Enhanced Super Resolution for Low Bitrate Screen Content Compression},
  author={Tang, Tong and Zhang, Xin and Li, Zhidu and Yang, Jing},
  booktitle={2023 IEEE International Conference on Image Processing (ICIP)},
  pages={2825--2829},
  year={2023},
  organization={IEEE}
}

@inproceedings{wang2020deblocking,
  title={Deblocking switch control for screen content encoding},
  author={Wang, Y and Xu, X and Liu, S and others},
  booktitle={Proc. AVS-M5221, Teleconference},
  pages={1--5},
  year={2020}
}

@inproceedings{wang2022transform,
  title={Transform Skip Inspired End-to-End Compression for Screen Content Image},
  author={Wang, Meng and Zhang, Kai and Zhang, Li and Wu, Yaojun and Li, Yue and Li, Junru and Wang, Shiqi},
  booktitle={2022 IEEE International Conference on Image Processing (ICIP)},
  pages={3848--3852},
  year={2022},
  organization={IEEE}
}

@ARTICLE{wang2024fastmode,
  author={Wang, Dayong and Yu, Junyi and Lu, Xin and Dufaux, Frederic and Hang, Bo and Guo, Hui and Zhu, Ce},
  journal={IEEE Transactions on Broadcasting}, 
  title={Fast Mode and CU Splitting Decision for Intra Prediction in VVC SCC}, 
  year={2024},
  volume={70},
  number={3},
  pages={872-883},
  keywords={Encoding;Copper;Prediction algorithms;Correlation;Deep learning;Decision trees;Standards;VVC SCC;content type;fast coding mode decision;BDPCM;fast splitting decision},
  doi={10.1109/TBC.2024.3394288}}

@article{xu2016intra,
  title={Intra block copy in HEVC screen content coding extensions},
  author={Xu, Xiaozhong and Liu, Shan and Chuang, Tzu-Der and Huang, Yu-Wen and Lei, Shaw-Min and Rapaka, Krishnakanth and Pang, Chao and Seregin, Vadim and Wang, Ye-Kui and Karczewicz, Marta},
  journal={IEEE Journal on Emerging and Selected Topics in Circuits and Systems},
  volume={6},
  number={4},
  pages={409--419},
  year={2016},
  publisher={IEEE}
}

@ARTICLE{yang2020anovel,
  author={Yang, Hao and Shen, Liquan and Yang, Yang and Lin, Weiyao},
  journal={IEEE Transactions on Broadcasting}, 
  title={A Novel Rate Control Scheme for Video Coding in HEVC-SCC}, 
  year={2020},
  volume={66},
  number={2},
  pages={333-345},
  keywords={Bit rate;Video coding;Encoding;Complexity theory;Image color analysis;Streaming media;Distortion;Screen content videos;rate control;parameter update mode;frequent scene change;bit allocation},
  doi={10.1109/TBC.2019.2954062}}

@ARTICLE{yin2024afastcu,
  author={Yin, Jihang and Qi, Honggang and Zhong, Liang and Zhao, Zhiyuan and Wang, Qiang and Wu, Jingran and Zhang, Xianguo},
  journal={IEEE Transactions on Broadcasting}, 
  title={A Fast CU Partition Algorithm for AVS3 Based on Adaptive Tree Search and Pruning Optimization}, 
  year={2024},
  volume={},
  number={},
  pages={1-17},
keywords={Encoding;Partitioning algorithms;Costs;Standards;Optimization;Streaming media;Channel coding;Video coding;Prediction algorithms;Real-time systems;AVS3;video coding;fast cu partition;tree search},
  doi={10.1109/TBC.2024.3465838}}

@article{zhang2016adaptive,
  title={Adaptive color-space transform in HEVC screen content coding},
  author={Zhang, Li and Xiu, Xiaoyu and Chen, Jianle and Karczewicz, Marta and He, Yunwen and Ye, Yan and Xu, Jizheng and Sole, Joel and Kim, Woo-Shik},
  journal={IEEE Journal on Emerging and Selected Topics in Circuits and Systems},
  volume={6},
  number={4},
  pages={446--459},
  year={2016},
  publisher={IEEE}
}

@inproceedings{zhang2021implicit,
  title={Implicit seleted transform skip method for AVS3},
  author={Zhang, Yuhuai and Zhang, Kai and Zhang, Li and Liu, Hongbin and Wang, Yue and Ma, Siwei and Gao, Wen},
  booktitle={2021 IEEE International Conference on Image Processing (ICIP)},
  pages={2134--2138},
  year={2021},
  organization={IEEE}
}

@ARTICLE{zhao2024gcostc,
  author={Zhao, Liping and Yan, Zhuge and Wang, Zehao and Wang, Xu and Hu, Keli and Liu, Huawen and Lin, Tao},
  journal={IEEE Transactions on Broadcasting}, 
  title={GCOTSC: Green Coding Techniques for Online Teaching Screen Content Implemented in AVS3}, 
  year={2024},
  volume={70},
  number={1},
  pages={174-182},
  keywords={Encoding;Distance learning;Video coding;Complexity theory;Standards;Heuristic algorithms;Codes;Video coding;audio video standard;online teaching screen content;low-complexity coding},
  doi={10.1109/TBC.2023.3340042}}

@article{zhou2020string,
  title={String prediction for 4: 2: 0 format screen content coding and its implementation in AVS3},
  author={Zhou, Qingyang and Zhao, Liping and Zhou, Kailun and Lin, Tao and Wang, Huihui and Wang, Shuhui and Jiao, Mengcao},
  journal={IEEE Transactions on Multimedia},
  volume={23},
  pages={3867--3876},
  year={2020},
  publisher={IEEE}
}

@ARTICLE{zhu2017inter-palette,
  author={Zhu, Weijia and Zhang, Kai and An, Jicheng and Huang, Han and Sun, Yu-Chen and Huang, Yu-Wen and Lei, Shawmin},
  journal={IEEE Transactions on Broadcasting}, 
  title={Inter-Palette Coding in Screen Content Coding}, 
  year={2017},
  volume={63},
  number={4},
  pages={673-679},
  keywords={Encoding;Video coding;Image color analysis;Decoding;Content management;High efficiency video coding;HEVC-SCC;screen content coding;intra block copy;palette coding;inter-palette coding},
  doi={10.1109/TBC.2017.2711144}}

