
@article{wallace1991jpeg,
  title={The JPEG still picture compression standard},
  author={Wallace, Gregory K},
  journal={Communications of the ACM},
  volume={34},
  number={4},
  pages={30--44},
  year={1991},
  publisher={AcM New York, NY, USA}
}

@ARTICLE{pan2016fastmotion,

  author={Pan, Zhaoqing and Lei, Jianjun and Zhang, Yun and Sun, Xingming and Kwong, Sam},
  journal={IEEE Transactions on Broadcasting}, 
  title={Fast Motion Estimation Based on Content Property for Low-Complexity H.265/HEVC Encoder}, 
  year={2016},
  volume={62},
  number={3},
  pages={675-684},
  keywords={Encoding;High definition video;Computational complexity;Video coding;Visualization;Correlation;Video compression;H.265/HEVC;fast motion estimation;prediction unit},
  doi={10.1109/TBC.2016.2580920}}

@article{sullivan2012overview,
  title={Overview of the high efficiency video coding (HEVC) standard},
  author={Sullivan, Gary J and Ohm, Jens-Rainer and Han, Woo-Jin and Wiegand, Thomas},
  journal={IEEE Transactions on circuits and systems for video technology},
  volume={22},
  number={12},
  pages={1649--1668},
  year={2012},
  publisher={IEEE}
}

@article{bross2021overview,
  title={Overview of the versatile video coding (VVC) standard and its applications},
  author={Bross, Benjamin and Wang, Ye-Kui and Ye, Yan and Liu, Shan and Chen, Jianle and Sullivan, Gary J and Ohm, Jens-Rainer},
  journal={IEEE Transactions on Circuits and Systems for Video Technology},
  volume={31},
  number={10},
  pages={3736--3764},
  year={2021},
  publisher={IEEE}
}

@article{ma2022evolution,
  title={Evolution of AVS video coding standards: twenty years of innovation and development},
  author={Ma, Siwei and Zhang, Li and Wang, Shiqi and Jia, Chuanmin and Wang, Shanshe and Huang, Tiejun and Wu, Feng and Gao, Wen},
  journal={Science China Information Sciences},
  volume={65},
  number={9},
  pages={192101},
  year={2022},
  publisher={Springer}
}

@inproceedings{li2018intra,
  title={Intra block copy for screen content in the emerging AV1 video codec},
  author={Li, Jiahao and Su, Hui and Converse, Alex and Li, Bin and Zhou, Roger and Lin, Bruce and Xu, Jizheng and Lu, Yan and Xiong, Ruiqin},
  booktitle={2018 Data Compression Conference},
  pages={355--364},
  year={2018},
  organization={IEEE}
}


@article{jamil2023learning,
  title={Learning-driven lossy image compression: A comprehensive survey},
  author={Jamil, Sonain and Piran, Md Jalil and Rahman, MuhibUr and Kwon, Oh-Jin},
  journal={Engineering Applications of Artificial Intelligence},
  volume={123},
  pages={106361},
  year={2023},
  publisher={Elsevier}
}

@article{min2021screen,
  title={Screen content quality assessment: overview, benchmark, and beyond},
  author={Min, Xiongkuo and Gu, Ke and Zhai, Guangtao and Yang, Xiaokang and Zhang, Wenjun and Le Callet, Patrick and Chen, Chang Wen},
  journal={ACM Computing Surveys (CSUR)},
  volume={54},
  number={9},
  pages={1--36},
  year={2021},
  publisher={ACM New York, NY}
}

@article{nguyen2021overview,
  title={Overview of the screen content support in VVC: Applications, coding tools, and performance},
  author={Nguyen, Tung and Xu, Xiaozhong and Henry, Felix and Liao, Ru-Ling and Sarwer, Mohammed Golam and Karczewicz, Marta and Chao, Yung-Hsuan and Xu, Jizheng and Liu, Shan and Marpe, Detlev and others},
  journal={IEEE Transactions on Circuits and Systems for Video Technology},
  volume={31},
  number={10},
  pages={3801--3817},
  year={2021},
  publisher={IEEE}
}

@inproceedings{chen2022two,
  title={Two-stage octave residual network for end-to-end image compression},
  author={Chen, Fangdong and Xu, Yumeng and Wang, Li},
  booktitle={Proceedings of the AAAI Conference on Artificial Intelligence},
  volume={36},
  number={4},
  pages={3922--3929},
  year={2022}
}

@inproceedings{akbari2021learned,
  title={Learned bi-resolution image coding using generalized octave convolutions},
  author={Akbari, Mohammad and Liang, Jie and Han, Jingning and Tu, Chengjie},
  booktitle={Proceedings of the AAAI Conference on Artificial Intelligence},
  volume={35},
  number={8},
  pages={6592--6599},
  year={2021}
}

@inproceedings{chen2019drop,
  title={Drop an octave: Reducing spatial redundancy in convolutional neural networks with octave convolution},
  author={Chen, Yunpeng and Fan, Haoqi and Xu, Bing and Yan, Zhicheng and Kalantidis, Yannis and Rohrbach, Marcus and Yan, Shuicheng and Feng, Jiashi},
  booktitle={Proceedings of the IEEE/CVF international conference on computer vision},
  pages={3435--3444},
  year={2019}
}

@inproceedings{heris2023multi,
  title={Multi-task learning for screen content image coding},
  author={Heris, Rashid Zamanshoar and Baji{\'c}, Ivan V},
  booktitle={2023 IEEE International Symposium on Circuits and Systems (ISCAS)},
  pages={1--5},
  year={2023},
  organization={IEEE}
}

@inproceedings{wang2022transform,
  title={Transform Skip Inspired End-to-End Compression for Screen Content Image},
  author={Wang, Meng and Zhang, Kai and Zhang, Li and Wu, Yaojun and Li, Yue and Li, Junru and Wang, Shiqi},
  booktitle={2022 IEEE International Conference on Image Processing (ICIP)},
  pages={3848--3852},
  year={2022},
  organization={IEEE}
}

@inproceedings{balle2017end,
  title={End-to-end optimized image compression},
  author={Ball{\'e}, Johannes and Laparra, Valero and Simoncelli, Eero P},
  booktitle={5th International Conference on Learning Representations, ICLR 2017},
  year={2017}
}


@inproceedings{balle2018variational,
  title={Variational image compression with a scale hyperprior},
  author={Ball{\'e}, Johannes and Minnen, David and Singh, Saurabh and Hwang, Sung Jin and Johnston, Nick},
  booktitle={International Conference on Learning Representations},
  year={2018}
}

@article{minnen2018joint,
  title={Joint autoregressive and hierarchical priors for learned image compression},
  author={Minnen, David and Ball{\'e}, Johannes and Toderici, George D},
  journal={Advances in neural information processing systems},
  volume={31},
  year={2018}
}

@inproceedings{cheng2020learned,
  title={Learned image compression with discretized gaussian mixture likelihoods and attention modules},
  author={Cheng, Zhengxue and Sun, Heming and Takeuchi, Masaru and Katto, Jiro},
  booktitle={Proceedings of the IEEE/CVF conference on computer vision and pattern recognition},
  pages={7939--7948},
  year={2020}
}

@inproceedings{zou2022devil,
  title={The devil is in the details: Window-based attention for image compression},
  author={Zou, Renjie and Song, Chunfeng and Zhang, Zhaoxiang},
  booktitle={Proceedings of the IEEE/CVF conference on computer vision and pattern recognition},
  pages={17492--17501},
  year={2022}
}

@inproceedings{he2022elic,
  title={Elic: Efficient learned image compression with unevenly grouped space-channel contextual adaptive coding},
  author={He, Dailan and Yang, Ziming and Peng, Weikun and Ma, Rui and Qin, Hongwei and Wang, Yan},
  booktitle={Proceedings of the IEEE/CVF Conference on Computer Vision and Pattern Recognition},
  pages={5718--5727},
  year={2022}
}

@inproceedings{li2018multi,
  title={Multi-scale residual network for image super-resolution},
  author={Li, Juncheng and Fang, Faming and Mei, Kangfu and Zhang, Guixu},
  booktitle={Proceedings of the European conference on computer vision (ECCV)},
  pages={517--532},
  year={2018}
}

@article{begaint2020compressai,
  title={Compressai: a pytorch library and evaluation platform for end-to-end compression research},
  author={B{\'e}gaint, Jean and Racap{\'e}, Fabien and Feltman, Simon and Pushparaja, Akshay},
  year={2020},
  journal={Available: https://github.com/InterDigitalInc/CompressAI/}
}

@article{ni2017esim,
  title={ESIM: Edge similarity for screen content image quality assessment},
  author={Ni, Zhangkai and Ma, Lin and Zeng, Huanqiang and Chen, Jing and Cai, Canhui and Ma, Kai-Kuang},
  journal={IEEE Transactions on Image Processing},
  volume={26},
  number={10},
  pages={4818--4831},
  year={2017},
  publisher={IEEE}
}

@article{yang2015perceptual,
  title={Perceptual quality assessment of screen content images},
  author={Yang, Huan and Fang, Yuming and Lin, Weisi},
  journal={IEEE Transactions on Image Processing},
  volume={24},
  number={11},
  pages={4408--4421},
  year={2015},
  publisher={IEEE}
}

@article{fu2023asymmetric,
  title={Asymmetric Learned Image Compression with Multi-Scale Residual Block, Importance Scaling, and Post-Quantization Filtering},
  author={Fu, Haisheng and Liang, Feng and Liang, Jie and Li, Binglin and Zhang, Guohe and Han, Jingning},
  journal={IEEE Transactions on Circuits and Systems for Video Technology},
  year={2023},
  publisher={IEEE}
}

@article{franzen1999kodak,
  title={Kodak lossless true color image suite},
  author={Franzen, Rich},
  journal={Available: http://r0k. us/graphics/kodak},
  volume={4},
  number={2},
  year={1999}
}

@article{xu2021overview,
  title={Overview of screen content coding in recently developed video coding standards},
  author={Xu, Xiaozhong and Liu, Shan},
  journal={IEEE Transactions on Circuits and Systems for Video Technology},
  volume={32},
  number={2},
  pages={839--852},
  year={2021},
  publisher={IEEE}
}

@inproceedings{shen2023dec,
  title={Dec-Adapter: Exploring Efficient Decoder-Side Adapter for Bridging Screen Content and Natural Image Compression},
  author={Shen, Sheng and Yue, Huanjing and Yang, Jingyu},
  booktitle={Proceedings of the IEEE/CVF International Conference on Computer Vision},
  pages={12887--12896},
  year={2023}
}

@inproceedings{tang2023feature,
  title={Feature Fusion Enhanced Super Resolution for Low Bitrate Screen Content Compression},
  author={Tang, Tong and Zhang, Xin and Li, Zhidu and Yang, Jing},
  booktitle={2023 IEEE International Conference on Image Processing (ICIP)},
  pages={2825--2829},
  year={2023},
  organization={IEEE}
}

@INPROCEEDINGS{jiang23,
  author={Jiang, Shiqi and Yuan, Hui and Li, Shuai and Mao, Xiaolong},
  booktitle={2023 IEEE International Conference on Image Processing (ICIP)}, 
  title={Fourier Series and Laplacian Noise-Based Quantization Error Compensation for End-to-End Learning-Based Image Compression}, 
  year={2023},
  volume={},
  number={},
  pages={2975-2979},
  doi={10.1109/ICIP49359.2023.10222497}}

@ARTICLE{10132493,
  author={Lee, Soonbin and Jeong, Jong-Beom and Ryu, Eun-Seok},
  journal={IEEE Signal Processing Letters}, 
  title={Entropy-Constrained Implicit Neural Representations for Deep Image Compression}, 
  year={2023},
  volume={30},
  number={},
  pages={663-667},
  keywords={Image coding;Entropy;Computational modeling;Training;Data models;Neural networks;Distortion;Image compression;model compression;implicit neural representation},
  doi={10.1109/LSP.2023.3279780}}

@ARTICLE{10323534,
  author={Zhang, Gai and Zhang, Xinfeng and Tang, Lv},
  journal={IEEE Signal Processing Letters}, 
  title={Enhanced Quantified Local Implicit Neural Representation for Image Compression}, 
  year={2023},
  volume={30},
  number={},
  pages={1742-1746},
  keywords={Image coding;Quantization (signal);Training;Rate-distortion;Image reconstruction;Context modeling;Optimization;Image coding;implicit neual representation;deep learning;enhanced quantization scheme},
  doi={10.1109/LSP.2023.3334956}}

@ARTICLE{9044407,
  author={Yeo, Yoon-Jae and Shin, Yong-Goo and Sagong, Min-Cheol and Kim, Seung-Wook and Ko, Sung-Jea},
  journal={IEEE Signal Processing Letters}, 
  title={Simple Yet Effective Way for Improving the Performance of Lossy Image Compression}, 
  year={2020},
  volume={27},
  number={},
  pages={530-534},
  keywords={Image coding;Training;Decoding;Quantization (signal);Image reconstruction;Learning systems;Convolution;Convolutional neural network;deep learning;image compression},
  doi={10.1109/LSP.2020.2982561}}

@ARTICLE{8977394,
  author={Yang, Fei and Herranz, Luis and Weijer, Joost van de and Guitián, José A. Iglesias and López, Antonio M. and Mozerov, Mikhail G.},
  journal={IEEE Signal Processing Letters}, 
  title={Variable Rate Deep Image Compression With Modulated Autoencoder}, 
  year={2020},
  volume={27},
  number={},
  pages={331-335},
  keywords={Bit rate;Decoding;Training;Image coding;Distortion;Quantization (signal);Adaptation models;Deep image compression;variable bitrate;autoencoder;modulated autoencoder},
  doi={10.1109/LSP.2020.2970539}}

@ARTICLE{8468110,
  author={Chen, Jianan and Shen, Liquan and Zheng, Linru and Jiang, Xuhao},
  journal={IEEE Signal Processing Letters}, 
  title={Naturalization Module in Neural Networks for Screen Content Image Quality Assessment}, 
  year={2018},
  volume={25},
  number={11},
  pages={1685-1689},
  keywords={Image quality;Machine learning;Neural networks;Distortion;Interpolation;Convolution;Measurement;Deep learning;image quality assessment;image processing;naturalization;screen content images},
  doi={10.1109/LSP.2018.2871250}}

@ARTICLE{9463764,
  author={Yang, Jiachen and Bian, Zilin and Zhao, Yang and Lu, Wen and Gao, Xinbo},
  journal={IEEE Signal Processing Letters}, 
  title={Staged-Learning: Assessing the Quality of Screen Content Images from Distortion Information}, 
  year={2021},
  volume={28},
  number={},
  pages={1480-1484},
  keywords={Distortion;Feature extraction;Image quality;Databases;Visualization;Training;Convolution;Image quality assessment;screen content images;multi-task distortion-learning;attention module},
  doi={10.1109/LSP.2021.3091928}}

@article{min2017unified,
  title={Unified blind quality assessment of compressed natural, graphic, and screen content images},
  author={Min, Xiongkuo and Ma, Kede and Gu, Ke and Zhai, Guangtao and Wang, Zhou and Lin, Weisi},
  journal={IEEE Transactions on Image Processing},
  volume={26},
  number={11},
  pages={5462--5474},
  year={2017},
  publisher={IEEE}
}

@inproceedings{shen2023dec,
  title={Dec-adapter: Exploring efficient decoder-side adapter for bridging screen content and natural image compression},
  author={Shen, Sheng and Yue, Huanjing and Yang, Jingyu},
  booktitle={Proceedings of the IEEE/CVF International Conference on Computer Vision},
  pages={12887--12896},
  year={2023}
}

@article{wang2021perceptual,
  title={Perceptual redundancy estimation of screen images via multi-domain sensitivities},
  author={Wang, Miaohui and Liu, Xueqin and Xie, Wuyuan and Xu, Long},
  journal={IEEE Signal Processing Letters},
  volume={28},
  pages={1440--1444},
  year={2021},
  publisher={IEEE}
}

@article{wang2021quality,
  title={Quality measurement of screen images via foreground perception and background suppression},
  author={Wang, Miaohui and Huang, Yijing and Lin, Jiaxin and Xie, Wuyuan and Yue, Guanghui and Wang, Shiqi and Li, Leida},
  journal={IEEE Transactions on Instrumentation and Measurement},
  volume={70},
  pages={1--11},
  year={2021},
  publisher={IEEE}
}

@inproceedings{guo2021soft,
  title={Soft then hard: Rethinking the quantization in neural image compression},
  author={Guo, Zongyu and Zhang, Zhizheng and Feng, Runsen and Chen, Zhibo},
  booktitle={International Conference on Machine Learning},
  pages={3920--3929},
  year={2021},
  organization={PMLR}
}

@article{xu2016intra,
  title={Intra block copy in HEVC screen content coding extensions},
  author={Xu, Xiaozhong and Liu, Shan and Chuang, Tzu-Der and Huang, Yu-Wen and Lei, Shaw-Min and Rapaka, Krishnakanth and Pang, Chao and Seregin, Vadim and Wang, Ye-Kui and Karczewicz, Marta},
  journal={IEEE Journal on Emerging and Selected Topics in Circuits and Systems},
  volume={6},
  number={4},
  pages={409--419},
  year={2016},
  publisher={IEEE}
}

@article{pu2016palette,
  title={Palette mode coding in HEVC screen content coding extension},
  author={Pu, Wei and Karczewicz, Marta and Joshi, Rajan and Seregin, Vadim and Zou, Feng and Sole, Joel and Sun, Yu-Chen and Chuang, Tzu-Der and Lai, Polin and Liu, Shan and others},
  journal={IEEE Journal on Emerging and Selected Topics in Circuits and Systems},
  volume={6},
  number={4},
  pages={420--432},
  year={2016},
  publisher={IEEE}
}

@article{zhang2016adaptive,
  title={Adaptive color-space transform in HEVC screen content coding},
  author={Zhang, Li and Xiu, Xiaoyu and Chen, Jianle and Karczewicz, Marta and He, Yunwen and Ye, Yan and Xu, Jizheng and Sole, Joel and Kim, Woo-Shik},
  journal={IEEE Journal on Emerging and Selected Topics in Circuits and Systems},
  volume={6},
  number={4},
  pages={446--459},
  year={2016},
  publisher={IEEE}
}

@techreport{sole2013ahg8,
  title={AHG8: Residue Rotation and Significance Map Context for Screen Content Coding, document JCTVC-M0333, ITU-T SG16 WP3 and ISO},
  author={Sole, J and Joshi, R and Karczewicz, M},
  year={2013},
  institution={IEC JTC1/SC29/WG11}
}

@inproceedings{nguyen2020residual,
  title={Residual coding for transform skip mode in versatile video coding},
  author={Nguyen, Tung and Bross, Benjamin and Schwarz, Heiko and Marpe, Detlev and Wiegand, Thomas},
  booktitle={2020 Data Compression Conference (DCC)},
  pages={83--92},
  year={2020},
  organization={IEEE}
}

@inproceedings{abdoli2019intra,
  title={Intra block-DPCM with layer separation of screen content in VVC},
  author={Abdoli, Mohsen and Henry, Felix and Brault, Patrice and Dufaux, Fr{\'e}d{\'e}ric and Duhamel, Pierre and Philippe, Pierrick},
  booktitle={2019 IEEE International Conference on Image Processing (ICIP)},
  pages={3162--3166},
  year={2019},
  organization={IEEE}
}

@techreport{li2019freq,
  title={Frequency-Based Intra Mode Coding, Audio Video Coding Standard Team},
  author={J. Li, L. Zhang, and K. Zhang},
  year={2019},
  institution={Standard AVS-M4972}
}

@inproceedings{zhang2021implicit,
  title={Implicit seleted transform skip method for AVS3},
  author={Zhang, Yuhuai and Zhang, Kai and Zhang, Li and Liu, Hongbin and Wang, Yue and Ma, Siwei and Gao, Wen},
  booktitle={2021 IEEE International Conference on Image Processing (ICIP)},
  pages={2134--2138},
  year={2021},
  organization={IEEE}
}

@inproceedings{wang2020deblocking,
  title={Deblocking switch control for screen content encoding},
  author={Wang, Y and Xu, X and Liu, S and others},
  booktitle={Proc. AVS-M5221, Teleconference},
  pages={1--5},
  year={2020}
}

@article{zhou2020string,
  title={String prediction for 4: 2: 0 format screen content coding and its implementation in AVS3},
  author={Zhou, Qingyang and Zhao, Liping and Zhou, Kailun and Lin, Tao and Wang, Huihui and Wang, Shuhui and Jiao, Mengcao},
  journal={IEEE Transactions on Multimedia},
  volume={23},
  pages={3867--3876},
  year={2020},
  publisher={IEEE}
}

@InProceedings{Zou_2022_CVPR,
    author    = {Zou, Renjie and Song, Chunfeng and Zhang, Zhaoxiang},
    title     = {The Devil Is in the Details: Window-Based Attention for Image Compression},
    booktitle = {Proceedings of the IEEE/CVF Conference on Computer Vision and Pattern Recognition (CVPR)},
    month     = {June},
    year      = {2022},
    pages     = {17492-17501}
}

@article{zhang2023subjective,
  title={Subjective and objective quality assessment for in-the-wild computer graphics images},
  author={Zhang, Zicheng and Sun, Wei and Zhou, Yingjie and Jia, Jun and Zhang, Zhichao and Liu, Jing and Min, Xiongkuo and Zhai, Guangtao},
  journal={ACM Transactions on Multimedia Computing, Communications and Applications},
  volume={20},
  number={4},
  pages={1--22},
  year={2023},
  publisher={ACM New York, NY}
}

@article{ding2023screen,
  title={Screen content video quality assessment based on spatiotemporal sparse feature},
  author={Ding, Rui and Zeng, Huanqiang and Wen, Hao and Huang, Hailiang and Cheng, Shan and Hou, Junhui},
  journal={Journal of Visual Communication and Image Representation},
  volume={96},
  pages={103912},
  year={2023},
  publisher={Elsevier}
}

@InProceedings{Duan_2023_WACV,
  title={Lossy image compression with quantized hierarchical VAEs},
  author={Duan, Zhihao and Lu, Ming and Ma, Zhan and Zhu, Fengqing},
  booktitle={Proceedings of the IEEE/CVF Winter Conference on Applications of Computer Vision},
  pages={198--207},
  year={2023}
}

@inproceedings{liu2023learned,
  title={Learned image compression with mixed transformer-cnn architectures},
  author={Liu, Jinming and Sun, Heming and Katto, Jiro},
  booktitle={Proceedings of the IEEE/CVF Conference on Computer Vision and Pattern Recognition},
  pages={14388--14397},
  year={2023}
}

@ARTICLE{jiang2024OMR,
  author={Jiang, Shiqi and Ren, Ting and Fu, Congrui and Li, Shuai and Yuan, Hui},
  journal={IEEE Signal Processing Letters}, 
  title={OMR-NET: A Two-Stage Octave Multi-Scale Residual Network for Screen Content Image Compression}, 
  year={2024},
  volume={31},
  number={},
  pages={1800-1804},
  keywords={Image coding;Convolution;Feature extraction;Training;Decoding;Context modeling;Standards;Screen content;image compression;octave convolution;multi-scale residual block},
  doi={10.1109/LSP.2024.3411917}}

@ARTICLE{fu2023learned,
  author={Fu, Haisheng and Liang, Feng and Lin, Jianping and Li, Bing and Akbari, Mohammad and Liang, Jie and Zhang, Guohe and Liu,   Dong and Tu, Chengjie and Han, Jingning},
  journal={IEEE Transactions on Image Processing}, 
  title={Learned Image Compression With Gaussian-Laplacian-Logistic Mixture Model and Concatenated Residual Modules}, 
  year={2023},
  volume={32},
  number={},
  pages={2063-2076},
  doi={10.1109/TIP.2023.3263099}}

@INPROCEEDINGS{he2022elic,
  author={He, Dailan and Yang, Ziming and Peng, Weikun and Ma, Rui and Qin, Hongwei and Wang, Yan},
  booktitle={2022 IEEE/CVF Conference on Computer Vision and Pattern Recognition (CVPR)}, 
  title={ELIC: Efficient Learned Image Compression with Unevenly Grouped Space-Channel Contextual Adaptive Coding}, 
  year={2022},
  volume={},
  number={},
  pages={5708-5717},
  doi={10.1109/CVPR52688.2022.00563}}

@InProceedings{He_2021_CVPR,
    author    = {He, Dailan and Zheng, Yaoyan and Sun, Baocheng and Wang, Yan and Qin, Hongwei},
    title     = {Checkerboard Context Model for Efficient Learned Image Compression},
    booktitle = {Proceedings of the IEEE/CVF Conference on Computer Vision and Pattern Recognition (CVPR)},
    month     = {June},
    year      = {2021},
    pages     = {14771-14780}
}

@article{lu2022high,
  title={High-efficiency lossy image coding through adaptive neighborhood information aggregation},
  author={Lu, Ming and Chen, Fangdong and Pu, Shiliang and Ma, Zhan},
  journal={arXiv preprint arXiv:2204.11448},
  year={2022}
}

@INPROCEEDINGS{gao2021neural,
  author={Gao, Ge and You, Pei and Pan, Rong and Han, Shunyuan and Zhang, Yuanyuan and Dai, Yuchao and Lee, Hojae},
  booktitle={2021 IEEE/CVF International Conference on Computer Vision (ICCV)}, 
  title={Neural Image Compression via Attentional Multi-scale Back Projection and Frequency Decomposition}, 
  year={2021},
  volume={},
  number={},
  pages={14657-14666},
  doi={10.1109/ICCV48922.2021.01441}}

@INPROCEEDINGS{lin2020spatial,
  author={Lin, Chaoyi and Yao, Jiabao and Chen, Fangdong and Wang, Li},
  booktitle={2020 IEEE/CVF Conference on Computer Vision and Pattern Recognition (CVPR)}, 
  title={A Spatial RNN Codec for End-to-End Image Compression}, 
  year={2020},
  volume={},
  number={},
  pages={13266-13274},
  doi={10.1109/CVPR42600.2020.01328}}

@article{liu2019non,
  title={Non-local attention optimized deep image compression},
  author={Liu, Haojie and Chen, Tong and Guo, Peiyao and Shen, Qiu and Cao, Xun and Wang, Yao and Ma, Zhan},
  journal={arXiv preprint arXiv:1904.09757},
  year={2019}
}

@article{liu2020unified,
  title={A unified end-to-end framework for efficient deep image compression},
  author={Liu, Jiaheng and Lu, Guo and Hu, Zhihao and Xu, Dong},
  journal={arXiv preprint arXiv:2002.03370},
  year={2020}
}

@inproceedings{xie2021enhanced,
  title={Enhanced invertible encoding for learned image compression},
  author={Xie, Yueqi and Cheng, Ka Leong and Chen, Qifeng},
  booktitle={Proceedings of the 29th ACM international conference on multimedia},
  pages={162--170},
  year={2021}
}

@ARTICLE{chen2021end,
  author={Chen, Tong and Liu, Haojie and Ma, Zhan and Shen, Qiu and Cao, Xun and Wang, Yao},
  journal={IEEE Transactions on Image Processing}, 
  title={End-to-End Learnt Image Compression via Non-Local Attention Optimization and Improved Context Modeling}, 
  year={2021},
  volume={30},
  number={},
  pages={3179-3191},
  doi={10.1109/TIP.2021.3058615}}

@inproceedings{zhu2022transformer,
title={Transformer-based Transform Coding},
author={Yinhao Zhu and Yang Yang and Taco Cohen},
booktitle={International Conference on Learning Representations},
year={2022},
url={https://openreview.net/forum?id=IDwN6xjHnK8}
}

@article{lu2021transformer,
  title={Transformer-based image compression},
  author={Lu, Ming and Guo, Peiyao and Shi, Huiqing and Cao, Chuntong and Ma, Zhan},
  journal={arXiv preprint arXiv:2111.06707},
  year={2021}
}

@INPROCEEDINGS{duan2022end,
  author={Duan, Wenhong and Lin, Kai and Jia, Chuanmin and Zhang, Xinfeng and Ma, Siwei and Gao, Wen},
  booktitle={2022 IEEE International Conference on Multimedia and Expo (ICME)}, 
  title={End-to-End Image Compression via Attention-Guided Information-Preserving Module}, 
  year={2022},
  volume={},
  number={},
  pages={1-6},
  doi={10.1109/ICME52920.2022.9859700}}


@INPROCEEDINGS{jiang23,
  author={Jiang, Shiqi and Yuan, Hui and Li, Shuai and Mao, Xiaolong},
  booktitle={2023 IEEE International Conference on Image Processing (ICIP)}, 
  title={Fourier Series and Laplacian Noise-Based Quantization Error Compensation for End-to-End Learning-Based Image Compression}, 
  year={2023},
  volume={},
  number={},
  pages={2975-2979},
  doi={10.1109/ICIP49359.2023.10222497}}


@ARTICLE{fu2022asymmetric,
  author={Fu, Haisheng and Liang, Feng and Liang, Jie and Li, Binglin and Zhang, Guohe and Han, Jingning},
  journal={IEEE Transactions on Circuits and Systems for Video Technology}, 
  title={Asymmetric Learned Image Compression with Multi-Scale Residual Block, Importance Scaling, and Post-Quantization Filtering}, 
  year={2023},
  volume={},
  number={},
  pages={1-1},
  doi={10.1109/TCSVT.2023.3237274}}

@article{aberdam2019multi,
  title={Multi-layer sparse coding: The holistic way},
  author={Aberdam, Aviad and Sulam, Jeremias and Elad, Michael},
  journal={SIAM Journal on Mathematics of Data Science},
  volume={1},
  number={1},
  pages={46--77},
  year={2019},
  publisher={SIAM}
}

@article{pfaff2021intra,
  title={Intra prediction and mode coding in VVC},
  author={Pfaff, Jonathan and Filippov, Alexey and Liu, Shan and Zhao, Xin and Chen, Jianle and De-Lux{\'a}n-Hern{\'a}ndez, Santiago and Wiegand, Thomas and Rufitskiy, Vasily and Ramasubramonian, Adarsh Krishnan and Van der Auwera, Geert},
  journal={IEEE Transactions on Circuits and Systems for Video Technology},
  volume={31},
  number={10},
  pages={3834--3847},
  year={2021},
  publisher={IEEE}
}

@misc{bellard2017bpg,
  title={BPG image format (http://bellard. org/bpg/)},
  author={Bellard, F},
  year={2017},
  publisher={Accessed}
}

@article{bjontegaard2001calculation,
  title={Calculation of average PSNR differences between RD-curves},
  author={Bjontegaard, Gisle},
  journal={ITU SG16 Doc. VCEG-M33},
  year={2001}
}

@article{pointer1989contrast,
  title={The contrast sensitivity gradient across the human visual field: With emphasis on the low spatial frequency range},
  author={Pointer, JS and Hess, RF},
  journal={Vision research},
  volume={29},
  number={9},
  pages={1133--1151},
  year={1989},
  publisher={Elsevier}
}

@ARTICLE{wangFDnet,
  author={Wang, Jian and Ling, Qiang},
  journal={IEEE Transactions on Circuits and Systems for Video Technology}, 
  title={FDNet: Frequency Decomposition Network for Learned Image Compression}, 
  year={2024},
  volume={},
  number={},
  pages={1-1},
  keywords={Image coding;Entropy;Transformers;Redundancy;Predictive models;Computational modeling;Neural networks;Image compression;frequency decomposition;Transformer;channel attention;invertible neural networks},
  doi={10.1109/TCSVT.2024.3415823}}

@ARTICLE{WangDSCIC,
  author={Wang, Feifeng and Shen, Liquan and Teng, Qi and Tian, Zhaoyi},
  journal={IEEE Transactions on Circuits and Systems for Video Technology}, 
  title={DSCIC: Deep Screen Content Image Compression}, 
  year={2024},
  volume={},
  number={},
  pages={1-1},
  keywords={Image color analysis;Image coding;Termination of employment;Learning systems;Codecs;Clustering algorithms;Transformers;Screen Content Image (SCI);Deep Learning;Color Context;Image Compression},
  doi={10.1109/TCSVT.2024.3419575}}

@ARTICLE{Ge2024NLIC,
  author={Ge, Ziqing and Ma, Siwei and Gao, Wen and Pan, Jingshan and Jia, Chuanmin},
  journal={IEEE Transactions on Circuits and Systems for Video Technology}, 
  title={NLIC: Non-uniform Quantization based Learned Image Compression}, 
  year={2024},
  volume={},
  number={},
  pages={1-1},
  keywords={Quantization (signal);Image coding;Redundancy;Entropy;Optimization;Context modeling;Computational modeling;Image compression;neural image codec;non-uniform quantization;non-linear transformation},
  doi={10.1109/TCSVT.2024.3401872}}

@ARTICLE{Li2024GroupedMixer,
  author={Li, Daxin and Bai, Yuanchao and Wang, Kai and Jiang, Junjun and Liu, Xianming and Gao, Wen},
  journal={IEEE Transactions on Circuits and Systems for Video Technology}, 
  title={GroupedMixer: An Entropy Model with Group-wise Token-Mixers for Learned Image Compression}, 
  year={2024},
  volume={},
  number={},
  pages={1-1},
  keywords={Image coding;Transformers;Entropy;Context modeling;Computational modeling;Circuits and systems;Correlation;Entropy Model;Transformer;Lossy Image Compression},
  doi={10.1109/TCSVT.2024.3395481}}

@ARTICLE{Liu2024aNoReference,
  author={Liu, Zhihong and Zeng, Huanqiang and Chen, Jing and Ding, Rui and Shi, Yifan and Hou, Junhui},
  journal={IEEE Transactions on Circuits and Systems for Video Technology}, 
  title={A No-Reference Quality Assessment Model for Screen Content Videos via Hierarchical Spatiotemporal Perception}, 
  year={2024},
  volume={},
  number={},
  pages={1-1},
  keywords={Feature extraction;Quality assessment;Visualization;Video recording;Spatiotemporal phenomena;Streaming media;Databases;Deep learning;Urban areas;Filters;No-reference;video quality assessment;screen content video;visual saliency;hierarchical perception},
  doi={10.1109/TCSVT.2024.3469180}}

@ARTICLE{yin2024afastcu,
  author={Yin, Jihang and Qi, Honggang and Zhong, Liang and Zhao, Zhiyuan and Wang, Qiang and Wu, Jingran and Zhang, Xianguo},
  journal={IEEE Transactions on Broadcasting}, 
  title={A Fast CU Partition Algorithm for AVS3 Based on Adaptive Tree Search and Pruning Optimization}, 
  year={2024},
  volume={},
  number={},
  pages={1-17},
keywords={Encoding;Partitioning algorithms;Costs;Standards;Optimization;Streaming media;Channel coding;Video coding;Prediction algorithms;Real-time systems;AVS3;video coding;fast cu partition;tree search},
  doi={10.1109/TBC.2024.3465838}}

@ARTICLE{Hao2024FastTransform,
  author={Hao, Zhijian and Sun, Heming and Xu, Guohao and Liu, Jiaming and Xiong, Xiankui and Zhu, Xuanpeng and Zeng, Xiaoyang and Fan, Yibo},
  journal={IEEE Transactions on Broadcasting}, 
  title={Fast Transform Kernel Selection Based on Frequency Matching and Probability Model for AV1}, 
  year={2024},
  volume={70},
  number={2},
  pages={693-707},
keywords={Transforms;Kernel;Discrete cosine transforms;Computational modeling;Standards;Quantization (signal);Video coding;AV1;transform kernel selection;matching factor;probability model},
  doi={10.1109/TBC.2024.3374078}}

@ARTICLE{Lei2017fastintra,
  author={Lei, Jianjun and Li, Dongyang and Pan, Zhaoqing and Sun, Zhenyan and Kwong, Sam and Hou, Chunping},
  journal={IEEE Transactions on Broadcasting}, 
  title={Fast Intra Prediction Based on Content Property Analysis for Low Complexity HEVC-Based Screen Content Coding}, 
  year={2017},
  volume={63},
  number={1},
  pages={48-58},
keywords={Encoding;Copper;Prediction algorithms;Video coding;Computational complexity;Computers;Partitioning algorithms;Screen content coding (SCC);fast algorithm;intra prediction;screen content CU (SCCU);natural content CU (NCCU)},
  doi={10.1109/TBC.2016.2623241}}

@ARTICLE{pan2024JND-LIC,
  author={Pan, Zhaoqing and Zhang, Guoyu and Peng, Bo and Lei, Jianjun and Xie, Haoran and Wang, Fu Lee and Ling, Nam},
  journal={IEEE Transactions on Broadcasting}, 
  title={JND-LIC: Learned Image Compression via Just Noticeable Difference for Human Visual Perception}, 
  year={2024},
  volume={},
  number={},
  pages={1-12},
  keywords={Image coding;Visualization;Quantization (signal);Transforms;Redundancy;Feature extraction;Entropy;Decoding;Generative adversarial networks;Entropy coding;Image compression;learned image compression;just noticeable difference;transform;quantization},
  doi={10.1109/TBC.2024.3464413}}

@ARTICLE{he2024learnedimage,
  author={He, Jingbo and He, Xiaohai and Xiong, Shuhua and Chen, Honggang},
  journal={IEEE Transactions on Broadcasting}, 
  title={Learned Image Coding for Human-Machine Collaborative Optimization}, 
  year={2024},
  volume={},
  number={},
  pages={1-14},
  keywords={Image coding;Task analysis;Image reconstruction;Collaboration;Machine vision;Transformers;Optimization;Learned image coding;compressed domain;machine task;collaborative optimization;transformer},
  doi={10.1109/TBC.2024.3443470}}

@ARTICLE{Li2021subjective,
  author={Li, Teng and Min, Xiongkuo and Zhao, Heng and Zhai, Guangtao and Xu, Yiling and Zhang, Wenjun},
  journal={IEEE Transactions on Broadcasting}, 
  title={Subjective and Objective Quality Assessment of Compressed Screen Content Videos}, 
  year={2021},
  volume={67},
  number={2},
  pages={438-449},
  keywords={Videos;Quality assessment;Databases;Computational modeling;Distortion;Media;Video quality assessment;screen content video;SCV quality database;relative standard deviation similarity;multiscale},
  doi={10.1109/TBC.2020.3028335}}

@ARTICLE{Kwong2024deeplearning,
  author={Kwong, Ngai-Wing and Chan, Yui-Lam and Tsang, Sik-Ho and Huang, Ziyin and Lam, Kin-Man},
  journal={IEEE Transactions on Broadcasting}, 
  title={Deep Learning Approach for No-Reference Screen Content Video Quality Assessment}, 
  year={2024},
  volume={70},
  number={2},
  pages={555-569},
  keywords={Feature extraction;Quality assessment;Task analysis;Spatiotemporal phenomena;Video recording;Multitasking;Distortion;Human visual experience;multi-channel convolutional neural network;multi-task learning;no reference video quality assessment;screen content video quality assessment;selfsupervised learning;spatiotemporal features},
  doi={10.1109/TBC.2024.3374042}}

@ARTICLE{zhu2017inter-palette,
  author={Zhu, Weijia and Zhang, Kai and An, Jicheng and Huang, Han and Sun, Yu-Chen and Huang, Yu-Wen and Lei, Shawmin},
  journal={IEEE Transactions on Broadcasting}, 
  title={Inter-Palette Coding in Screen Content Coding}, 
  year={2017},
  volume={63},
  number={4},
  pages={673-679},
  keywords={Encoding;Video coding;Image color analysis;Decoding;Content management;High efficiency video coding;HEVC-SCC;screen content coding;intra block copy;palette coding;inter-palette coding},
  doi={10.1109/TBC.2017.2711144}}

@ARTICLE{zhao2024gcostc,
  author={Zhao, Liping and Yan, Zhuge and Wang, Zehao and Wang, Xu and Hu, Keli and Liu, Huawen and Lin, Tao},
  journal={IEEE Transactions on Broadcasting}, 
  title={GCOTSC: Green Coding Techniques for Online Teaching Screen Content Implemented in AVS3}, 
  year={2024},
  volume={70},
  number={1},
  pages={174-182},
  keywords={Encoding;Distance learning;Video coding;Complexity theory;Standards;Heuristic algorithms;Codes;Video coding;audio video standard;online teaching screen content;low-complexity coding},
  doi={10.1109/TBC.2023.3340042}}

@ARTICLE{yang2020anovel,
  author={Yang, Hao and Shen, Liquan and Yang, Yang and Lin, Weiyao},
  journal={IEEE Transactions on Broadcasting}, 
  title={A Novel Rate Control Scheme for Video Coding in HEVC-SCC}, 
  year={2020},
  volume={66},
  number={2},
  pages={333-345},
  keywords={Bit rate;Video coding;Encoding;Complexity theory;Image color analysis;Streaming media;Distortion;Screen content videos;rate control;parameter update mode;frequent scene change;bit allocation},
  doi={10.1109/TBC.2019.2954062}}

@ARTICLE{wang2024fastmode,
  author={Wang, Dayong and Yu, Junyi and Lu, Xin and Dufaux, Frederic and Hang, Bo and Guo, Hui and Zhu, Ce},
  journal={IEEE Transactions on Broadcasting}, 
  title={Fast Mode and CU Splitting Decision for Intra Prediction in VVC SCC}, 
  year={2024},
  volume={70},
  number={3},
  pages={872-883},
  keywords={Encoding;Copper;Prediction algorithms;Correlation;Deep learning;Decision trees;Standards;VVC SCC;content type;fast coding mode decision;BDPCM;fast splitting decision},
  doi={10.1109/TBC.2024.3394288}}
