@article{adams1999comparing,
  title={Comparing classifiers when the misallocation costs are uncertain},
  author={Adams, Niall M and Hand, David J},
  journal={Pattern Recognition},
  volume={32},
  number={7},
  pages={1139--1147},
  year={1999},
  publisher={Elsevier}
}

@inproceedings{bhargav2023complexity,
  title={{On the Complexity and Approximability of Optimal Sensor Selection for Mixed-Observable Markov Decision Processes}},
  author={Bhargav, Jayanth and Ghasemi, Mahsa and Sundaram, Shreyas},
  booktitle={2023 American Control Conference (ACC)},
  pages={3332--3337},
  year={2023},
  organization={IEEE}
}

@inproceedings{chen2015sequential,
  title={Sequential information maximization: When is greedy near-optimal?},
  author={Chen, Yuxin and Hassani, S Hamed and Karbasi, Amin and Krause, Andreas},
  booktitle={Conference on Learning Theory, 338-363},
  year={2015}
}

@article{chepuri2014sparsity,
	Author = {Chepuri, Sundeep Prabhakar and Leus, Geert},
	Date-Added = {2020-10-30 15:04:39 -0400},
	Date-Modified = {2020-10-30 15:04:39 -0400},
	Journal = {IEEE Transactions on Signal Processing},
	Number = {3},
	Pages = {684--698},
	Publisher = {IEEE},
	Title = {Sparsity-promoting sensor selection for non-linear measurement models},
	Volume = {63},
	Year = {2014}}

@inproceedings{elkan2001foundations,
  title={The foundations of cost-sensitive learning},
  author={Elkan, Charles},
  booktitle={International joint conference on artificial intelligence},
  volume={17},
  pages={973--978},
  year={2001},
  organization={Lawrence Erlbaum Associates Ltd}
}

@inproceedings{ghasemi2019online,
  title={Online active perception for partially observable Markov decision processes with limited budget},
  author={Ghasemi, Mahsa and Topcu, Ufuk},
  booktitle={2019 IEEE 58th Conference on Decision and Control (CDC)},
  pages={6169--6174},
  year={2019},
  organization={IEEE}
}

@inproceedings{golovin2010near,
	Author = {Golovin, Daniel and Krause, Andreas and Ray, Debajyoti},
	Booktitle = {Proc. Advances in Neural Information Processing Systems},
	Date-Added = {2020-02-06 21:18:42 -0500},
	Date-Modified = {2020-02-06 21:18:42 -0500},
	Pages = {766--774},
	Title = {Near-optimal {Bayesian} active learning with noisy observations},
	Year = {2010}}

@article{gupta2006stochastic,
  title={On a stochastic sensor selection algorithm with applications in sensor scheduling and sensor coverage},
  author={Gupta, Vijay and Chung, Timothy H and Hassibi, Babak and Murray, Richard M},
  journal={Automatica},
  volume={42},
  number={2},
  pages={251--260},
  year={2006},
  publisher={Elsevier}
}

@article{hashemi2020randomized,
  title={Randomized greedy sensor selection: Leveraging weak submodularity},
  author={Hashemi, Abolfazl and Ghasemi, Mahsa and Vikalo, Haris and Topcu, Ufuk},
  journal={IEEE Transactions on Automatic Control},
  volume={66},
  number={1},
  pages={199--212},
  year={2020},
  publisher={IEEE}
}

@inproceedings{hollinger2013sampling,
  title={Sampling-based Motion Planning for Robotic Information Gathering.},
  author={Hollinger, Geoffrey A and Sukhatme, Gaurav S},
  booktitle={Robotics: Science and Systems},
  volume={3},
  pages={1--8},
  year={2013}
}

@article{hou2013modeling,
  title={Modeling mandatory lane changing using Bayes classifier and decision trees},
  author={Hou, Yi and Edara, Praveen and Sun, Carlos},
  Journal={IEEE Transactions on Intelligent Transportation Systems, 647-655},
  year={2013},
  publisher={IEEE}
}

@article{kaya2025randomized,
  title={Randomized greedy methods for weak submodular sensor selection with robustness considerations},
  author={Kaya, Ege Can and Hibbard, Michael and Tanaka, Takashi and Topcu, Ufuk and Hashemi, Abolfazl},
  journal={Automatica},
  volume={171},
  pages={111984},
  year={2025},
  publisher={Elsevier}
}

@inproceedings{krause2007near,
  title={Near-optimal observation selection using submodular functions},
  author={Krause, Andreas and Guestrin, Carlos},
  booktitle={AAAI},
  volume={7},
  pages={1650--1654},
  year={2007}
}

@article{krause2008robust,
  title={Robust Submodular Observation Selection.},
  author={Krause, Andreas and McMahan, H Brendan and Guestrin, Carlos and Gupta, Anupam},
  journal={Journal of Machine Learning Research},
  volume={9},
  number={12},
  year={2008}
}

@inproceedings{krause2010submodular,
	Author = {Krause, Andreas and Cevher, Volkan},
	Booktitle = {Proc. International Conference on Machine Learning},
	Date-Added = {2020-01-28 11:13:32 -0500},
	Date-Modified = {2020-01-30 11:32:51 -0500},
	Pages = {567--574},
	Title = {Submodular dictionary selection for sparse representation},
	Year = {2010}}

@inproceedings{laszka2015resilient,
	Author = {Laszka, Aron and Vorobeychik, Yevgeniy and Koutsoukos, Xenofon},
	Booktitle = {Proc. IEEE Confernece on Decision and Control},
	Date-Added = {2020-01-28 10:38:28 -0500},
	Date-Modified = {2020-01-30 11:35:21 -0500},
	Pages = {7416--7421},
	Title = {Resilient observation selection in adversarial settings},
	Year = {2015}}

@article{mo2011sensor,
	Author = {Mo, Yilin and Ambrosino, Roberto and Sinopoli, Bruno},
	Date-Added = {2020-10-30 15:03:43 -0400},
	Date-Modified = {2020-10-30 15:03:43 -0400},
	Journal = {Automatica},
	Number = {7},
	Pages = {1330--1338},
	Publisher = {Elsevier},
	Title = {Sensor selection strategies for state estimation in energy constrained wireless sensor networks},
	Volume = {47},
	Year = {2011}}

@article{oh2023dynamic,
  title={Dynamic and Robust Sensor Selection Strategies for Wireless Positioning With TOA/RSS Measurement},
  author={Oh, Myeung Suk and Hosseinalipour, Seyyedali and Kim, Taejoon and Love, David J and Krogmeier, James V and Brinton, Christopher G},
  journal={IEEE Transactions on Vehicular Technology},
  volume={72},
  number={11},
  pages={14656--14672},
  year={2023},
  publisher={IEEE}
}

@article{pendharkar2017bayesian,
  title={Bayesian posterior misclassification error risk distributions for ensemble classifiers},
  author={Pendharkar, Parag C},
  journal={Engineering Applications of Artificial Intelligence},
  volume={65},
  pages={484--492},
  year={2017},
  publisher={Elsevier}
}

@inproceedings{sensoy2021misclassification,
  title={Misclassification risk and uncertainty quantification in deep classifiers},
  author={Sensoy, Murat and Saleki, Maryam and Julier, Simon and Aydogan, Reyhan and Reid, John},
  booktitle={Proceedings of the IEEE/CVF Winter Conference on Applications of Computer Vision},
  pages={2484--2492},
  year={2021}
}

@inproceedings{shamaiah2010greedy,
  title={Greedy sensor selection: Leveraging submodularity},
  author={Shamaiah, Manohar and Banerjee, Siddhartha and Vikalo, Haris},
  booktitle={49th IEEE conference on decision and control (CDC)},
  pages={2572--2577},
  year={2010},
  organization={IEEE}
}

@article{tzoumas2018resilient,
  title={Resilient non-submodular maximization over matroid constraints},
  author={Tzoumas, Vasileios and Jadbabaie, Ali and Pappas, George J},
  journal={arXiv preprint arXiv:1804.01013},
  year={2018}
}

@article{ye2018complexity,
	Author = {L. {Ye} and N. {Woodford} and S. {Roy} and S. {Sundaram}},
	Date-Added = {2020-10-30 15:00:54 -0400},
	Date-Modified = {2020-10-30 15:00:54 -0400},
	Journal = {IEEE Transactions on Automatic Control},
	Title = {On the Complexity and Approximability of Optimal Sensor Selection and Attack for {Kalman} Filtering},
	Year = {2020},
	Bdsk-Url-1 = {https://doi.org/10.1109/TAC.2020.3007383}}

@article{ye2020complexity,
  title={On the complexity and approximability of optimal sensor selection and attack for Kalman filtering},
  author={Ye, Lintao and Woodford, Nathaniel and Roy, Sandip and Sundaram, Shreyas},
  journal={IEEE Transactions on Automatic Control},
  volume={66},
  number={5},
  pages={2146--2161},
  year={2020},
  publisher={IEEE}
}

