@article{wolsey1982analysis,
  title={An analysis of the greedy algorithm for the submodular set covering problem},
  author={Wolsey, Laurence A},
  journal={Combinatorica},
  volume={2},
  number={4},
  pages={385--393},
  year={1982},
  publisher={Springer}
}
@article{khuller1999budgeted,
	Author = {Khuller, Samir and Moss, Anna and Naor, Joseph Seffi},
	Date-Added = {2020-11-14 10:56:35 -0500},
	Date-Modified = {2020-11-14 10:56:35 -0500},
	Journal = {Information Processing Letters},
	Number = {1},
	Pages = {39--45},
	Publisher = {Elsevier},
	Title = {The budgeted maximum coverage problem},
	Volume = {70},
	Year = {1999}}

@article{mitra2020new,
	Author = {A. {Mitra} and J. A. {Richards} and S. {Sundaram}},
	Date-Added = {2020-11-09 21:59:37 -0500},
	Date-Modified = {2020-11-09 21:59:37 -0500},
	Journal = {IEEE Transactions on Automatic Control},
	Title = {A New Approach to Distributed Hypothesis Testing and Non-{Bayesian} Learning: Improved Learning Rate and {Byzantine}-Resilience},
	Year = {2020},
	Bdsk-Url-1 = {https://doi.org/10.1109/TAC.2020.3033126}}

@inproceedings{ye2019sensor,
	Author = {Ye, Lintao and Sundaram, Shreyas},
	Booktitle = {Proc. IEEE Conference on Decision and Control},
	Date-Added = {2020-10-30 15:05:34 -0400},
	Date-Modified = {2020-10-30 15:05:34 -0400},
	Pages = {7844--7849},
	Title = {Sensor Selection for Hypothesis Testing: Complexity and Greedy Algorithms},
	Year = {2019}}

@article{chepuri2014sparsity,
	Author = {Chepuri, Sundeep Prabhakar and Leus, Geert},
	Date-Added = {2020-10-30 15:04:39 -0400},
	Date-Modified = {2020-10-30 15:04:39 -0400},
	Journal = {IEEE Transactions on Signal Processing},
	Number = {3},
	Pages = {684--698},
	Publisher = {IEEE},
	Title = {Sparsity-promoting sensor selection for non-linear measurement models},
	Volume = {63},
	Year = {2014}}

@article{mo2011sensor,
	Author = {Mo, Yilin and Ambrosino, Roberto and Sinopoli, Bruno},
	Date-Added = {2020-10-30 15:03:43 -0400},
	Date-Modified = {2020-10-30 15:03:43 -0400},
	Journal = {Automatica},
	Number = {7},
	Pages = {1330--1338},
	Publisher = {Elsevier},
	Title = {Sensor selection strategies for state estimation in energy constrained wireless sensor networks},
	Volume = {47},
	Year = {2011}}

@article{ye2018complexity,
	Author = {L. {Ye} and N. {Woodford} and S. {Roy} and S. {Sundaram}},
	Date-Added = {2020-10-30 15:00:54 -0400},
	Date-Modified = {2020-10-30 15:00:54 -0400},
	Journal = {IEEE Transactions on Automatic Control},
	Title = {On the Complexity and Approximability of Optimal Sensor Selection and Attack for {Kalman} Filtering},
	Year = {2020},
	Bdsk-Url-1 = {https://doi.org/10.1109/TAC.2020.3007383}}

@inproceedings{badanidiyuru2014fast,
	Author = {Badanidiyuru, Ashwinkumar and Vondr{\'a}k, Jan},
	Booktitle = {Proc. ACM-SIAM Symposium on Discrete Algorithms},
	Date-Added = {2020-10-20 16:09:53 -0400},
	Date-Modified = {2020-10-20 16:09:53 -0400},
	Pages = {1497--1514},
	Title = {Fast algorithms for maximizing submodular functions},
	Year = {2014}}

@inproceedings{horel2016maximization,
	Author = {Horel, Thibaut and Singer, Yaron},
	Booktitle = {Advances in Neural Information Processing Systems},
	Date-Added = {2020-02-06 22:36:13 -0500},
	Date-Modified = {2020-02-06 22:36:13 -0500},
	Pages = {3045--3053},
	Title = {Maximization of approximately submodular functions},
	Year = {2016}}

@inproceedings{palmer2004perspectives,
	Author = {Palmer, Jason and Rao, Bhaskar D and Wipf, David P},
	Booktitle = {Proc. Advances in Neural Information Processing Systems},
	Date-Added = {2020-02-06 22:13:13 -0500},
	Date-Modified = {2020-02-06 22:13:13 -0500},
	Pages = {249--256},
	Title = {Perspectives on sparse {Bayesian} learning},
	Year = {2004}}

@article{kononenko1993inductive,
	Author = {Kononenko, Igor},
	Date-Added = {2020-02-06 21:29:07 -0500},
	Date-Modified = {2020-02-06 21:29:07 -0500},
	Journal = {Applied Artificial Intelligence an International Journal},
	Number = {4},
	Pages = {317--337},
	Publisher = {Taylor \& Francis},
	Title = {Inductive and {Bayesian} learning in medical diagnosis},
	Volume = {7},
	Year = {1993}}

@inproceedings{dasgupta2005analysis,
	Author = {Dasgupta, Sanjoy},
	Booktitle = {Proc. Advances in Neural Information Processing Systems},
	Date-Added = {2020-02-06 21:19:41 -0500},
	Date-Modified = {2020-02-06 21:19:41 -0500},
	Pages = {337--344},
	Title = {Analysis of a greedy active learning strategy},
	Year = {2005}}

@inproceedings{golovin2010near,
	Author = {Golovin, Daniel and Krause, Andreas and Ray, Debajyoti},
	Booktitle = {Proc. Advances in Neural Information Processing Systems},
	Date-Added = {2020-02-06 21:18:42 -0500},
	Date-Modified = {2020-02-06 21:18:42 -0500},
	Pages = {766--774},
	Title = {Near-optimal {Bayesian} active learning with noisy observations},
	Year = {2010}}

@article{chaloner1995bayesian,
	Author = {Chaloner, Kathryn and Verdinelli, Isabella},
	Date-Added = {2020-02-06 20:15:42 -0500},
	Date-Modified = {2020-02-06 20:15:42 -0500},
	Journal = {Statistical Science},
	Pages = {273--304},
	Publisher = {JSTOR},
	Title = {Bayesian experimental design: A review},
	Year = {1995}}

@book{gelman2013bayesian,
	Author = {Gelman, Andrew and Carlin, John B and Stern, Hal S and Dunson, David B and Vehtari, Aki and Rubin, Donald B},
	Date-Added = {2020-02-06 20:10:15 -0500},
	Date-Modified = {2020-02-06 20:10:15 -0500},
	Publisher = {Chapman and Hall/CRC},
	Title = {Bayesian data analysis},
	Year = {2013}}

@book{bremaud2013markov,
	Author = {Br{\'e}maud, Pierre},
	Date-Added = {2020-02-05 15:09:16 -0500},
	Date-Modified = {2020-02-05 15:09:16 -0500},
	Publisher = {Springer Science \& Business Media},
	Title = {Markov chains: Gibbs fields, Monte Carlo simulation, and queues},
	Volume = {31},
	Year = {2013}}

@inproceedings{lalitha2014social,
	Author = {Lalitha, Anusha and Sarwate, Anand and Javidi, Tara},
	Booktitle = {Proc. IEEE International Symposium on Information Theory},
	Date-Added = {2020-02-05 09:56:02 -0500},
	Date-Modified = {2020-02-05 09:56:02 -0500},
	Pages = {551--555},
	Title = {Social learning and distributed hypothesis testing},
	Year = {2014}}

@article{liu2014social,
	Author = {Liu, Qipeng and Fang, Aili and Wang, Lin and Wang, Xiaofan},
	Date-Added = {2020-02-05 09:54:27 -0500},
	Date-Modified = {2020-02-05 09:54:27 -0500},
	Journal = {Journal of Systems Science and Complexity},
	Number = {3},
	Pages = {581--593},
	Publisher = {Springer},
	Title = {Social learning with time-varying weights},
	Volume = {27},
	Year = {2014}}

@inproceedings{krause2010submodular,
	Author = {Krause, Andreas and Cevher, Volkan},
	Booktitle = {Proc. International Conference on Machine Learning},
	Date-Added = {2020-01-28 11:13:32 -0500},
	Date-Modified = {2020-01-30 11:32:51 -0500},
	Pages = {567--574},
	Title = {Submodular dictionary selection for sparse representation},
	Year = {2010}}

@inproceedings{bian2017guarantees,
	Author = {Bian, Andrew An and Buhmann, Joachim M and Krause, Andreas and Tschiatschek, Sebastian},
	Booktitle = {ICML},
	Date-Added = {2020-01-28 11:02:49 -0500},
	Date-Modified = {2020-01-30 11:30:30 -0500},
	Pages = {498--507},
	Title = {Guarantees for greedy maximization of non-submodular functions with applications},
	Year = {2017}}

@inproceedings{das2011submodular,
	Author = {Das, Abhimanyu and Kempe, David},
	Booktitle = {ICML},
	Date-Added = {2020-01-28 11:02:10 -0500},
	Date-Modified = {2020-01-30 11:31:14 -0500},
	Pages = {1057--1064},
	Title = {Submodular meets spectral: greedy algorithms for subset selection, sparse approximation and dictionary selection},
	Year = {2011}}

@article{zhang2015optimal,
	Author = {Zhang, Heng and Cheng, Peng and Shi, Ling and Chen, Jiming},
	Date-Added = {2020-01-28 10:47:01 -0500},
	Date-Modified = {2020-01-28 10:47:01 -0500},
	Journal = {IEEE Transactions on Automatic Control},
	Number = {11},
	Pages = {3023--3028},
	Publisher = {IEEE},
	Title = {Optimal denial-of-service attack scheduling with energy constraint},
	Volume = {60},
	Year = {2015}}

@article{ren2018binary,
	Author = {Ren, Xiaoqiang and Yan, Jiaqi and Mo, Yilin},
	Date-Added = {2020-01-28 10:42:14 -0500},
	Date-Modified = {2020-01-28 10:42:14 -0500},
	Journal = {IEEE Transactions on Signal Processing},
	Number = {6},
	Pages = {1454--1468},
	Publisher = {IEEE},
	Title = {Binary hypothesis testing with {Byzantine} sensors: Fundamental tradeoff between security and efficiency},
	Volume = {66},
	Year = {2018}}

@inproceedings{laszka2015resilient,
	Author = {Laszka, Aron and Vorobeychik, Yevgeniy and Koutsoukos, Xenofon},
	Booktitle = {Proc. IEEE Confernece on Decision and Control},
	Date-Added = {2020-01-28 10:38:28 -0500},
	Date-Modified = {2020-01-30 11:35:21 -0500},
	Pages = {7416--7421},
	Title = {Resilient observation selection in adversarial settings},
	Year = {2015}}

@article{bajovic2011sensor,
	Author = {Bajovic, Dragana and Sinopoli, Bruno and Xavier, Jo{\~a}o},
	Date-Added = {2020-01-28 10:28:07 -0500},
	Date-Modified = {2020-01-28 10:28:07 -0500},
	Journal = {IEEE Transactions on Signal Processing},
	Number = {10},
	Pages = {4938--4953},
	Publisher = {IEEE},
	Title = {Sensor selection for event detection in wireless sensor networks},
	Volume = {59},
	Year = {2011}}

@article{zhang2017sensor,
	Author = {Zhang, Haotian and Ayoub, Raid and Sundaram, Shreyas},
	Date-Added = {2020-01-28 10:24:15 -0500},
	Date-Modified = {2020-01-28 10:24:15 -0500},
	Journal = {Automatica},
	Pages = {202--210},
	Publisher = {Elsevier},
	Title = {Sensor selection for {Kalman} filtering of linear dynamical systems: Complexity, limitations and greedy algorithms},
	Volume = {78},
	Year = {2017}}

@inproceedings{das2008algorithms,
	Author = {Das, Abhimanyu and Kempe, David},
	Booktitle = {Proceedings of the fortieth annual ACM symposium on Theory of computing},
	Date-Added = {2020-01-28 10:22:39 -0500},
	Date-Modified = {2020-01-28 10:22:39 -0500},
	Pages = {45--54},
	Title = {Algorithms for subset selection in linear regression},
	Year = {2008}}

@article{krause2008near,
	Author = {Krause, Andreas and Singh, Ajit and Guestrin, Carlos},
	Date-Added = {2020-01-28 10:18:09 -0500},
	Date-Modified = {2020-01-28 10:18:09 -0500},
	Journal = {Journal of Machine Learning Research},
	Number = {Feb},
	Pages = {235--284},
	Title = {Near-optimal sensor placements in {Gaussian} processes: Theory, efficient algorithms and empirical studies},
	Volume = {9},
	Year = {2008}}

@article{jadbabaie2013information,
	Author = {Jadbabaie, Ali and Molavi, Pooya and Tahbaz-Salehi, Alireza},
	Date-Added = {2020-01-27 14:34:23 -0500},
	Date-Modified = {2020-01-27 14:34:23 -0500},
	Journal = {Columbia Business School Research Paper},
	Number = {13-28},
	Title = {Information heterogeneity and the speed of learning in social networks},
	Year = {2013}}

@article{nemhauser1978analysis,
	Author = {Nemhauser, George L and Wolsey, Laurence A and Fisher, Marshall L},
	Date-Added = {2020-01-07 10:40:56 -0500},
	Date-Modified = {2020-01-07 10:40:56 -0500},
	Journal = {Mathematical Programming},
	Number = {1},
	Pages = {265--294},
	Publisher = {Springer},
	Title = {An analysis of approximations for maximizing submodular set functions---I},
	Volume = {14},
	Year = {1978}}

@book{kellerer2004knapsack,
	Author = {Kellerer, Hans and Pferschy, Ulrich and Pisinger, David},
	Date-Added = {2019-12-28 16:43:30 -0500},
	Date-Modified = {2019-12-28 16:43:30 -0500},
	Publisher = {Springer Science \& Business Media},
	Title = {Knapsack Problems},
	Year = {2004}}

@book{garey1979computers,
	Author = {Garey, Michael R and Johnson, David S},
	Date-Added = {2019-12-20 19:54:30 -0500},
	Date-Modified = {2019-12-20 19:54:30 -0500},
	Publisher = {Freeman},
	Title = {Computers and intractability: a guide to the theory of {NP}-{C}ompleteness},
	Year = {1979}}


@techreport{mitchell80,
	Address = {New Brunswick, MA},
	Author = {T. M. Mitchell},
	Institution = {Computer Science Department, Rutgers University},
	Title = {The Need for Biases in Learning Generalizations},
	Year = {1980},
	Bdsk-Url-1 = {https://scholar.googleusercontent.com/scholar.bib?q=info:2gFv2SgrJXQJ:scholar.google.com/&output=citation&scisdr=CgUBUCbaEIz7_FjnxOk:AAGBfm0AAAAAXbHi3OluZUk74NkOSlv_dg8BRxaqwhHk&scisig=AAGBfm0AAAAAXbHi3B42QuVbEcd6jVxbxvyOnBQNLSqY&scisf=4&ct=citation&cd=-1&hl=en}}

@phdthesis{kearns89,
	Author = {M. J. Kearns},
	School = {Department of Computer Science, Harvard University},
	Title = {Computational Complexity of Machine Learning},
	Year = {1989}}

@book{MachineLearningI,
	Address = {Palo Alto, CA},
	Editor = {R. S. Michalski and J. G. Carbonell and T. M. Mitchell},
	Publisher = {Tioga},
	Title = {Machine Learning: An Artificial Intelligence Approach, Vol. I},
	Year = {1983}}

@book{DudaHart2nd,
	Author = {R. O. Duda and P. E. Hart and D. G. Stork},
	Edition = {2nd},
	Publisher = {John Wiley and Sons},
	Title = {Pattern Classification},
	Year = {2000}}

@misc{anonymous,
	Author = {Author, N. N.},
	Title = {Suppressed for Anonymity},
	Year = {2018}}

@incollection{Newell81,
	Address = {Hillsdale, NJ},
	Author = {A. Newell and P. S. Rosenbloom},
	Booktitle = {Cognitive Skills and Their Acquisition},
	Chapter = {1},
	Editor = {J. R. Anderson},
	Pages = {1--51},
	Publisher = {Lawrence Erlbaum Associates, Inc.},
	Title = {Mechanisms of Skill Acquisition and the Law of Practice},
	Year = {1981}}

@article{Samuel59,
	Author = {A. L. Samuel},
	Journal = {IBM Journal of Research and Development},
	Number = {3},
	Pages = {211--229},
	Title = {Some Studies in Machine Learning Using the Game of Checkers},
	Volume = {3},
	Year = {1959}}

@article{jadbabaie2012non,
	Author = {Jadbabaie, Ali and Molavi, Pooya and Sandroni, Alvaro and Tahbaz-Salehi, Alireza},
	Journal = {Games and Economic Behavior},
	Number = {1},
	Pages = {210--225},
	Publisher = {Elsevier},
	Title = {Non-{Bayesian} social learning},
	Volume = {76},
	Year = {2012}}

@article{nedic2017fast,
	Author = {Nedi{\'c}, Angelia and Olshevsky, Alex and Uribe, C{\'e}sar A},
	Journal = {IEEE Transactions on Automatic Control},
	Number = {11},
	Pages = {5538--5553},
	Publisher = {IEEE},
	Title = {Fast convergence rates for distributed non-{Bayesian} learning},
	Volume = {62},
	Year = {2017}}

@article{feige1998threshold,
	Author = {Feige, Uriel},
	Journal = {Journal of the ACM (JACM)},
	Number = {4},
	Pages = {634--652},
	Publisher = {ACM},
	Title = {A threshold of ln n for approximating set cover},
	Volume = {45},
	Year = {1998}}

@book{vazirani2013approximation,
	Author = {Vazirani, Vijay V},
	Publisher = {Springer Science \& Business Media},
	Title = {Approximation algorithms},
	Year = {2013}}
@inproceedings{ye2021near,
  title={Near-optimal data source selection for {Bayesian} learning},
  author={Ye, Lintao and Mitra, Aritra and Sundaram, Shreyas},
  booktitle={Learning for Dynamics and Control},
  pages={854--865},
  year={2021},
  organization={PMLR}
}

@article{hashemi2020randomized,
  title={Randomized greedy sensor selection: Leveraging weak submodularity},
  author={Hashemi, Abolfazl and Ghasemi, Mahsa and Vikalo, Haris and Topcu, Ufuk},
  journal={IEEE Transactions on Automatic Control},
  volume={66},
  number={1},
  pages={199--212},
  year={2020},
  publisher={IEEE}
}
@inproceedings{ghasemi2019online,
  title={Online active perception for partially observable Markov decision processes with limited budget},
  author={Ghasemi, Mahsa and Topcu, Ufuk},
  booktitle={2019 IEEE 58th Conference on Decision and Control (CDC)},
  pages={6169--6174},
  year={2019},
  organization={IEEE}
}
@article{ye2020complexity,
  title={On the complexity and approximability of optimal sensor selection and attack for Kalman filtering},
  author={Ye, Lintao and Woodford, Nathaniel and Roy, Sandip and Sundaram, Shreyas},
  journal={IEEE Transactions on Automatic Control},
  volume={66},
  number={5},
  pages={2146--2161},
  year={2020},
  publisher={IEEE}
}
@inproceedings{bhargav2023complexity,
  title={{On the Complexity and Approximability of Optimal Sensor Selection for Mixed-Observable Markov Decision Processes}},
  author={Bhargav, Jayanth and Ghasemi, Mahsa and Sundaram, Shreyas},
  booktitle={2023 American Control Conference (ACC)},
  pages={3332--3337},
  year={2023},
  organization={IEEE}
}
@article{hoeffding1994probability,
  title={Probability inequalities for sums of bounded random variables},
  author={Hoeffding, Wassily},
  journal={The collected works of Wassily Hoeffding},
  pages={409--426},
  year={1994},
  publisher={Springer}
}

@inproceedings{sensoy2021misclassification,
  title={Misclassification risk and uncertainty quantification in deep classifiers},
  author={Sensoy, Murat and Saleki, Maryam and Julier, Simon and Aydogan, Reyhan and Reid, John},
  booktitle={Proceedings of the IEEE/CVF Winter Conference on Applications of Computer Vision},
  pages={2484--2492},
  year={2021}
}

NHTSA. Pe16-007. technical report, u.s.departmentof transportation,nationalhighwaytrafficsafetyadministration, jan2017.teslacrashpreliminaryevaluationreport.2016.
@article{nhsta,
  title={{PE16-007 Technical Report: Tesla crash report}},
  author={{NHTSA}},
  journal={U.S. Department of  Transportation},
  year={2016},
  publisher={National Highway Traffic Safety Administration}
}

@inproceedings{elkan2001foundations,
  title={The foundations of cost-sensitive learning},
  author={Elkan, Charles},
  booktitle={International joint conference on artificial intelligence},
  volume={17},
  pages={973--978},
  year={2001},
  organization={Lawrence Erlbaum Associates Ltd}
}
@inproceedings{chen2015sequential,
  title={Sequential information maximization: When is greedy near-optimal?},
  author={Chen, Yuxin and Hassani, S Hamed and Karbasi, Amin and Krause, Andreas},
  booktitle={Conference on Learning Theory, 338-363},
  year={2015}
}
@inproceedings{hollinger2013sampling,
  title={Sampling-based Motion Planning for Robotic Information Gathering.},
  author={Hollinger, Geoffrey A and Sukhatme, Gaurav S},
  booktitle={Robotics: Science and Systems},
  volume={3},
  pages={1--8},
  year={2013}
}

@article{hou2013modeling,
  title={Modeling mandatory lane changing using Bayes classifier and decision trees},
  author={Hou, Yi and Edara, Praveen and Sun, Carlos},
  Journal={IEEE Transactions on Intelligent Transportation Systems, 647-655},
  year={2013},
  publisher={IEEE}
}
@article{pendharkar2017bayesian,
  title={Bayesian posterior misclassification error risk distributions for ensemble classifiers},
  author={Pendharkar, Parag C},
  journal={Engineering Applications of Artificial Intelligence},
  volume={65},
  pages={484--492},
  year={2017},
  publisher={Elsevier}
}
@article{adams1999comparing,
  title={Comparing classifiers when the misallocation costs are uncertain},
  author={Adams, Niall M and Hand, David J},
  journal={Pattern Recognition},
  volume={32},
  number={7},
  pages={1139--1147},
  year={1999},
  publisher={Elsevier}
}

@article{clark2018greedy,
  title={Greedy sensor placement with cost constraints},
  author={Clark, Emily and Askham, Travis and Brunton, Steven L and Kutz, J Nathan},
  journal={IEEE sensors journal},
  volume={19},
  number={7},
  pages={2642--2656},
  year={2018},
  publisher={IEEE}
}
@inproceedings{krause2007near,
  title={Near-optimal observation selection using submodular functions},
  author={Krause, Andreas and Guestrin, Carlos},
  booktitle={AAAI},
  volume={7},
  pages={1650--1654},
  year={2007}
}
@book{hwang2012multiple,
  title={{Multiple objective decision making — Methods and Applications: A state-of-the-art survey}},
  author={Hwang, C-L and Masud, Abu Syed Md},
  volume={164},
  year={2012},
  publisher={Springer Science \& Business Media}
}
@article{sviridenko2004note,
  title={{A note on maximizing a submodular set function subject to a Knapsack constraint}},
  author={Sviridenko, Maxim},
  journal={Operations Research Letters},
  volume={32},
  number={1},
  pages={41--43},
  year={2004},
  publisher={Elsevier}
}

@inproceedings{bajoivc2009sensor,
  title={Sensor selection for hypothesis testing in wireless sensor networks: a Kullback-Leibler based approach},
  author={Bajoiv{\'c}, Dragana and Sinopoli, Bruno and others},
  booktitle={Proceedings of the 48h IEEE Conference on Decision and Control (CDC) held jointly with 2009 28th Chinese Control Conference},
  pages={1659--1664},
  year={2009},
  organization={IEEE}
}
@article{das2018approximate,
  title={Approximate submodularity and its applications: Subset selection, sparse approximation and dictionary selection},
  author={Das, Abhimanyu and Kempe, David},
  journal={Journal of Machine Learning Research},
  volume={19},
  number={3},
  pages={1--34},
  year={2018}
}
@article{borodin2014weakly,
  title={Weakly submodular functions},
  author={Borodin, Allan and Le, Dai Tri Man and Ye, Yuli},
  journal={arXiv preprint arXiv:1401.6697},
  year={2014}
}
@article{bhargav2024submodular,
      title={{Submodular Information Selection for Hypothesis Testing with Misclassification Penalties}}, 
      author={Jayanth Bhargav and Mahsa Ghasemi and Shreyas Sundaram},
      year={2024},
      journal={arXiv preprint arXiv:2405.10930},
      eprint={2405.10930},
      archivePrefix={arXiv},
      primaryClass={stat.ML}
}
@InProceedings{bhargav24a,
  title = 	 {{Submodular Information Selection for Hypothesis Testing with Misclassification Penalties}},
  author =       {Bhargav, Jayanth and Ghasemi, Mahsa and Sundaram, Shreyas},
  booktitle = 	 {Proceedings of the 6th Annual Learning for Dynamics \& Control Conference},
  pages = 	 {566--577},
  year = 	 {2024},
  volume = 	 {242},
  publisher =    {PMLR}
}
@inproceedings{bogunovic2018robust,
  title={Robust maximization of non-submodular objectives},
  author={Bogunovic, Ilija and Zhao, Junyao and Cevher, Volkan},
  booktitle={International Conference on Artificial Intelligence and Statistics},
  pages={890--899},
  year={2018},
  organization={PMLR}
}
@article{tzoumas2018resilient,
  title={Resilient non-submodular maximization over matroid constraints},
  author={Tzoumas, Vasileios and Jadbabaie, Ali and Pappas, George J},
  journal={arXiv preprint arXiv:1804.01013},
  year={2018}
}
@article{krause2008robust,
  title={Robust Submodular Observation Selection.},
  author={Krause, Andreas and McMahan, H Brendan and Guestrin, Carlos and Gupta, Anupam},
  journal={Journal of Machine Learning Research},
  volume={9},
  number={12},
  year={2008}
}
@article{kaya2025randomized,
  title={Randomized greedy methods for weak submodular sensor selection with robustness considerations},
  author={Kaya, Ege Can and Hibbard, Michael and Tanaka, Takashi and Topcu, Ufuk and Hashemi, Abolfazl},
  journal={Automatica},
  volume={171},
  pages={111984},
  year={2025},
  publisher={Elsevier}
}
@article{gupta2006stochastic,
  title={On a stochastic sensor selection algorithm with applications in sensor scheduling and sensor coverage},
  author={Gupta, Vijay and Chung, Timothy H and Hassibi, Babak and Murray, Richard M},
  journal={Automatica},
  volume={42},
  number={2},
  pages={251--260},
  year={2006},
  publisher={Elsevier}
}
@inproceedings{bogunovic2017robust,
  title={Robust submodular maximization: A non-uniform partitioning approach},
  author={Bogunovic, Ilija and Mitrovi{\'c}, Slobodan and Scarlett, Jonathan and Cevher, Volkan},
  booktitle={International Conference on Machine Learning},
  pages={508--516},
  year={2017},
  organization={PMLR}
}
@article{vondrak1978submodularity,
  title={Submodularity and Curvature: The Optimal Algorithm},
  author={Vondrak, Jan},
  journal={Annals of Discrete Math},
  volume={2},
  pages={65--74},
  year={1978}
}
@inproceedings{shamaiah2010greedy,
  title={Greedy sensor selection: Leveraging submodularity},
  author={Shamaiah, Manohar and Banerjee, Siddhartha and Vikalo, Haris},
  booktitle={49th IEEE conference on decision and control (CDC)},
  pages={2572--2577},
  year={2010},
  organization={IEEE}
}

@article{oh2023dynamic,
  title={Dynamic and Robust Sensor Selection Strategies for Wireless Positioning With TOA/RSS Measurement},
  author={Oh, Myeung Suk and Hosseinalipour, Seyyedali and Kim, Taejoon and Love, David J and Krogmeier, James V and Brinton, Christopher G},
  journal={IEEE Transactions on Vehicular Technology},
  volume={72},
  number={11},
  pages={14656--14672},
  year={2023},
  publisher={IEEE}
}