@article{Jin2023,
  author    = {Jin, Peng and Lin, Yu and Song, Yu and Li, Tao and Yang, Wei},
  title     = {Vision-force-fused curriculum learning for robotic contact-rich assembly tasks},
  journal   = {Frontiers in Neurorobotics},
  volume    = {17},
  pages     = {1280773},
  year      = {2023},
  month     = oct,
  doi       = {10.3389/fnbot.2023.1280773},
  pmid      = {37867617},
  pmcid     = {PMC10590057},
}

@article{adr,
  author       = {OpenAI and
                  Ilge Akkaya and
                  Marcin Andrychowicz and
                  Maciek Chociej and
                  Mateusz Litwin and
                  Bob McGrew and
                  Arthur Petron and
                  Alex Paino and
                  Matthias Plappert and
                  Glenn Powell and
                  Raphael Ribas and
                  Jonas Schneider and
                  Nikolas Tezak and
                  Jerry Tworek and
                  Peter Welinder and
                  Lilian Weng and
                  Qiming Yuan and
                  Wojciech Zaremba and
                  Lei Zhang},
  title        = {Solving Rubik's Cube with a Robot Hand},
  journal      = {CoRR},
  volume       = {abs/1910.07113},
  year         = {2019},
  url          = {http://arxiv.org/abs/1910.07113},
  eprinttype    = {arXiv},
  eprint       = {1910.07113},
  timestamp    = {Fri, 08 Nov 2019 12:50:47 +0100},
  biburl       = {https://dblp.org/rec/journals/corr/abs-1910-07113.bib},
  bibsource    = {dblp computer science bibliography, https://dblp.org}
}

@article{bayessim,
  author       = {Fabio Ramos and
                  Rafael Carvalhaes Possas and
                  Dieter Fox},
  title        = {BayesSim: adaptive domain randomization via probabilistic inference
                  for robotics simulators},
  journal      = {CoRR},
  volume       = {abs/1906.01728},
  year         = {2019},
  url          = {http://arxiv.org/abs/1906.01728},
  eprinttype    = {arXiv},
  eprint       = {1906.01728},
  timestamp    = {Tue, 18 Oct 2022 08:35:40 +0200},
  biburl       = {https://dblp.org/rec/journals/corr/abs-1906-01728.bib},
  bibsource    = {dblp computer science bibliography, https://dblp.org}
}

@misc{dynamic_compliance,
      title={Bridging the Sim-to-Real Gap with Dynamic Compliance Tuning for Industrial Insertion}, 
      author={Xiang Zhang and Masayoshi Tomizuka and Hui Li},
      year={2024},
      eprint={2311.07499},
      archivePrefix={arXiv},
      primaryClass={cs.RO},
      url={https://arxiv.org/abs/2311.07499}, 
}

@misc{entmax,
      title={Domain Randomization via Entropy Maximization}, 
      author={Gabriele Tiboni and Pascal Klink and Jan Peters and Tatiana Tommasi and Carlo D'Eramo and Georgia Chalvatzaki},
      year={2024},
      eprint={2311.01885},
      archivePrefix={arXiv},
      primaryClass={cs.LG},
      url={https://arxiv.org/abs/2311.01885}, 
}

@misc{forge,
      title={FORGE: Force-Guided Exploration for Robust Contact-Rich Manipulation under Uncertainty}, 
      author={Michael Noseworthy and Bingjie Tang and Bowen Wen and Ankur Handa and Nicholas Roy and Dieter Fox and Fabio Ramos and Yashraj Narang and Iretiayo Akinola},
      year={2024},
      eprint={2408.04587},
      archivePrefix={arXiv},
      primaryClass={cs.RO},
      url={https://arxiv.org/abs/2408.04587}, 
}

@article{gaussian_dr,
  author       = {Melissa Mozifian and
                  Juan Camilo Gamboa Higuera and
                  David Meger and
                  Gregory Dudek},
  title        = {Learning Domain Randomization Distributions for Transfer of Locomotion
                  Policies},
  journal      = {CoRR},
  volume       = {abs/1906.00410},
  year         = {2019},
  url          = {http://arxiv.org/abs/1906.00410},
  eprinttype    = {arXiv},
  eprint       = {1906.00410},
  timestamp    = {Thu, 13 Jun 2019 13:36:00 +0200},
  biburl       = {https://dblp.org/rec/journals/corr/abs-1906-00410.bib},
  bibsource    = {dblp computer science bibliography, https://dblp.org}
}

@misc{industreal,
      title={IndustReal: Transferring Contact-Rich Assembly Tasks from Simulation to Reality}, 
      author={Bingjie Tang and Michael A. Lin and Iretiayo Akinola and Ankur Handa and Gaurav S. Sukhatme and Fabio Ramos and Dieter Fox and Yashraj Narang},
      year={2023},
      eprint={2305.17110},
      archivePrefix={arXiv},
      primaryClass={cs.RO},
      url={https://arxiv.org/abs/2305.17110}, 
}

@misc{normflows_adaptive_dr,
      title={Gradual Domain Adaptation via Normalizing Flows}, 
      author={Shogo Sagawa and Hideitsu Hino},
      year={2024},
      eprint={2206.11492},
      archivePrefix={arXiv},
      primaryClass={stat.ML},
      url={https://arxiv.org/abs/2206.11492}, 
}

@article{original_dr,
  author       = {Xue Bin Peng and
                  Marcin Andrychowicz and
                  Wojciech Zaremba and
                  Pieter Abbeel},
  title        = {Sim-to-Real Transfer of Robotic Control with Dynamics Randomization},
  journal      = {CoRR},
  volume       = {abs/1710.06537},
  year         = {2017},
  url          = {http://arxiv.org/abs/1710.06537},
  eprinttype    = {arXiv},
  eprint       = {1710.06537},
  timestamp    = {Mon, 13 Aug 2018 16:47:23 +0200},
  biburl       = {https://dblp.org/rec/journals/corr/abs-1710-06537.bib},
  bibsource    = {dblp computer science bibliography, https://dblp.org}
}

@inproceedings{rezende2015variational,
  title={Variational Inference with Normalizing Flows},
  author={Rezende, Danilo Jimenez and Mohamed, Shakir},
  booktitle={Proceedings of the 32nd International Conference on Machine Learning (ICML)},
  year={2015},
  organization={PMLR}
}

@article{understanding_dr,
  author       = {Xiaoyu Chen and
                  Jiachen Hu and
                  Chi Jin and
                  Lihong Li and
                  Liwei Wang},
  title        = {Understanding Domain Randomization for Sim-to-real Transfer},
  journal      = {CoRR},
  volume       = {abs/2110.03239},
  year         = {2021},
  url          = {https://arxiv.org/abs/2110.03239},
  eprinttype    = {arXiv},
  eprint       = {2110.03239},
  timestamp    = {Sat, 03 Aug 2024 16:25:27 +0200},
  biburl       = {https://dblp.org/rec/journals/corr/abs-2110-03239.bib},
  bibsource    = {dblp computer science bibliography, https://dblp.org}
}

