@incollection{Bengio+chapter2007,
author = {Bengio, Yoshua and LeCun, Yann},
booktitle = {Large Scale Kernel Machines},
publisher = {MIT Press},
title = {Scaling Learning Algorithms Towards {AI}},
year = {2007}
}

@article{Hinton06,
author = {Hinton, Geoffrey E. and Osindero, Simon and Teh, Yee Whye},
journal = {Neural Computation},
pages = {1527--1554},
title = {A Fast Learning Algorithm for Deep Belief Nets},
volume = {18},
year = {2006}
}

@book{goodfellow2016deep,
title={Deep learning},
author={Goodfellow, Ian and Bengio, Yoshua and Courville, Aaron and Bengio, Yoshua},
volume={1},
year={2016},
publisher={MIT Press}
}

@inproceedings{yu2020mopo,
  title={Mopo: Model-based offline policy optimization},
  author={Yu, Tianhe and Thomas, Garrett and Yu, Lantao and Ermon, Stefano and Zou, James Y and Levine, Sergey and Finn, Chelsea and Ma, Tengyu},
  booktitle={NeurIPS},
  year={2020}
}

@inproceedings{janner2019trust,
  title={When to trust your model: Model-based policy optimization},
  author={Janner, Michael and Fu, Justin and Zhang, Marvin and Levine, Sergey},
  booktitle={NeurIPS},
  year={2019}
}

@article{levine2020offline,
  title={Offline reinforcement learning: Tutorial, review, and perspectives on open problems},
  author={Levine, Sergey and Kumar, Aviral and Tucker, George and Fu, Justin},
  journal={arXiv preprint arXiv:2005.01643},
  year={2020}
}

@inproceedings{fu2021benchmarks,
  title={Benchmarks for deep off-policy evaluation},
  author={Fu, Justin and Norouzi, Mohammad and Nachum, Ofir and Tucker, George and Wang, Ziyu and Novikov, Alexander and Yang, Mengjiao and Zhang, Michael R and Chen, Yutian and Kumar, Aviral and others},
  booktitle={ICLR},
  year={2021}
}

@article{fu2020d4rl,
  title={D4rl: Datasets for deep data-driven reinforcement learning},
  author={Fu, Justin and Kumar, Aviral and Nachum, Ofir and Tucker, George and Levine, Sergey},
  journal={arXiv preprint arXiv:2004.07219},
  year={2020}
}

@article{vaswani2017attention,
  title={Attention is all you need},
  author={Vaswani, A},
  journal={NeurIPS},
  year={2017}
}

@inproceedings{janner2021offline,
  title={Offline reinforcement learning as one big sequence modeling problem},
  author={Janner, Michael and Li, Qiyang and Levine, Sergey},
  booktitle={NeurIPS},
  year={2021}
}

@article{yu2021combo,
  title={Combo: Conservative offline model-based policy optimization},
  author={Yu, Tianhe and Kumar, Aviral and Rafailov, Rafael and Rajeswaran, Aravind and Levine, Sergey and Finn, Chelsea},
  journal={NeurIPS},
  year={2021}
}

@article{rigter2022rambo,
  title={Rambo-rl: Robust adversarial model-based offline reinforcement learning},
  author={Rigter, Marc and Lacerda, Bruno and Hawes, Nick},
  journal={NeurIPS},
  volume={35},
  pages={16082--16097},
  year={2022}
}

@article{an2021uncertainty,
  title={Uncertainty-based offline reinforcement learning with diversified q-ensemble},
  author={An, Gaon and Moon, Seungyong and Kim, Jang-Hyun and Song, Hyun Oh},
  journal={NeurIPS},
  volume={34},
  pages={7436--7447},
  year={2021}
}

@article{kumar2020conservative,
  title={Conservative q-learning for offline reinforcement learning},
  author={Kumar, Aviral and Zhou, Aurick and Tucker, George and Levine, Sergey},
  journal={NeurIPS},
  volume={33},
  pages={1179--1191},
  year={2020}
}

@article{reed2022generalist,
  title={A generalist agent},
  author={Reed, Scott and Zolna, Konrad and Parisotto, Emilio and Colmenarejo, Sergio Gomez and Novikov, Alexander and Barth-Maron, Gabriel and Gimenez, Mai and Sulsky, Yury and Kay, Jackie and Springenberg, Jost Tobias and others},
  journal={TMLR},
  year={2022}
}

@article{schubert2023generalist,
  title={A generalist dynamics model for control},
  author={Schubert, Ingmar and Zhang, Jingwei and Bruce, Jake and Bechtle, Sarah and Parisotto, Emilio and Riedmiller, Martin and Springenberg, Jost Tobias and Byravan, Arunkumar and Hasenclever, Leonard and Heess, Nicolas},
  journal={arXiv preprint arXiv:2305.10912},
  year={2023}
}

@inproceedings{sun2023model,
  title={Model-Bellman inconsistency for model-based offline reinforcement learning},
  author={Sun, Yihao and Zhang, Jiaji and Jia, Chengxing and Lin, Haoxin and Ye, Junyin and Yu, Yang},
  booktitle={International Conference on Machine Learning},
  pages={33177--33194},
  year={2023},
  organization={PMLR}
}

@article{luo2023reward,
  title={Reward-Consistent Dynamics Models are Strongly Generalizable for Offline Reinforcement Learning},
  author={Luo, Fan-Ming and Xu, Tian and Cao, Xingchen and Yu, Yang},
  journal={arXiv preprint arXiv:2310.05422},
  year={2023}
}

@article{fujimoto2021minimalist,
  title={A minimalist approach to offline reinforcement learning},
  author={Fujimoto, Scott and Gu, Shixiang Shane},
  journal={NeurIPS},
  volume={34},
  pages={20132--20145},
  year={2021}
}

@article{wu2022supported,
  title={Supported policy optimization for offline reinforcement learning},
  author={Wu, Jialong and Wu, Haixu and Qiu, Zihan and Wang, Jianmin and Long, Mingsheng},
  journal={NeurIPS},
  volume={35},
  pages={31278--31291},
  year={2022}
}

@article{sferrazza2024body,
  title={Body Transformer: Leveraging Robot Embodiment for Policy Learning},
  author={Sferrazza, Carmelo and Huang, Dun-Ming and Liu, Fangchen and Lee, Jongmin and Abbeel, Pieter},
  journal={arXiv preprint arXiv:2408.06316},
  year={2024}
}

@inproceedings{huang2020one,
  title={One policy to control them all: Shared modular policies for agent-agnostic control},
  author={Huang, Wenlong and Mordatch, Igor and Pathak, Deepak},
  booktitle={ICML},
  year={2020},
}

@inproceedings{gupta2022metamorph,
  title={Metamorph: Learning universal controllers with transformers},
  author={Gupta, Agrim and Fan, Linxi and Ganguli, Surya and Fei-Fei, Li},
  booktitle={ICLR},
  year={2022}
}

@inproceedings{zhang2021autoregressive,
  title={Autoregressive dynamics models for offline policy evaluation and optimization},
  author={Zhang, Michael R and Paine, Tom Le and Nachum, Ofir and Paduraru, Cosmin and Tucker, George and Wang, Ziyu and Norouzi, Mohammad},
  booktitle={ICLR},
  year={2021}
}

@inproceedings{hansen2023td,
  title={Td-mpc2: Scalable, robust world models for continuous control},
  author={Hansen, Nicklas and Su, Hao and Wang, Xiaolong},
  booktitle={ICLR},
  year={2024}
}

@inproceedings{chebotar2023q,
  title={Q-transformer: Scalable offline reinforcement learning via autoregressive q-functions},
  author={Chebotar, Yevgen and Vuong, Quan and Hausman, Karol and Xia, Fei and Lu, Yao and Irpan, Alex and Kumar, Aviral and Yu, Tianhe and Herzog, Alexander and Pertsch, Karl and others},
  booktitle={Conference on Robot Learning},
  pages={3909--3928},
  year={2023},
  organization={PMLR}
}

@article{yarats2022don,
  title={Don't change the algorithm, change the data: Exploratory data for offline reinforcement learning},
  author={Yarats, Denis and Brandfonbrener, David and Liu, Hao and Laskin, Michael and Abbeel, Pieter and Lazaric, Alessandro and Pinto, Lerrel},
  journal={arXiv preprint arXiv:2201.13425},
  year={2022}
}

@inproceedings{gulcehre2020rl,
  title={Rl unplugged: A suite of benchmarks for offline reinforcement learning},
  author={Gulcehre, Caglar and Wang, Ziyu and Novikov, Alexander and Paine, Thomas and G{\'o}mez, Sergio and Zolna, Konrad and Agarwal, Rishabh and Merel, Josh S and Mankowitz, Daniel J and Paduraru, Cosmin and others},
  booktitle={NeurIPS},
  year={2020}
}

@article{gallouedec2024jack,
  title={Jack of All Trades, Master of Some, a Multi-Purpose Transformer Agent},
  author={Gallou{\'e}dec, Quentin and Beeching, Edward and Romac, Cl{\'e}ment and Dellandr{\'e}a, Emmanuel},
  journal={arXiv preprint arXiv:2402.09844},
  year={2024}
}

@article{wen2022realization,
  title={On realization of intelligent decision-making in the real world: A foundation decision model perspective},
  author={Wen, Ying and Wan, Ziyu and Zhou, Ming and Hou, Shufang and Cao, Zhe and Le, Chenyang and Chen, Jingxiao and Tian, Zheng and Zhang, Weinan and Wang, Jun},
  journal={arXiv preprint arXiv:2212.12669},
  year={2022}
}

@inproceedings{chen2024offline,
    title={Offline Transition Modeling via Contrastive Energy Learning},
    author={Ruifeng Chen and Chengxing Jia and Zefang Huang and Tian-Shuo Liu and Xu-Hui Liu and Yang Yu},
    booktitle={ICML},
    year={2024},
}

@inproceedings{le2019batch,
  title={Batch policy learning under constraints},
  author={Le, Hoang and Voloshin, Cameron and Yue, Yisong},
  booktitle={ICML},
  year={2019},
}

@inproceedings{jiang2016doubly,
  title={Doubly robust off-policy value evaluation for reinforcement learning},
  author={Jiang, Nan and Li, Lihong},
  booktitle={ICML},
  year={2016},
}

@article{kostrikov2020statistical,
  title={Statistical bootstrapping for uncertainty estimation in off-policy evaluation},
  author={Kostrikov, Ilya and Nachum, Ofir},
  journal={arXiv preprint arXiv:2007.13609},
  year={2020}
}

@inproceedings{yang2020off,
  title={Off-policy evaluation via the regularized lagrangian},
  author={Yang, Mengjiao and Nachum, Ofir and Dai, Bo and Li, Lihong and Schuurmans, Dale},
  booktitle={NeurIPS},
  year={2020}
}

@inproceedings{wen2020batch,
  title={Batch stationary distribution estimation},
  author={Wen, Junfeng and Dai, Bo and Li, Lihong and Schuurmans, Dale},
  booktitle={ICML},
  year={2020}
}

@inproceedings{chua2018deep,
  title={Deep reinforcement learning in a handful of trials using probabilistic dynamics models},
  author={Chua, Kurtland and Calandra, Roberto and McAllister, Rowan and Levine, Sergey},
  booktitle={NeurIPS},
  year={2018}
}

@inproceedings{farebrother2024stop,
  title={Stop regressing: Training value functions via classification for scalable deep rl},
  author={Farebrother, Jesse and Orbay, Jordi and Vuong, Quan and Ta{\"\i}ga, Adrien Ali and Chebotar, Yevgen and Xiao, Ted and Irpan, Alex and Levine, Sergey and Castro, Pablo Samuel and Faust, Aleksandra and others},
  booktitle={ICML},
  year={2024}
}

@inproceedings{bellemare2017distributional,
  title={A distributional perspective on reinforcement learning},
  author={Bellemare, Marc G and Dabney, Will and Munos, R{\'e}mi},
  booktitle={International conference on machine learning},
  pages={449--458},
  year={2017},
  organization={PMLR}
}

@article{bjorck2021towards,
  title={Towards deeper deep reinforcement learning with spectral normalization},
  author={Bjorck, Nils and Gomes, Carla P and Weinberger, Kilian Q},
  journal={NeurIPS},
  volume={34},
  pages={8242--8255},
  year={2021}
}

@article{bhatt2019crossq,
  title={CrossQ: Batch Normalization in Deep Reinforcement Learning for Greater Sample Efficiency and Simplicity},
  author={Bhatt, Aditya and Palenicek, Daniel and Belousov, Boris and Argus, Max and Amiranashvili, Artemij and Brox, Thomas and Peters, Jan},
  journal={arXiv preprint arXiv:1902.05605},
  year={2019}
}

@inproceedings{parisotto2020stabilizing,
  title={Stabilizing transformers for reinforcement learning},
  author={Parisotto, Emilio and Song, Francis and Rae, Jack and Pascanu, Razvan and Gulcehre, Caglar and Jayakumar, Siddhant and Jaderberg, Max and Kaufman, Raphael Lopez and Clark, Aidan and Noury, Seb and others},
  booktitle={International conference on machine learning},
  pages={7487--7498},
  year={2020},
  organization={PMLR}
}

@article{banino2021coberl,
  title={Coberl: Contrastive bert for reinforcement learning},
  author={Banino, Andrea and Badia, Adri{\`a} Puidomenech and Walker, Jacob and Scholtes, Tim and Mitrovic, Jovana and Blundell, Charles},
  journal={arXiv preprint arXiv:2107.05431},
  year={2021}
}

@article{kidambi2020morel,
  title={Morel: Model-based offline reinforcement learning},
  author={Kidambi, Rahul and Rajeswaran, Aravind and Netrapalli, Praneeth and Joachims, Thorsten},
  journal={NeurIPS},
  volume={33},
  pages={21810--21823},
  year={2020}
}

@article{chen2021decision,
  title={Decision transformer: Reinforcement learning via sequence modeling},
  author={Chen, Lili and Lu, Kevin and Rajeswaran, Aravind and Lee, Kimin and Grover, Aditya and Laskin, Misha and Abbeel, Pieter and Srinivas, Aravind and Mordatch, Igor},
  journal={NeurIPS},
  volume={34},
  pages={15084--15097},
  year={2021}
}

@article{sinha2020d2rl,
  title={D2rl: Deep dense architectures in reinforcement learning},
  author={Sinha, Samarth and Bharadhwaj, Homanga and Srinivas, Aravind and Garg, Animesh},
  journal={arXiv preprint arXiv:2010.09163},
  year={2020}
}

@inproceedings{brown2020language,
  title={Language models are few-shot learners},
  author={Brown, Tom and Mann, Benjamin and Ryder, Nick and Subbiah, Melanie and Kaplan, Jared D and Dhariwal, Prafulla and Neelakantan, Arvind and Shyam, Pranav and Sastry, Girish and Askell, Amanda and others},
  booktitle={NeurIPS},
  year={2020}
}

@article{voloshin2019empirical,
  title={Empirical study of off-policy policy evaluation for reinforcement learning},
  author={Voloshin, Cameron and Le, Hoang M and Jiang, Nan and Yue, Yisong},
  journal={arXiv preprint arXiv:1911.06854},
  year={2019}
}

@article{lee2022multi,
  title={Multi-game decision transformers},
  author={Lee, Kuang-Huei and Nachum, Ofir and Yang, Mengjiao Sherry and Lee, Lisa and Freeman, Daniel and Guadarrama, Sergio and Fischer, Ian and Xu, Winnie and Jang, Eric and Michalewski, Henryk and others},
  journal={NeurIPS},
  volume={35},
  pages={27921--27936},
  year={2022}
}

@article{sun2022transfer,
  title={Transfer RL across observation feature spaces via model-based regularization},
  author={Sun, Yanchao and Zheng, Ruijie and Wang, Xiyao and Cohen, Andrew and Huang, Furong},
  journal={arXiv preprint arXiv:2201.00248},
  year={2022}
}

@inproceedings{raychaudhuri2021cross,
  title={Cross-domain imitation from observations},
  author={Raychaudhuri, Dripta S and Paul, Sujoy and Vanbaar, Jeroen and Roy-Chowdhury, Amit K},
  booktitle={International Conference on Machine Learning},
  pages={8902--8912},
  year={2021},
  organization={PMLR}
}

@article{eysenbach2020off,
  title={Off-dynamics reinforcement learning: Training for transfer with domain classifiers},
  author={Eysenbach, Benjamin and Asawa, Swapnil and Chaudhari, Shreyas and Levine, Sergey and Salakhutdinov, Ruslan},
  journal={arXiv preprint arXiv:2006.13916},
  year={2020}
}

@article{cao2021learning,
  title={Learning feasibility to imitate demonstrators with different dynamics},
  author={Cao, Zhangjie and Hao, Yilun and Li, Mengxi and Sadigh, Dorsa},
  journal={arXiv preprint arXiv:2110.15142},
  year={2021}
}

@article{desai2020imitation,
  title={An imitation from observation approach to transfer learning with dynamics mismatch},
  author={Desai, Siddharth and Durugkar, Ishan and Karnan, Haresh and Warnell, Garrett and Hanna, Josiah and Stone, Peter},
  journal={NeurIPS},
  volume={33},
  pages={3917--3929},
  year={2020}
}

@article{zintgraf2021varibad,
  title={Varibad: Variational bayes-adaptive deep rl via meta-learning},
  author={Zintgraf, Luisa and Schulze, Sebastian and Lu, Cong and Feng, Leo and Igl, Maximilian and Shiarlis, Kyriacos and Gal, Yarin and Hofmann, Katja and Whiteson, Shimon},
  journal={Journal of Machine Learning Research},
  volume={22},
  number={289},
  pages={1--39},
  year={2021}
}

@article{he2015deep,
  title     = {Deep Residual Learning for Image Recognition},
  author    = {Kaiming He and X. Zhang and Shaoqing Ren and Jian Sun},
  journal   = {Computer Vision and Pattern Recognition},
  year      = {2015},
  doi       = {10.1109/cvpr.2016.90},
  bibSource = {Semantic Scholar https://www.semanticscholar.org/paper/2c03df8b48bf3fa39054345bafabfeff15bfd11d}
}

@article{ba2016layer,
  title   = {Layer Normalization},
  author  = {Jimmy Lei Ba and Jamie Ryan Kiros and Geoffrey E. Hinton},
  year    = {2016},
  journal = {arXiv preprint arXiv: 1607.06450}
}

@article{hendrycks2016gaussian,
  title   = {Gaussian Error Linear Units (GELUs)},
  author  = {Dan Hendrycks and Kevin Gimpel},
  year    = {2016},
  journal = {arXiv preprint arXiv: 1606.08415}
}

@inproceedings{schmied2024learning,
  title={Learning to Modulate pre-trained Models in RL},
  author={Schmied, Thomas and Hofmarcher, Markus and Paischer, Fabian and Pascanu, Razvan and Hochreiter, Sepp},
  booktitle={NeurIPS},
  year={2024}
}

@inproceedings{seo2022reinforcement,
  title={Reinforcement learning with action-free pre-training from videos},
  author={Seo, Younggyo and Lee, Kimin and James, Stephen L and Abbeel, Pieter},
  booktitle={ICML},
  year={2022},
}

@article{liu2023itransformer,
  title={itransformer: Inverted transformers are effective for time series forecasting},
  author={Liu, Yong and Hu, Tengge and Zhang, Haoran and Wu, Haixu and Wang, Shiyu and Ma, Lintao and Long, Mingsheng},
  journal={arXiv preprint arXiv:2310.06625},
  year={2023}
}

@inproceedings{wu2024ivideogpt,
  title={iVideoGPT: Interactive VideoGPTs are Scalable World Models},
  author={Wu, Jialong and Yin, Shaofeng and Feng, Ningya and He, Xu and Li, Dong and Hao, Jianye and Long, Mingsheng},
  booktitle={NeurIPS},
  year={2024}
}

@inproceedings{wu2024pre,
  title={Pre-training contextualized world models with in-the-wild videos for reinforcement learning},
  author={Wu, Jialong and Ma, Haoyu and Deng, Chaoyi and Long, Mingsheng},
  booktitle={NeurIPS},
  year={2024}
}

@inproceedings{ma2024harmonydream,
  title={HarmonyDream: Task Harmonization Inside World Models},
  author={Ma, Haoyu and Wu, Jialong and Feng, Ningya and Xiao, Chenjun and Li, Dong and Jianye, HAO and Wang, Jianmin and Long, Mingsheng},
  booktitle={Forty-first International Conference on Machine Learning},
  year={2024}
}

@inproceedings{wang2024scaling,
  title={Scaling proprioceptive-visual learning with heterogeneous pre-trained transformers},
  author={Wang, Lirui and Chen, Xinlei and Zhao, Jialiang and He, Kaiming},
  booktitle={NeurIPS},
  year={2024}
}

@inproceedings{yu2020meta,
  title={Meta-world: A benchmark and evaluation for multi-task and meta reinforcement learning},
  author={Yu, Tianhe and Quillen, Deirdre and He, Zhanpeng and Julian, Ryan and Hausman, Karol and Finn, Chelsea and Levine, Sergey},
  booktitle={CoRL},
  year={2020},
}

@inproceedings{d2024sharing,
  title={Sharing knowledge in multi-task deep reinforcement learning},
  author={D'Eramo, Carlo and Tateo, Davide and Bonarini, Andrea and Restelli, Marcello and Peters, Jan},
  booktitle={ICLR},
  year={2020}
}

@article{team2021open,
  title={Open-ended learning leads to generally capable agents},
  author={Team, Open Ended Learning and Stooke, Adam and Mahajan, Anuj and Barros, Catarina and Deck, Charlie and Bauer, Jakob and Sygnowski, Jakub and Trebacz, Maja and Jaderberg, Max and Mathieu, Michael and others},
  journal={arXiv preprint arXiv:2107.12808},
  year={2021}
}

@article{agarwal2025cosmos,
  title={Cosmos world foundation model platform for physical ai},
  author={Agarwal, Niket and Ali, Arslan and Bala, Maciej and Balaji, Yogesh and Barker, Erik and Cai, Tiffany and Chattopadhyay, Prithvijit and Chen, Yongxin and Cui, Yin and Ding, Yifan and others},
  journal={arXiv preprint arXiv:2501.03575},
  year={2025}
}

@article{zhou2024dino,
  title={DINO-WM: World Models on Pre-trained Visual Features enable Zero-shot Planning},
  author={Zhou, Gaoyue and Pan, Hengkai and LeCun, Yann and Pinto, Lerrel},
  journal={arXiv preprint arXiv:2411.04983},
  year={2024}
}

@inproceedings{wang2024can,
  title={Can Language Models Serve as Text-Based World Simulators?},
  author={Wang, Ruoyao and Todd, Graham and Xiao, Ziang and Yuan, Xingdi and C{\^o}t{\'e}, Marc-Alexandre and Clark, Peter and Jansen, Peter},
  booktitle={ACL},
  year={2024}
}

@article{gu2024your,
  title={Is your llm secretly a world model of the internet? model-based planning for web agents},
  author={Gu, Yu and Zheng, Boyuan and Gou, Boyu and Zhang, Kai and Chang, Cheng and Srivastava, Sanjari and Xie, Yanan and Qi, Peng and Sun, Huan and Su, Yu},
  journal={arXiv preprint arXiv:2411.06559},
  year={2024}
}

@inproceedings{ha2018recurrent,
  title={Recurrent world models facilitate policy evolution},
  author={Ha, David and Schmidhuber, J{\"u}rgen},
  booktitle={NeurIPS},
  year={2018}
}

@article{lecun2022path,
  title={A path towards autonomous machine intelligence version 0.9. 2, 2022-06-27},
  author={LeCun, Yann},
  journal={Open Review},
  volume={62},
  number={1},
  pages={1--62},
  year={2022}
}

@inproceedings{hafner2019dream,
  title={Dream to control: Learning behaviors by latent imagination},
  author={Hafner, Danijar and Lillicrap, Timothy and Ba, Jimmy and Norouzi, Mohammad},
  booktitle={ICLR},
  year={2020}
}

@article{hafner2023mastering,
  title={Mastering diverse domains through world models},
  author={Hafner, Danijar and Pasukonis, Jurgis and Ba, Jimmy and Lillicrap, Timothy},
  journal={arXiv preprint arXiv:2301.04104},
  year={2023}
}

@article{schrittwieser2020mastering,
  title={Mastering atari, go, chess and shogi by planning with a learned model},
  author={Schrittwieser, Julian and Antonoglou, Ioannis and Hubert, Thomas and Simonyan, Karen and Sifre, Laurent and Schmitt, Simon and Guez, Arthur and Lockhart, Edward and Hassabis, Demis and Graepel, Thore and others},
  journal={Nature},
  volume={588},
  number={7839},
  pages={604--609},
  year={2020},
  publisher={Nature Publishing Group}
}

@inproceedings{tian2023control,
  title={A Control-Centric Benchmark for Video Prediction},
  author={Tian, Stephen and Finn, Chelsea and Wu, Jiajun},
  booktitle={ICLR},
  year={2023}
}

@article{ebert2018visual,
  title={Visual foresight: Model-based deep reinforcement learning for vision-based robotic control},
  author={Ebert, Frederik and Finn, Chelsea and Dasari, Sudeep and Xie, Annie and Lee, Alex and Levine, Sergey},
  journal={arXiv preprint arXiv:1812.00568},
  year={2018}
}

@inproceedings{kurutach2018model,
  title={Model-ensemble trust-region policy optimization},
  author={Kurutach, Thanard and Clavera, Ignasi and Duan, Yan and Tamar, Aviv and Abbeel, Pieter},
  booktitle={ICLR},
  year={2018}
}

@article{achiam2023gpt,
  title={Gpt-4 technical report},
  author={Achiam, Josh and Adler, Steven and Agarwal, Sandhini and Ahmad, Lama and Akkaya, Ilge and Aleman, Florencia Leoni and Almeida, Diogo and Altenschmidt, Janko and Altman, Sam and Anadkat, Shyamal and others},
  journal={arXiv preprint arXiv:2303.08774},
  year={2023}
}

@inproceedings{kirillov2023segment,
  title={Segment anything},
  author={Kirillov, Alexander and Mintun, Eric and Ravi, Nikhila and Mao, Hanzi and Rolland, Chloe and Gustafson, Laura and Xiao, Tete and Whitehead, Spencer and Berg, Alexander C and Lo, Wan-Yen and others},
  booktitle={ICCV},
  year={2023}
}

@article{oquab2023dinov2,
  title={Dinov2: Learning robust visual features without supervision},
  author={Oquab, Maxime and Darcet, Timoth{\'e}e and Moutakanni, Th{\'e}o and Vo, Huy and Szafraniec, Marc and Khalidov, Vasil and Fernandez, Pierre and Haziza, Daniel and Massa, Francisco and El-Nouby, Alaaeldin and others},
  journal={TMLR},
  year={2024}
}

@article{yang2023learning,
  title={Learning interactive real-world simulators},
  author={Yang, Mengjiao and Du, Yilun and Ghasemipour, Kamyar and Tompson, Jonathan and Schuurmans, Dale and Abbeel, Pieter},
  journal={arXiv preprint arXiv:2310.06114},
  year={2023}
}

@article{brockman2016openai,
  title={OpenAI Gym},
  author={Brockman, G},
  journal={arXiv preprint arXiv:1606.01540},
  year={2016}
}

@inproceedings{o2024open,
  title={Open x-embodiment: Robotic learning datasets and rt-x models: Open x-embodiment collaboration 0},
  author={O’Neill, Abby and Rehman, Abdul and Maddukuri, Abhiram and Gupta, Abhishek and Padalkar, Abhishek and Lee, Abraham and Pooley, Acorn and Gupta, Agrim and Mandlekar, Ajay and Jain, Ajinkya and others},
  booktitle={ICRA},
  year={2024},
}

@inproceedings{rafailov2024d5rl,
  title={D5RL: Diverse datasets for data-driven deep reinforcement learning},
  author={Rafailov, Rafael and Hatch, Kyle and Singh, Anikait and Smith, Laura and Kumar, Aviral and Kostrikov, Ilya and Hansen-Estruch, Philippe and Kolev, Victor and Ball, Philip and Wu, Jiajun and others},
  booktitle={RLC},
  year={2024}
}

@inproceedings{qin2022neorl,
  title={NeoRL: A near real-world benchmark for offline reinforcement learning},
  author={Qin, Rong-Jun and Zhang, Xingyuan and Gao, Songyi and Chen, Xiong-Hui and Li, Zewen and Zhang, Weinan and Yu, Yang},
  booktitle={NeurIPS},
  year={2022}
}

@article{lu2022challenges,
  title={Challenges and opportunities in offline reinforcement learning from visual observations},
  author={Lu, Cong and Ball, Philip J and Rudner, Tim GJ and Parker-Holder, Jack and Osborne, Michael A and Teh, Yee Whye},
  journal={arXiv preprint arXiv:2206.04779},
  year={2022}
}

@inproceedings{kurin2020my,
  title={My body is a cage: the role of morphology in graph-based incompatible control},
  author={Kurin, Vitaly and Igl, Maximilian and Rockt{\"a}schel, Tim and Boehmer, Wendelin and Whiteson, Shimon},
  booktitle={ICLR},
  year={2021}
}

@article{tassa2018deepmind,
  title   = {DeepMind Control Suite},
  author  = {Yuval Tassa and Yotam Doron and Alistair Muldal and Tom Erez and Yazhe Li and Diego de Las Casas and David Budden and Abbas Abdolmaleki and Josh Merel and Andrew Lefrancq and Timothy Lillicrap and Martin Riedmiller},
  year    = {2018},
  journal = {arXiv preprint arXiv: 1801.00690}
}

@article{mnih2013playing,
  title   = {Playing Atari with Deep Reinforcement Learning},
  author  = {Volodymyr Mnih and Koray Kavukcuoglu and David Silver and Alex Graves and Ioannis Antonoglou and Daan Wierstra and Martin Riedmiller},
  year    = {2013},
  journal = {arXiv preprint arXiv: 1312.5602}
}

@article{schulman2017proximal,
  title   = {Proximal Policy Optimization Algorithms},
  author  = {John Schulman and Filip Wolski and Prafulla Dhariwal and Alec Radford and Oleg Klimov},
  year    = {2017},
  journal = {arXiv preprint arXiv: 1707.06347}
}

@inproceedings{florence2022implicit,
  title={Implicit behavioral cloning},
  author={Florence, Pete and Lynch, Corey and Zeng, Andy and Ramirez, Oscar A and Wahid, Ayzaan and Downs, Laura and Wong, Adrian and Lee, Johnny and Mordatch, Igor and Tompson, Jonathan},
  booktitle={CoRL},
  year={2022},
}

@inproceedings{shafiullah2022behavior,
  title={Behavior transformers: Cloning $ k $ modes with one stone},
  author={Shafiullah, Nur Muhammad and Cui, Zichen and Altanzaya, Ariuntuya Arty and Pinto, Lerrel},
  booktitle={NeurIPS},
  year={2022}
}

@inproceedings{team2024octo,
  title={Octo: An open-source generalist robot policy},
  author={Team, Octo Model and Ghosh, Dibya and Walke, Homer and Pertsch, Karl and Black, Kevin and Mees, Oier and Dasari, Sudeep and Hejna, Joey and Kreiman, Tobias and Xu, Charles and others},
  booktitle={RSS},
  year={2024}
}

@inproceedings{kim2024openvla,
  title={OpenVLA: An Open-Source Vision-Language-Action Model},
  author={Kim, Moo Jin and Pertsch, Karl and Karamcheti, Siddharth and Xiao, Ted and Balakrishna, Ashwin and Nair, Suraj and Rafailov, Rafael and Foster, Ethan and Lam, Grace and Sanketi, Pannag and others},
  booktitle={CoRL},
  year={2024}
}

@article{mendonca2023structured,
  title={Structured world models from human videos},
  author={Mendonca, Russell and Bahl, Shikhar and Pathak, Deepak},
  journal={arXiv preprint arXiv:2308.10901},
  year={2023}
}

@article{ye2024latent,
  title={Latent action pretraining from videos},
  author={Ye, Seonghyeon and Jang, Joel and Jeon, Byeongguk and Joo, Sejune and Yang, Jianwei and Peng, Baolin and Mandlekar, Ajay and Tan, Reuben and Chao, Yu-Wei and Lin, Bill Yuchen and others},
  journal={arXiv preprint arXiv:2410.11758},
  year={2024}
}

@article{cheang2024gr,
  title={Gr-2: A generative video-language-action model with web-scale knowledge for robot manipulation},
  author={Cheang, Chi-Lam and Chen, Guangzeng and Jing, Ya and Kong, Tao and Li, Hang and Li, Yifeng and Liu, Yuxiao and Wu, Hongtao and Xu, Jiafeng and Yang, Yichu and others},
  journal={arXiv preprint arXiv:2410.06158},
  year={2024}
}

@inproceedings{hong2021structure,
  title={Structure-aware transformer policy for inhomogeneous multi-task reinforcement learning},
  author={Hong, Sunghoon and Yoon, Deunsol and Kim, Kee-Eung},
  booktitle={ICLR},
  year={2021}
}

@article{JMLR:v9:vandermaaten08a,
  author  = {Laurens van der Maaten and Geoffrey Hinton},
  title   = {Visualizing Data using t-SNE},
  journal = {JMLR},
  year    = {2008},
}

@inproceedings{barthmaron2018distributed,
  title     = {Distributed Distributional Deterministic Policy Gradients},
  author    = {Gabriel Barth-Maron and Matthew W. Hoffman and D. Budden and Will Dabney and Dan Horgan and TB Dhruva and Alistair Muldal and N. Heess and T. Lillicrap},
  booktitle   = {ICLR},
  year      = {2018},
}

@inproceedings{song2019vmpo,
  title   = {V-MPO: On-Policy Maximum a Posteriori Policy Optimization for Discrete and Continuous Control},
  author  = {H. Francis Song and Abbas Abdolmaleki and Jost Tobias Springenberg and Aidan Clark and Hubert Soyer and Jack W. Rae and Seb Noury and Arun Ahuja and Siqi Liu and Dhruva Tirumala and Nicolas Heess and Dan Belov and Martin Riedmiller and Matthew M. Botvinick},
  booktitle = {ICLR},
  year    = {2020},
}

@inproceedings{petrenko2020sample,
  title     = {Sample Factory: Egocentric 3D Control from Pixels at 100000 FPS with Asynchronous Reinforcement Learning},
  author    = {Aleksei Petrenko and Zhehui Huang and T. Kumar and G. Sukhatme and V. Koltun},
  booktitle   = {ICML},
  year      = {2020},
}

@inproceedings{laskin2021urlb,
  title={Urlb: Unsupervised reinforcement learning benchmark},
  author={Laskin, Michael and Yarats, Denis and Liu, Hao and Lee, Kimin and Zhan, Albert and Lu, Kevin and Cang, Catherine and Pinto, Lerrel and Abbeel, Pieter},
  booktitle={NeurIPS},
  year={2021}
}

@inproceedings{guo2017calibration,
  title={On calibration of modern neural networks},
  author={Guo, Chuan and Pleiss, Geoff and Sun, Yu and Weinberger, Kilian Q},
  booktitle={ICML},
  year={2017},
}

@inproceedings{imani2018improving,
  title={Improving regression performance with distributional losses},
  author={Imani, Ehsan and White, Martha},
  booktitle={ICML},
  year={2018},
}

@inproceedings{fujimoto2018addressing,
  title={Addressing function approximation error in actor-critic methods},
  author={Fujimoto, Scott and Hoof, Herke and Meger, David},
  booktitle={ICML},
  year={2018},
}

@inproceedings{mitchell2021offline,
  title={Offline meta-reinforcement learning with advantage weighting},
  author={Mitchell, Eric and Rafailov, Rafael and Peng, Xue Bin and Levine, Sergey and Finn, Chelsea},
  booktitle={ICML},
  year={2021},
}


@inproceedings{pmlr-v70-pathak17a,
  title = 	 {Curiosity-driven Exploration by Self-supervised Prediction},
  author =       {Deepak Pathak and Pulkit Agrawal and Alexei A. Efros and Trevor Darrell},
  booktitle = 	 {ICML},
  year = 	 {2017},
}

@inproceedings{pmlr-v97-pathak19a,
    author = {Pathak, Deepak and Gandhi, Dhiraj and Gupta, Abhinav},
    title = {Self-Supervised Exploration via Disagreement},
    booktitle = {ICML},
    year = {2019}
}

@inproceedings{burda2018exploration,
title={Exploration by random network distillation},
author={Yuri Burda and Harrison Edwards and Amos Storkey and Oleg Klimov},
booktitle={ICLR},
year={2019}
}

@inproceedings{NEURIPS2021_99bf3d15,
 author = {Liu, Hao and Abbeel, Pieter},
 booktitle = {NeurIPS},
 title = {Behavior From the Void: Unsupervised Active Pre-Training},
 year = {2021}
}


@inproceedings{pmlr-v139-yarats21a,
  title = 	 {Reinforcement Learning with Prototypical Representations},
  author =       {Yarats, Denis and Fergus, Rob and Lazaric, Alessandro and Pinto, Lerrel},
  booktitle = 	 {ICML},
  year = 	 {2021}
}

@inproceedings{
eysenbach2018diversity,
title={Diversity is All You Need: Learning Skills without a Reward Function},
author={Benjamin Eysenbach and Abhishek Gupta and Julian Ibarz and Sergey Levine},
booktitle={ICLR},
year={2019}
}

@article{lee2019efficient,
  title   = {Efficient Exploration via State Marginal Matching},
  author  = {Lisa Lee and Benjamin Eysenbach and Emilio Parisotto and Eric Xing and Sergey Levine and Ruslan Salakhutdinov},
  year    = {2019},
  journal = {arXiv preprint arXiv: 1906.05274}
}


@inproceedings{pmlr-v139-liu21b,
  title = 	 {APS: Active Pretraining with Successor Features},
  author =       {Liu, Hao and Abbeel, Pieter},
  booktitle = 	 {ICML},
  year = 	 {2021}
}

@software{jax2018github,
  author = {James Bradbury and Roy Frostig and Peter Hawkins and Matthew James Johnson and Chris Leary and Dougal Maclaurin and George Necula and Adam Paszke and Jake Vander{P}las and Skye Wanderman-{M}ilne and Qiao Zhang},
  title = {{JAX}: composable transformations of {P}ython+{N}um{P}y programs},
  url = {http://github.com/jax-ml/jax},
  version = {0.3.13},
  year = {2018},
}

@article{is2000,
author = {Precup, Doina and Sutton, Richard and Singh, Satinder},
year = {2000},
month = {06},
pages = {},
title = {Eligibility Traces for Off-Policy Policy Evaluation},
journal = {Computer Science Department Faculty Publication Series}
}