@article{cheang2024gr,
  title={Gr-2: A generative video-language-action model with web-scale knowledge for robot manipulation},
  author={Cheang, Chi-Lam and Chen, Guangzeng and Jing, Ya and Kong, Tao and Li, Hang and Li, Yifeng and Liu, Yuxiao and Wu, Hongtao and Xu, Jiafeng and Yang, Yichu and others},
  journal={arXiv preprint arXiv:2410.06158},
  year={2024}
}

@inproceedings{d2024sharing,
  title={Sharing knowledge in multi-task deep reinforcement learning},
  author={D'Eramo, Carlo and Tateo, Davide and Bonarini, Andrea and Restelli, Marcello and Peters, Jan},
  booktitle={ICLR},
  year={2020}
}

@inproceedings{florence2022implicit,
  title={Implicit behavioral cloning},
  author={Florence, Pete and Lynch, Corey and Zeng, Andy and Ramirez, Oscar A and Wahid, Ayzaan and Downs, Laura and Wong, Adrian and Lee, Johnny and Mordatch, Igor and Tompson, Jonathan},
  booktitle={CoRL},
  year={2022},
}

@article{fu2020d4rl,
  title={D4rl: Datasets for deep data-driven reinforcement learning},
  author={Fu, Justin and Kumar, Aviral and Nachum, Ofir and Tucker, George and Levine, Sergey},
  journal={arXiv preprint arXiv:2004.07219},
  year={2020}
}

@article{gallouedec2024jack,
  title={Jack of All Trades, Master of Some, a Multi-Purpose Transformer Agent},
  author={Gallou{\'e}dec, Quentin and Beeching, Edward and Romac, Cl{\'e}ment and Dellandr{\'e}a, Emmanuel},
  journal={arXiv preprint arXiv:2402.09844},
  year={2024}
}

@inproceedings{gulcehre2020rl,
  title={Rl unplugged: A suite of benchmarks for offline reinforcement learning},
  author={Gulcehre, Caglar and Wang, Ziyu and Novikov, Alexander and Paine, Thomas and G{\'o}mez, Sergio and Zolna, Konrad and Agarwal, Rishabh and Merel, Josh S and Mankowitz, Daniel J and Paduraru, Cosmin and others},
  booktitle={NeurIPS},
  year={2020}
}

@inproceedings{gupta2022metamorph,
  title={Metamorph: Learning universal controllers with transformers},
  author={Gupta, Agrim and Fan, Linxi and Ganguli, Surya and Fei-Fei, Li},
  booktitle={ICLR},
  year={2022}
}

@inproceedings{hansen2023td,
  title={Td-mpc2: Scalable, robust world models for continuous control},
  author={Hansen, Nicklas and Su, Hao and Wang, Xiaolong},
  booktitle={ICLR},
  year={2024}
}

@inproceedings{hong2021structure,
  title={Structure-aware transformer policy for inhomogeneous multi-task reinforcement learning},
  author={Hong, Sunghoon and Yoon, Deunsol and Kim, Kee-Eung},
  booktitle={ICLR},
  year={2021}
}

@inproceedings{huang2020one,
  title={One policy to control them all: Shared modular policies for agent-agnostic control},
  author={Huang, Wenlong and Mordatch, Igor and Pathak, Deepak},
  booktitle={ICML},
  year={2020},
}

@inproceedings{janner2021offline,
  title={Offline reinforcement learning as one big sequence modeling problem},
  author={Janner, Michael and Li, Qiyang and Levine, Sergey},
  booktitle={NeurIPS},
  year={2021}
}

@inproceedings{kim2024openvla,
  title={OpenVLA: An Open-Source Vision-Language-Action Model},
  author={Kim, Moo Jin and Pertsch, Karl and Karamcheti, Siddharth and Xiao, Ted and Balakrishna, Ashwin and Nair, Suraj and Rafailov, Rafael and Foster, Ethan and Lam, Grace and Sanketi, Pannag and others},
  booktitle={CoRL},
  year={2024}
}

@inproceedings{kurin2020my,
  title={My body is a cage: the role of morphology in graph-based incompatible control},
  author={Kurin, Vitaly and Igl, Maximilian and Rockt{\"a}schel, Tim and Boehmer, Wendelin and Whiteson, Shimon},
  booktitle={ICLR},
  year={2021}
}

@inproceedings{o2024open,
  title={Open x-embodiment: Robotic learning datasets and rt-x models: Open x-embodiment collaboration 0},
  author={Oâ€™Neill, Abby and Rehman, Abdul and Maddukuri, Abhiram and Gupta, Abhishek and Padalkar, Abhishek and Lee, Abraham and Pooley, Acorn and Gupta, Agrim and Mandlekar, Ajay and Jain, Ajinkya and others},
  booktitle={ICRA},
  year={2024},
}

@inproceedings{qin2022neorl,
  title={NeoRL: A near real-world benchmark for offline reinforcement learning},
  author={Qin, Rong-Jun and Zhang, Xingyuan and Gao, Songyi and Chen, Xiong-Hui and Li, Zewen and Zhang, Weinan and Yu, Yang},
  booktitle={NeurIPS},
  year={2022}
}

@inproceedings{rafailov2024d5rl,
  title={D5RL: Diverse datasets for data-driven deep reinforcement learning},
  author={Rafailov, Rafael and Hatch, Kyle and Singh, Anikait and Smith, Laura and Kumar, Aviral and Kostrikov, Ilya and Hansen-Estruch, Philippe and Kolev, Victor and Ball, Philip and Wu, Jiajun and others},
  booktitle={RLC},
  year={2024}
}

@article{reed2022generalist,
  title={A generalist agent},
  author={Reed, Scott and Zolna, Konrad and Parisotto, Emilio and Colmenarejo, Sergio Gomez and Novikov, Alexander and Barth-Maron, Gabriel and Gimenez, Mai and Sulsky, Yury and Kay, Jackie and Springenberg, Jost Tobias and others},
  journal={TMLR},
  year={2022}
}

@inproceedings{schmied2024learning,
  title={Learning to Modulate pre-trained Models in RL},
  author={Schmied, Thomas and Hofmarcher, Markus and Paischer, Fabian and Pascanu, Razvan and Hochreiter, Sepp},
  booktitle={NeurIPS},
  year={2024}
}

@article{schubert2023generalist,
  title={A generalist dynamics model for control},
  author={Schubert, Ingmar and Zhang, Jingwei and Bruce, Jake and Bechtle, Sarah and Parisotto, Emilio and Riedmiller, Martin and Springenberg, Jost Tobias and Byravan, Arunkumar and Hasenclever, Leonard and Heess, Nicolas},
  journal={arXiv preprint arXiv:2305.10912},
  year={2023}
}

@inproceedings{seo2022reinforcement,
  title={Reinforcement learning with action-free pre-training from videos},
  author={Seo, Younggyo and Lee, Kimin and James, Stephen L and Abbeel, Pieter},
  booktitle={ICML},
  year={2022},
}

@inproceedings{shafiullah2022behavior,
  title={Behavior transformers: Cloning $ k $ modes with one stone},
  author={Shafiullah, Nur Muhammad and Cui, Zichen and Altanzaya, Ariuntuya Arty and Pinto, Lerrel},
  booktitle={NeurIPS},
  year={2022}
}

@inproceedings{team2024octo,
  title={Octo: An open-source generalist robot policy},
  author={Team, Octo Model and Ghosh, Dibya and Walke, Homer and Pertsch, Karl and Black, Kevin and Mees, Oier and Dasari, Sudeep and Hejna, Joey and Kreiman, Tobias and Xu, Charles and others},
  booktitle={RSS},
  year={2024}
}

@inproceedings{wang2024scaling,
  title={Scaling proprioceptive-visual learning with heterogeneous pre-trained transformers},
  author={Wang, Lirui and Chen, Xinlei and Zhao, Jialiang and He, Kaiming},
  booktitle={NeurIPS},
  year={2024}
}

@inproceedings{wu2024ivideogpt,
  title={iVideoGPT: Interactive VideoGPTs are Scalable World Models},
  author={Wu, Jialong and Yin, Shaofeng and Feng, Ningya and He, Xu and Li, Dong and Hao, Jianye and Long, Mingsheng},
  booktitle={NeurIPS},
  year={2024}
}

@inproceedings{wu2024pre,
  title={Pre-training contextualized world models with in-the-wild videos for reinforcement learning},
  author={Wu, Jialong and Ma, Haoyu and Deng, Chaoyi and Long, Mingsheng},
  booktitle={NeurIPS},
  year={2024}
}

@article{ye2024latent,
  title={Latent action pretraining from videos},
  author={Ye, Seonghyeon and Jang, Joel and Jeon, Byeongguk and Joo, Sejune and Yang, Jianwei and Peng, Baolin and Mandlekar, Ajay and Tan, Reuben and Chao, Yu-Wei and Lin, Bill Yuchen and others},
  journal={arXiv preprint arXiv:2410.11758},
  year={2024}
}

@inproceedings{yu2020meta,
  title={Meta-world: A benchmark and evaluation for multi-task and meta reinforcement learning},
  author={Yu, Tianhe and Quillen, Deirdre and He, Zhanpeng and Julian, Ryan and Hausman, Karol and Finn, Chelsea and Levine, Sergey},
  booktitle={CoRL},
  year={2020},
}

@inproceedings{zhang2021autoregressive,
  title={Autoregressive dynamics models for offline policy evaluation and optimization},
  author={Zhang, Michael R and Paine, Tom Le and Nachum, Ofir and Paduraru, Cosmin and Tucker, George and Wang, Ziyu and Norouzi, Mohammad},
  booktitle={ICLR},
  year={2021}
}

