@InProceedings{Esser2021,
  author    = {Esser, Patrick and Rombach, Robin and Ommer, Bjorn},
  booktitle = CVPR,
  title     = {Taming {Transformers} for high-resolution image synthesis},
  year      = {2021},
}

@InProceedings{He2016,
  author    = {He, Kaiming and Zhang, Xiangyu and Ren, Shaoqing and Sun, Jian},
  booktitle = CVPR,
  title     = {Deep residual learning for image recognition},
  year      = {2016},
}

@InProceedings{Oord2017,
  author    = {Aaron van den Oord and Oriol Vinyals and Koray Kavukcuoglu},
  booktitle = NIPS,
  title     = {Neural Discrete Representation Learning},
  year      = {2017},
}

@InProceedings{Ramesh2021,
  author    = {Ramesh, Aditya and Pavlov, Mikhail and Goh, Gabriel and Gray, Scott and Voss, Chelsea and Radford, Alec and Chen, Mark and Sutskever, Ilya},
  booktitle = ICML,
  title     = {Zero-shot text-to-image generation},
  year      = {2021},
}

@InProceedings{Razavi2019,
  author    = {Razavi, Ali and Van den Oord, Aaron and Vinyals, Oriol},
  booktitle = NIPS,
  title     = {Generating diverse high-fidelity images with {VQ-VAE-2}},
  year      = {2019},
}

@article{bassett2006adaptive,
  title={Adaptive reconfiguration of fractal small-world human brain functional networks},
  author={Bassett, Danielle S and Meyer-Lindenberg, Andreas and Achard, Sophie and Duke, Thomas and Bullmore, Edward},
  journal={Proceedings of the National Academy of Sciences},
  volume={103},
  number={51},
  pages={19518--19523},
  year={2006},
  publisher={National Acad Sciences}
}

@article{bullmore2009complex,
  title={Complex brain networks: graph theoretical analysis of structural and functional systems},
  author={Bullmore, Ed and Sporns, Olaf},
  journal={Nature reviews neuroscience},
  volume={10},
  number={3},
  pages={186--198},
  year={2009},
  publisher={Nature Publishing Group UK London}
}

@incollection{burt1987laplacian,
  title={The Laplacian pyramid as a compact image code},
  author={Burt, Peter J and Adelson, Edward H},
  booktitle={Readings in computer vision},
  pages={671--679},
  year={1987},
  publisher={Elsevier}
}

@article{cannon2000crystal,
  title={Crystal growth, biological cell growth, and geometry},
  author={Cannon, JAMES W and Floyd, WILLIAM J and Parry, WALTER R},
  journal={Pattern formation in biology: vision, and dynamics. Singapore: World Scientific},
  pages={65--82},
  year={2000}
}

@inproceedings{dalal2005histograms,
  title={Histograms of oriented gradients for human detection},
  author={Dalal, Navneet and Triggs, Bill},
  booktitle={2005 IEEE computer society conference on computer vision and pattern recognition (CVPR'05)},
  volume={1},
  pages={886--893},
  year={2005},
  organization={Ieee}
}

@article{enright2005mass,
  title={Mass fractal dimension and the compactness of proteins},
  author={Enright, Matthew B and Leitner, David M},
  journal={Physical Review Eâ€”Statistical, Nonlinear, and Soft Matter Physics},
  volume={71},
  number={1},
  pages={011912},
  year={2005},
  publisher={APS}
}

@article{freeman1991design,
  title={The design and use of steerable filters},
  author={Freeman, William T and Adelson, Edward H and others},
  journal={IEEE Transactions on Pattern analysis and machine intelligence},
  volume={13},
  number={9},
  pages={891--906},
  year={1991}
}

@article{han2024infinity,
  title={Infinity: Scaling Bitwise AutoRegressive Modeling for High-Resolution Image Synthesis},
  author={Han, Jian and Liu, Jinlai and Jiang, Yi and Yan, Bin and Zhang, Yuqi and Yuan, Zehuan and Peng, Bingyue and Liu, Xiaobing},
  journal={arXiv preprint arXiv:2412.04431},
  year={2024}
}

@article{he2015spatial,
  title={Spatial pyramid pooling in deep convolutional networks for visual recognition},
  author={He, Kaiming and Zhang, Xiangyu and Ren, Shaoqing and Sun, Jian},
  journal={IEEE transactions on pattern analysis and machine intelligence},
  volume={37},
  number={9},
  pages={1904--1916},
  year={2015},
  publisher={IEEE}
}

@article{larsson2016fractalnet,
  title={Fractalnet: Ultra-deep neural networks without residuals},
  author={Larsson, Gustav and Maire, Michael and Shakhnarovich, Gregory},
  journal={arXiv preprint arXiv:1605.07648},
  year={2016}
}

@article{li2024autoregressive,
  title={Autoregressive Image Generation without Vector Quantization},
  author={Li, Tianhong and Tian, Yonglong and Li, He and Deng, Mingyang and He, Kaiming},
  journal={arXiv preprint arXiv:2406.11838},
  year={2024}
}

@inproceedings{lin2017feature,
  title={Feature pyramid networks for object detection},
  author={Lin, Tsung-Yi and Doll{\'a}r, Piotr and Girshick, Ross and He, Kaiming and Hariharan, Bharath and Belongie, Serge},
  booktitle={Proceedings of the IEEE conference on computer vision and pattern recognition},
  pages={2117--2125},
  year={2017}
}

@inproceedings{liu2021swin,
  title={Swin transformer: Hierarchical vision transformer using shifted windows},
  author={Liu, Ze and Lin, Yutong and Cao, Yue and Hu, Han and Wei, Yixuan and Zhang, Zheng and Lin, Stephen and Guo, Baining},
  booktitle={Proceedings of the IEEE/CVF international conference on computer vision},
  pages={10012--10022},
  year={2021}
}

@inproceedings{lowe1999object,
  title={Object recognition from local scale-invariant features},
  author={Lowe, David G},
  booktitle={Proceedings of the seventh IEEE international conference on computer vision},
  volume={2},
  pages={1150--1157},
  year={1999},
  organization={Ieee}
}

@article{lowe2004distinctive,
  title={Distinctive image features from scale-invariant keypoints},
  author={Lowe, David G},
  journal={International journal of computer vision},
  volume={60},
  pages={91--110},
  year={2004},
  publisher={Springer}
}

@article{mandelbrot1983fractal,
  title={The fractal geometry of nature/Revised and enlarged edition},
  author={Mandelbrot, Benoit B},
  journal={New York},
  year={1983}
}

@article{mirny2011fractal,
  title={The fractal globule as a model of chromatin architecture in the cell},
  author={Mirny, Leonid A},
  journal={Chromosome research},
  volume={19},
  pages={37--51},
  year={2011},
  publisher={Springer}
}

@article{pernias2023wurstchen,
  title={W{\"u}rstchen: An efficient architecture for large-scale text-to-image diffusion models},
  author={Pernias, Pablo and Rampas, Dominic and Richter, Mats L and Pal, Christopher J and Aubreville, Marc},
  journal={arXiv preprint arXiv:2306.00637},
  year={2023}
}

@article{ramesh2022hierarchical,
  title={Hierarchical text-conditional image generation with clip latents},
  author={Ramesh, Aditya and Dhariwal, Prafulla and Nichol, Alex and Chu, Casey and Chen, Mark},
  journal={arXiv preprint arXiv:2204.06125},
  year={2022}
}

@article{saharia2022photorealistic,
  title={Photorealistic text-to-image diffusion models with deep language understanding},
  author={Saharia, Chitwan and Chan, William and Saxena, Saurabh and Li, Lala and Whang, Jay and Denton, Emily L and Ghasemipour, Kamyar and Gontijo Lopes, Raphael and Karagol Ayan, Burcu and Salimans, Tim and others},
  journal={NeurIPS},
  year={2022}
}

@article{sporns2006small,
  title={Small-world connectivity, motif composition, and complexity of fractal neuronal connections},
  author={Sporns, Olaf},
  journal={Biosystems},
  volume={85},
  number={1},
  pages={55--64},
  year={2006},
  publisher={Elsevier}
}

@inproceedings{szegedy2015going,
  title={Going deeper with convolutions},
  author={Szegedy, Christian and Liu, Wei and Jia, Yangqing and Sermanet, Pierre and Reed, Scott and Anguelov, Dragomir and Erhan, Dumitru and Vanhoucke, Vincent and Rabinovich, Andrew},
  booktitle={Proceedings of the IEEE conference on computer vision and pattern recognition},
  pages={1--9},
  year={2015}
}

@article{tang2024hart,
  title={Hart: Efficient visual generation with hybrid autoregressive transformer},
  author={Tang, Haotian and Wu, Yecheng and Yang, Shang and Xie, Enze and Chen, Junsong and Chen, Junyu and Zhang, Zhuoyang and Cai, Han and Lu, Yao and Han, Song},
  journal={arXiv preprint arXiv:2410.10812},
  year={2024}
}

@article{tian2024visual,
  title={Visual Autoregressive Modeling: Scalable Image Generation via Next-Scale Prediction},
  author={Tian, Keyu and Jiang, Yi and Yuan, Zehuan and Peng, Bingyue and Wang, Liwei},
  journal={arXiv preprint arXiv:2404.02905},
  year={2024}
}

@article{vaswani2017attention,
  title={Attention is all you need},
  author={Vaswani, A},
  journal={Advances in Neural Information Processing Systems},
  year={2017}
}

@article{yu2023megabyte,
  title={Megabyte: Predicting million-byte sequences with multiscale transformers},
  author={Yu, Lili and Simig, D{\'a}niel and Flaherty, Colin and Aghajanyan, Armen and Zettlemoyer, Luke and Lewis, Mike},
  journal={Advances in Neural Information Processing Systems},
  volume={36},
  pages={78808--78823},
  year={2023}
}

