%%%%% Related Work - START %%%%%

@inproceedings{tancik2023nerfstudio,
  title={Nerfstudio: A modular framework for neural radiance field development},
  author={Tancik, Matthew and Weber, Ethan and Ng, Evonne and Li, Ruilong and Yi, Brent and Wang, Terrance and Kristoffersen, Alexander and Austin, Jake and Salahi, Kamyar and Ahuja, Abhik and others},
  booktitle={ACM SIGGRAPH 2023 Conference Proceedings},
  pages={1--12},
  year={2023}
}
@inproceedings{dvgo,
  title={Direct voxel grid optimization: Super-fast convergence for radiance fields reconstruction},
  author={Sun, Cheng and Sun, Min and Chen, Hwann-Tzong},
  booktitle={Proceedings of the IEEE/CVF Conference on Computer Vision and Pattern Recognition},
  pages={5459--5469},
  year={2022}
}
@inproceedings{pointnerf,
  title={Point-nerf: Point-based neural radiance fields},
  author={Xu, Qiangeng and Xu, Zexiang and Philip, Julien and Bi, Sai and Shu, Zhixin and Sunkavalli, Kalyan and Neumann, Ulrich},
  booktitle={Proceedings of the IEEE/CVF conference on computer vision and pattern recognition},
  pages={5438--5448},
  year={2022}
}

@software{FrEIA,
  author = {Ardizzone, Lynton and Bungert, Till and Draxler, Felix and KÃ¶the, Ullrich and Kruse, Jakob and Schmier, Robert and Sorrenson, Peter},
  title = {{Framework for Easily Invertible Architectures (FrEIA)}},
  year = {2018-2022},
  url = {https://github.com/vislearn/FrEIA}
}

@inproceedings{camera_model:nlm,
  title={Neural Lens Modeling},
  author={Xian, Wenqi and Bo{\v{z}}i{\v{c}}, Alja{\v{z}} and Snavely, Noah and Lassner, Christoph},
  booktitle={Proceedings of the IEEE/CVF Conference on Computer Vision and Pattern Recognition},
  pages={8435--8445},
  year={2023}
}

@inproceedings{camera_model:having,
  title={Why having 10,000 parameters in your camera model is better than twelve},
  author={Schops, Thomas and Larsson, Viktor and Pollefeys, Marc and Sattler, Torsten},
  booktitle={Proceedings of the IEEE/CVF Conference on Computer Vision and Pattern Recognition},
  pages={2535--2544},
  year={2020}
}

@inproceedings{camera_model:dist,
  title={A perspective on distortions},
  author={Swaninathan, Rahul and Grossberg, Michael D and Nayar, Shree K},
  booktitle={2003 IEEE Computer Society Conference on Computer Vision and Pattern Recognition, 2003. Proceedings.},
  volume={2},
  pages={II--594},
  year={2003},
  organization={IEEE}
}

@article{camera_model:kd,
  title={A generic camera model and calibration method for conventional, wide-angle, and fish-eye lenses},
  author={Kannala, Juho and Brandt, Sami S},
  journal={IEEE transactions on pattern analysis and machine intelligence},
  volume={28},
  number={8},
  pages={1335--1340},
  year={2006},
  publisher={IEEE}
}
@inproceedings{camera_model:ds,
  title={The double sphere camera model},
  author={Usenko, Vladyslav and Demmel, Nikolaus and Cremers, Daniel},
  booktitle={2018 International Conference on 3D Vision (3DV)},
  pages={552--560},
  year={2018},
  organization={IEEE}
}




@InProceedings{egonerf,
    author    = {Choi, Changwoon and Kim, Sang Min and Kim, Young Min},
    title     = {Balanced Spherical Grid for Egocentric View Synthesis},
    booktitle = {Proceedings of the IEEE/CVF Conference on Computer Vision and Pattern Recognition (CVPR)},
    year      = {2023},
    pages     = {16590-16599}
}

@inproceedings{hhuang2022VO,
    title = {360VO: Visual Odometry Using A Single 360 Camera},
    author = {Huang, Huajian and Yeung, Sai-Kit},
    booktitle = {International Conference on Robotics and Automation (ICRA)},
    year = {2022},
    organization={IEEE}
}

@misc{huang2024360loc,
      title={360Loc: A Dataset and Benchmark for Omnidirectional Visual Localization with Cross-device Queries}, 
      author={Huajian Huang and Changkun Liu and Yipeng Zhu and Hui Cheng and Tristan Braud and Sai-Kit Yeung},
      year={2024},
      eprint={2311.17389},
      archivePrefix={arXiv},
      primaryClass={cs.CV}
}

%% NeRF
@inproceedings{mildenhall2020nerf,
  title={Nerf: Representing scenes as neural radiance fields for view synthesis},
  author={Mildenhall, Ben and Srinivasan, Pratul P and Tancik, Matthew and Barron, Jonathan T and Ramamoorthi, Ravi and Ng, Ren},
  booktitle={European conference on computer vision},
  pages={405--421},
  year={2020},
  organization={Springer}
}
NeRF based approaches
@inproceedings{barron2022mip,
  title={Mip-nerf 360: Unbounded anti-aliased neural radiance fields},
  author={Barron, Jonathan T and Mildenhall, Ben and Verbin, Dor and Srinivasan, Pratul P and Hedman, Peter},
  booktitle={Proceedings of the IEEE/CVF Conference on Computer Vision and Pattern Recognition},
  pages={5470--5479},
  year={2022}
}
@inproceedings{barron2021mip,
  title={Mip-nerf: A multiscale representation for anti-aliasing neural radiance fields},
  author={Barron, Jonathan T and Mildenhall, Ben and Tancik, Matthew and Hedman, Peter and Martin-Brualla, Ricardo and Srinivasan, Pratul P},
  booktitle={Proceedings of the IEEE/CVF International Conference on Computer Vision},
  pages={5855--5864},
  year={2021}
}
@misc{zhang2020nerf,
      title={NeRF++: Analyzing and Improving Neural Radiance Fields}, 
      author={Kai Zhang and Gernot Riegler and Noah Snavely and Vladlen Koltun},
      year={2020},
      eprint={2010.07492},
      archivePrefix={arXiv},
      primaryClass={cs.CV}
}

@inproceedings{fridovich2022plenoxels,
  title={Plenoxels: Radiance fields without neural networks},
  author={Fridovich-Keil, Sara and Yu, Alex and Tancik, Matthew and Chen, Qinhong and Recht, Benjamin and Kanazawa, Angjoo},
  booktitle={Proceedings of the IEEE/CVF Conference on Computer Vision and Pattern Recognition},
  pages={5501--5510},
  year={2022}
}

@inproceedings{chen2022tensorf,
  title={Tensorf: Tensorial radiance fields},
  author={Chen, Anpei and Xu, Zexiang and Geiger, Andreas and Yu, Jingyi and Su, Hao},
  booktitle={Computer Vision--ECCV 2022: 17th European Conference, Tel Aviv, Israel, October 23--27, 2022, Proceedings, Part XXXII},
  pages={333--350},
  year={2022},
  organization={Springer}
}
@article{muller2022instant,
    author = {Thomas M\"uller and Alex Evans and Christoph Schied and Alexander Keller},
    title = {Instant Neural Graphics Primitives with a Multiresolution Hash Encoding},
    journal = {ACM Trans. Graph.},
    year = {2022},
    pages = {102:1--102:15},
    doi = {10.1145/3528223.3530127},
    publisher = {ACM},
    address = {New York, NY, USA}
}
@article{barron2023zipnerf,
    title={Zip-NeRF: Anti-Aliased Grid-Based Neural Radiance Fields},
    author={Jonathan T. Barron and Ben Mildenhall and 
            Dor Verbin and Pratul P. Srinivasan and Peter Hedman},
    journal={ICCV},
    year={2023}
}
%% 3DGS related, 360 radiance field
% 3DGS
@article{kerbl20233dgs,
  title={3d gaussian splatting for real-time radiance field rendering},
  author={Kerbl, Bernhard and Kopanas, Georgios and Leimk{\"u}hler, Thomas and Drettakis, George},
  journal={ACM Transactions on Graphics},
  volume={42},
  number={4},
  pages={1--14},
  year={2023},
  publisher={ACM}
}
% OmniGS
@article{li2024omnigs,
  title={OmniGS: Omnidirectional Gaussian Splatting for Fast Radiance Field Reconstruction using Omnidirectional Images},
  author={Li, Longwei and Huang, Huajian and Yeung, Sai-Kit and Cheng, Hui},
  journal={arXiv preprint arXiv:2404.03202},
  year={2024}
}
% 360-GS
@article{bai2024360,
  title={360-GS: Layout-guided Panoramic Gaussian Splatting For Indoor Roaming},
  author={Bai, Jiayang and Huang, Letian and Guo, Jie and Gong, Wen and Li, Yuanqi and Guo, Yanwen},
  journal={arXiv preprint arXiv:2402.00763},
  year={2024}
}
% 360Roam
@article{huang2022360roam,
    title = {360Roam: Real-Time Indoor Roaming Using Geometry-Aware 360$^\circ$ Radiance Fields},
    author = {Huang, Huajian and Chen, Yingshu and Zhang, Tianjia and Yeung, Sai-Kit},
    journal = {arXiv preprint arXiv:2208.02705},
    year = {2022}
}
% EgoNeRF, OmniBlender dataset
@inproceedings{choi2023balanced,
  title={Balanced spherical grid for egocentric view synthesis},
  author={Choi, Changwoon and Kim, Sang Min and Kim, Young Min},
  booktitle={Proceedings of the IEEE/CVF Conference on Computer Vision and Pattern Recognition},
  pages={16590--16599},
  year={2023}
}
% 360FusionNeRF
@inproceedings{kulkarni2023360fusionnerf,
  title={360fusionnerf: Panoramic neural radiance fields with joint guidance},
  author={Kulkarni, Shreyas and Yin, Peng and Scherer, Sebastian},
  booktitle={2023 IEEE/RSJ International Conference on Intelligent Robots and Systems (IROS)},
  pages={7202--7209},
  year={2023},
  organization={IEEE}
}
% PanoGRF
@article{chen2023panogrf,
  title={PanoGRF: Generalizable Spherical Radiance Fields for Wide-baseline Panoramas},
  author={Chen, Zheng and Cao, Yan-Pei and Guo, Yuan-Chen and Wang, Chen and Shan, Ying and Zhang, Song-Hai},
  journal={Advances in Neural Information Processing Systems},
  volume={36},
  year={2023}
}
% PERP
@article{perf2023,
    title={PERF: Panoramic Neural Radiance Field from a Single Panorama},
    author={Guangcong Wang and Peng Wang and Zhaoxi Chen and Wenping Wang and Chen Change Loy and Ziwei Liu},
    journal={IEEE Transactions on Pattern Analysis and Machine Intelligence (TPAMI)},
    year={2024}
}
%Pano-NeRF (related?)
@inproceedings{lu2024pano,
  title={Pano-NeRF: Synthesizing High Dynamic Range Novel Views with Geometry from Sparse Low Dynamic Range Panoramic Images},
  author={Lu, Zhan and Zheng, Qian and Shi, Boxin and Jiang, Xudong},
  booktitle={Proceedings of the AAAI Conference on Artificial Intelligence},
  volume={38},
  number={4},
  pages={3927--3935},
  year={2024}
}

%% Pose-free Calibration Radiance Field
@inproceedings{gu2022omni,
  title={Omni-nerf: neural radiance field from 360 image captures},
  author={Gu, Kai and Maugey, Thomas and Knorr, Sebastian and Guillemot, Christine},
  booktitle={2022 IEEE International Conference on Multimedia and Expo (ICME)},
  pages={1--6},
  year={2022},
  organization={IEEE}
}
@article{wang2021nerfmm,
  title={NeRF--: Neural radiance fields without known camera parameters},
  author={Wang, Zirui and Wu, Shangzhe and Xie, Weidi and Chen, Min and Prisacariu, Victor Adrian},
  journal={arXiv preprint arXiv:2102.07064},
  year={2021}
}
% SC-NeRF (ICCV21)
@inproceedings{jeong2021self,
  title={Self-calibrating neural radiance fields},
  author={Jeong, Yoonwoo and Ahn, Seokjun and Choy, Christopher and Anandkumar, Anima and Cho, Minsu and Park, Jaesik},
  booktitle={Proceedings of the IEEE/CVF International Conference on Computer Vision},
  pages={5846--5854},
  year={2021}
}
% BARF (ICCV21)
@inproceedings{lin2021barf,
  title={Barf: Bundle-adjusting neural radiance fields},
  author={Lin, Chen-Hsuan and Ma, Wei-Chiu and Torralba, Antonio and Lucey, Simon},
  booktitle={Proceedings of the IEEE/CVF International Conference on Computer Vision},
  pages={5741--5751},
  year={2021}
}

% NOPE-NeRF (CVPR23) rely on depth estimation
@inproceedings{bian2023nope,
  title={Nope-nerf: Optimising neural radiance field with no pose prior},
  author={Bian, Wenjing and Wang, Zirui and Li, Kejie and Bian, Jia-Wang and Prisacariu, Victor Adrian},
  booktitle={Proceedings of the IEEE/CVF Conference on Computer Vision and Pattern Recognition},
  pages={4160--4169},
  year={2023}
}
% GARF ECCV22
@inproceedings{chng2022gaussian,
  title={Gaussian activated neural radiance fields for high fidelity reconstruction and pose estimation},
  author={Chng, Shin-Fang and Ramasinghe, Sameera and Sherrah, Jamie and Lucey, Simon},
  booktitle={European Conference on Computer Vision},
  pages={264--280},
  year={2022},
  organization={Springer}
}
% Dbarf (CVPR23)
@inproceedings{chen2023dbarf,
  title={Dbarf: Deep bundle-adjusting generalizable neural radiance fields},
  author={Chen, Yu and Lee, Gim Hee},
  booktitle={Proceedings of the IEEE/CVF Conference on Computer Vision and Pattern Recognition},
  pages={24--34},
  year={2023}
}
% L2G-NeRF (CVPR23)
@inproceedings{chen2023local,
  title={Local-to-global registration for bundle-adjusting neural radiance fields},
  author={Chen, Yue and Chen, Xingyu and Wang, Xuan and Zhang, Qi and Guo, Yu and Shan, Ying and Wang, Fei},
  booktitle={Proceedings of the IEEE/CVF Conference on Computer Vision and Pattern Recognition},
  pages={8264--8273},
  year={2023}
}

% Camp (SA23)
@article{park2023camp,
  title={Camp: Camera preconditioning for neural radiance fields},
  author={Park, Keunhong and Henzler, Philipp and Mildenhall, Ben and Barron, Jonathan T and Martin-Brualla, Ricardo},
  journal={ACM Transactions on Graphics (TOG)},
  volume={42},
  number={6},
  pages={1--11},
  year={2023},
  publisher={ACM New York, NY, USA}
}
% Colmap-free GS (CVPR24)
@inproceedings{fu2024colmap,
  title={Colmap-free 3d gaussian splatting},
  author={Fu, Yang and Liu, Sifei and Kulkarni, Amey and Kautz, Jan and Efros, Alexei A and Wang, Xiaolong},
  booktitle={Proceedings of the IEEE conference on computer vision and pattern recognition},
  year={2024}
}
%OpenMVG
@inproceedings{moulon2013global,
  title={Global fusion of relative motions for robust, accurate and scalable structure from motion},
  author={Moulon, Pierre and Monasse, Pascal and Marlet, Renaud},
  booktitle={Proceedings of the IEEE International Conference on Computer Vision},
  pages={3248--3255},
  year={2013}
}
@inproceedings{schonberger2016structure,
  title={Structure-from-motion revisited},
  author={Schonberger, Johannes L and Frahm, Jan-Michael},
  booktitle={Proceedings of the IEEE conference on computer vision and pattern recognition},
  pages={4104--4113},
  year={2016}
}

% SLAM - GS
@inproceedings{hhuang2024photoslam,
	title = {Photo-SLAM: Real-time Simultaneous Localization and Photorealistic Mapping for Monocular, Stereo, and RGB-D Cameras},
	author = {Huang, Huajian and Li, Longwei and Cheng Hui and Yeung, Sai-Kit},
	booktitle = {Proceedings of the IEEE/CVF Conference on Computer Vision and Pattern Recognition},
	year = {2024}
}
@inproceedings{matsuki_and_murai2024gsslam,
  title={{G}aussian {S}platting {SLAM}},
  author={Hidenobu Matsuki and Riku Murai and Paul H. J. Kelly and Andrew J. Davison},
  booktitle={Proceedings of the IEEE/CVF Conference on Computer Vision and Pattern Recognition},
  year={2024}
}
@inproceedings{yan2023gsslam,
  author    = {Yan, Chi and Qu, Delin and Xu, Dan and Zhao, Bin and Wang, Zhigang and Wang, Dong and Li, Xuelong},
  title     = {GS-SLAM: Dense Visual SLAM with 3D Gaussian Splatting},
  booktitle = {CVPR},
  year      ={2024},
}
@inproceedings{keetha2024splatam,
        title={SplaTAM: Splat, Track \& Map 3D Gaussians for Dense RGB-D SLAM},
        author={Keetha, Nikhil and Karhade, Jay and Jatavallabhula, Krishna Murthy and Yang, Gengshan and Scherer, Sebastian and Ramanan, Deva and Luiten, Jonathon},
        booktitle={Proceedings of the IEEE/CVF Conference on Computer Vision and Pattern Recognition},
        year={2024}
      }


%%% Camera model
% rational model
@inproceedings{claus2005rational,
  title={A rational function lens distortion model for general cameras},
  author={Claus, David and Fitzgibbon, Andrew W},
  booktitle={2005 IEEE Computer Society Conference on Computer Vision and Pattern Recognition (CVPR'05)},
  volume={1},
  pages={213--219},
  year={2005},
  organization={IEEE}
}

%division model
@inproceedings{fitzgibbon2001simultaneous,
  title={Simultaneous linear estimation of multiple view geometry and lens distortion},
  author={Fitzgibbon, Andrew W},
  booktitle={Proceedings of the 2001 IEEE Computer Society Conference on Computer Vision and Pattern Recognition.},
  volume={1},
  pages={I--I},
  year={2001},
  organization={IEEE}
}
% FoV model
@article{devernay2001straight,
  title={Straight lines have to be straight},
  author={Devernay, Frederic and Faugeras, Olivier},
  journal={Machine vision and applications},
  volume={13},
  pages={14--24},
  year={2001},
  publisher={Springer}
}
% radial
@article{duane1971close,
  title={Close-range camera calibration},
  author={Duane, C Brown},
  journal={Photogramm. Eng},
  volume={37},
  number={8},
  pages={855--866},
  year={1971}
}
@article{kilpela1981compensation,
  title={Compensation of systematic errors of image and model coordinates},
  author={Kilpel{\"a}, Einari},
  journal={Photogrammetria},
  volume={37},
  number={1},
  pages={15--44},
  year={1981},
  publisher={Elsevier}
}

% General camera model
@inproceedings{grossberg2001general,
  title={A general imaging model and a method for finding its parameters},
  author={Grossberg, Michael D and Nayar, Shree K},
  booktitle={Proceedings Eighth IEEE International Conference on Computer Vision. ICCV 2001},
  volume={2},
  pages={108--115},
  year={2001},
  organization={IEEE}
}
@inproceedings{ramalingam2005towards,
  title={Towards complete generic camera calibration},
  author={Ramalingam, Srikumar and Sturm, Peter and Lodha, Suresh K},
  booktitle={2005 IEEE Computer Society Conference on Computer Vision and Pattern Recognition (CVPR'05)},
  volume={1},
  pages={1093--1098},
  year={2005},
  organization={IEEE}
}
@article{hartley2007parameter,
  title={Parameter-free radial distortion correction with center of distortion estimation},
  author={Hartley, Richard and Kang, Sing Bing},
  journal={IEEE Transactions on Pattern Analysis and Machine Intelligence},
  volume={29},
  number={8},
  pages={1309--1321},
  year={2007},
  publisher={IEEE}
}
@inproceedings{camposeco2015non,
  title={Non-parametric structure-based calibration of radially symmetric cameras},
  author={Camposeco, Federico and Sattler, Torsten and Pollefeys, Marc},
  booktitle={Proceedings of the IEEE International Conference on Computer Vision},
  pages={2192--2200},
  year={2015}
}
%%%%% Related Work - END%%%%%

%%%%% Method & Experiment - START %%%%
@article{zwicker2002ewa,
  title={EWA splatting},
  author={Zwicker, Matthias and Pfister, Hanspeter and Van Baar, Jeroen and Gross, Markus},
  journal={IEEE Transactions on Visualization and Computer Graphics},
  volume={8},
  number={3},
  pages={223--238},
  year={2002},
  publisher={IEEE}
}

@article{sun2017weighted,
  title={Weighted-to-spherically-uniform quality evaluation for omnidirectional video},
  author={Sun, Yule and Lu, Ang and Yu, Lu},
  journal={IEEE signal processing letters},
  volume={24},
  number={9},
  pages={1408--1412},
  year={2017},
  publisher={IEEE}
}

@inproceedings{yun2023egformer,
  title={Egformer: Equirectangular geometry-biased transformer for 360 depth estimation},
  author={Yun, Ilwi and Shin, Chanyong and Lee, Hyunku and Lee, Hyuk-Jae and Rhee, Chae Eun},
  booktitle={Proceedings of the IEEE/CVF International Conference on Computer Vision},
  pages={6101--6112},
  year={2023}
}
%%%%% Method & Experiment - END %%%%