@article{CSTRM,
  author       = {Xiang Liu and
                  Xiaoying Tan and
                  Yuchun Guo and
                  Yishuai Chen and
                  Zhe Zhang},
  title        = {{CSTRM:} Contrastive Self-Supervised Trajectory Representation Model
                  for trajectory similarity computation},
  journal      = {Comput. Commun.},
  volume       = {185},
  pages        = {159--167},
  year         = {2022}
}

@inproceedings{DeepWalk,
  author       = {Bryan Perozzi and
                  Rami Al{-}Rfou and
                  Steven Skiena},
  title        = {DeepWalk: online learning of social representations},
  booktitle    = {{KDD}},
  pages        = {701--710},
  publisher    = {{ACM}},
  year         = {2014}
}

@inproceedings{GraphSAGE,
  author       = {William L. Hamilton and
                  Zhitao Ying and
                  Jure Leskovec},
  title        = {Inductive Representation Learning on Large Graphs},
  booktitle    = {{NIPS}},
  pages        = {1024--1034},
  year         = {2017}
}

@inproceedings{HRNR,
  author       = {Ning Wu and
                  Wayne Xin Zhao and
                  Jingyuan Wang and
                  Dayan Pan},
  title        = {Learning Effective Road Network Representation with Hierarchical Graph
                  Neural Networks},
  booktitle    = {{KDD}},
  pages        = {6--14},
  publisher    = {{ACM}},
  year         = {2020}
}

@inproceedings{IRN2Vec,
  author       = {Mengxiang Wang and
                  Wang{-}Chien Lee and
                  Tao{-}Yang Fu and
                  Ge Yu},
  title        = {Learning Embeddings of Intersections on Road Networks},
  booktitle    = {{SIGSPATIAL/GIS}},
  pages        = {309--318},
  publisher    = {{ACM}},
  year         = {2019}
}

@inproceedings{JCLRNT,
  author       = {Zhenyu Mao and
                  Ziyue Li and
                  Dedong Li and
                  Lei Bai and
                  Rui Zhao},
  title        = {Jointly Contrastive Representation Learning on Road Network and Trajectory},
  booktitle    = {{CIKM}},
  pages        = {1501--1510},
  publisher    = {{ACM}},
  year         = {2022}
}

@inproceedings{LINE,
  author       = {Jian Tang and
                  Meng Qu and
                  Mingzhe Wang and
                  Ming Zhang and
                  Jun Yan and
                  Qiaozhu Mei},
  title        = {{LINE:} Large-scale Information Network Embedding},
  booktitle    = {{WWW}},
  pages        = {1067--1077},
  publisher    = {{ACM}},
  year         = {2015}
}

@article{MMTEC,
  title={Pre-Training General Trajectory Embeddings With Maximum Multi-View Entropy Coding},
  author={Lin, Yan and Wan, Huaiyu and Guo, Shengnan and Hu, Jilin and Jensen, Christian S and Lin, Youfang},
  journal={IEEE Transactions on Knowledge and Data Engineering},
  year={2023},
  publisher={IEEE}
}

@inproceedings{PIM,
  author    = {Sean Bin Yang and
               Chenjuan Guo and
               Jilin Hu and
               Jian Tang and
               Bin Yang},
  title     = {Unsupervised Path Representation Learning with Curriculum Negative
               Sampling},
  booktitle = {Proceedings of the Thirtieth International Joint Conference on Artificial
               Intelligence, {IJCAI} 2021},
  pages     = {3286--3292},
  publisher = {ijcai.org},
  year      = {2021},
}

@inproceedings{SARN,
  author       = {Yanchuan Chang and
                  Egemen Tanin and
                  Xin Cao and
                  Jianzhong Qi},
  title        = {Spatial Structure-Aware Road Network Embedding via Graph Contrastive
                  Learning},
  booktitle    = {{EDBT}},
  pages        = {144--156},
  publisher    = {OpenProceedings.org},
  year         = {2023}
}

@inproceedings{START,
  author       = {Jiawei Jiang and
                  Dayan Pan and
                  Houxing Ren and
                  Xiaohan Jiang and
                  Chao Li and
                  Jingyuan Wang},
  title        = {Self-supervised Trajectory Representation Learning with Temporal Regularities
                  and Travel Semantics},
  booktitle    = {{ICDE}},
  pages        = {843--855},
  publisher    = {{IEEE}},
  year         = {2023}
}

@inproceedings{TMRN,
  author       = {Guoying Zhu and
                  Yu Sang and
                  Wei Chen and
                  Lei Zhao},
  title        = {When Self-attention and Topological Structure Make a Difference: Trajectory
                  Modeling in Road Networks},
  booktitle    = {APWeb/WAIM {(3)}},
  series       = {Lecture Notes in Computer Science},
  volume       = {13423},
  pages        = {381--396},
  publisher    = {Springer},
  year         = {2022}
}

@inproceedings{Toast,
  author       = {Yile Chen and
                  Xiucheng Li and
                  Gao Cong and
                  Zhifeng Bao and
                  Cheng Long and
                  Yiding Liu and
                  Arun Kumar Chandran and
                  Richard Ellison},
  title        = {Robust Road Network Representation Learning: When Traffic Patterns
                  Meet Traveling Semantics},
  booktitle    = {{CIKM}},
  pages        = {211--220},
  publisher    = {{ACM}},
  year         = {2021}
}

@article{Trembr,
  title={Trembr: Exploring road networks for trajectory representation learning},
  author={Fu, Tao-Yang and Lee, Wang-Chien},
  journal={ACM Transactions on Intelligent Systems and Technology (TIST)},
  volume={11},
  number={1},
  pages={1--25},
  year={2020},
  publisher={ACM New York, NY, USA}
}

@inproceedings{WSCCL,
  author       = {Sean Bin Yang and
                  Chenjuan Guo and
                  Jilin Hu and
                  Bin Yang and
                  Jian Tang and
                  Christian S. Jensen},
  title        = {Weakly-supervised Temporal Path Representation Learning with Contrastive
                  Curriculum Learning},
  booktitle    = {{ICDE}},
  pages        = {2873--2885},
  publisher    = {{IEEE}},
  year         = {2022}
}

@article{chen,
  title={A Multiview Representation Learning Framework for Large-Scale Urban Road Networks},
  author={Chen, Kaiqi and Chu, Guowei and Lei, Kaiyuan and Shi, Yan and Deng, Min},
  journal={Applied Sciences},
  volume={12},
  number={13},
  pages={6301},
  year={2022},
  publisher={MDPI}
}

@inproceedings{node2vec,
  author       = {Aditya Grover and
                  Jure Leskovec},
  title        = {node2vec: Scalable Feature Learning for Networks},
  booktitle    = {{KDD}},
  pages        = {855--864},
  publisher    = {{ACM}},
  year         = {2016}
}

@inproceedings{t2vec,
  author    = {Xiucheng Li and
               Kaiqi Zhao and
               Gao Cong and
               Christian S. Jensen and
               Wei Wei},
  title     = {Deep Representation Learning for Trajectory Similarity Computation},
  booktitle = {{ICDE}},
  pages     = {617--628},
  publisher = {{IEEE} Computer Society},
  year      = {2018},
}

@inproceedings{trajectory2vec,
  title={Trajectory clustering via deep representation learning},
  author={Yao, Di and Zhang, Chao and Zhu, Zhihua and Huang, Jianhui and Bi, Jingping},
  booktitle={2017 international joint conference on neural networks (IJCNN)},
  pages={3880--3887},
  year={2017},
  organization={IEEE}
}

@article{yu2024bigcity,
  title={BIGCity: A Universal Spatiotemporal Model for Unified Trajectory and Traffic State Data Analysis},
  author={Yu, Xie and Wang, Jingyuan and Yang, Yifan and Huang, Qian and Qu, Ke},
  journal={arXiv preprint arXiv:2412.00953},
  year={2024}
}

