@inproceedings{toshniwal2022chess,
  title={Chess as a testbed for language model state tracking},
  author={Toshniwal, Shubham and Wiseman, Sam and Livescu, Karen and Gimpel, Kevin},
  booktitle={Proceedings of the AAAI Conference on Artificial Intelligence},
  volume={36},
  pages={11385--11393},
  year={2022}
}

@inproceedings{prakash2023fine,
  title={Fine-Tuning Enhances Existing Mechanisms: A Case Study on Entity Tracking},
  author={Prakash, Nikhil and Shaham, Tamar Rott and Haklay, Tal and Belinkov, Yonatan and Bau, David},
  booktitle={Proceedings of the 2024 International Conference on Learning Representations},
  note={arXiv:2402.14811},
  year={2024}
}

@inproceedings{vaswani2017attention,
 author = {Vaswani, Ashish and Shazeer, Noam and Parmar, Niki and Uszkoreit, Jakob and Jones, Llion and Gomez, Aidan N and Kaiser, \L ukasz and Polosukhin, Illia},
 booktitle = {Advances in Neural Information Processing Systems},
 editor = {I. Guyon and U. Von Luxburg and S. Bengio and H. Wallach and R. Fergus and S. Vishwanathan and R. Garnett},
 pages = {},
 publisher = {Curran Associates, Inc.},
 title = {Attention is All you Need},
 url = {https://proceedings.neurips.cc/paper_files/paper/2017/file/3f5ee243547dee91fbd053c1c4a845aa-Paper.pdf},
 volume = {30},
 year = {2017}
}

@article{radford2019language,
  title={Language models are unsupervised multitask learners},
  author={Radford, Alec and Wu, Jeffrey and Child, Rewon and Luan, David and Amodei, Dario and Sutskever, Ilya and others},
  journal={OpenAI blog},
  volume={1},
  number={8},
  pages={9},
  year={2019}
}

@article{kim2024codepretrainingimprovesentity,
      title={Code Pretraining Improves Entity Tracking Abilities of Language Models}, 
      author={Najoung Kim and Sebastian Schuster and Shubham Toshniwal},
      year={2024},
      journal={arXiv preprint},
      eprint={2405.21068},
      archivePrefix={arXiv},
      primaryClass={cs.CL},
      url={https://arxiv.org/abs/2405.21068}, 
}

@inproceedings{yoneda2024statler,
  title={Statler: State-maintaining language models for embodied reasoning},
  author={Yoneda, Takuma and Fang, Jiading and Li, Peng and Zhang, Huanyu and Jiang, Tianchong and Lin, Shengjie and Picker, Ben and Yunis, David and Mei, Hongyuan and Walter, Matthew R},
  booktitle={2024 IEEE International Conference on Robotics and Automation (ICRA)},
  pages={15083--15091},
  year={2024},
  organization={IEEE}
}

@misc{yang2023foundationmodelsdecisionmaking,
      title={Foundation Models for Decision Making: Problems, Methods, and Opportunities}, 
      author={Sherry Yang and Ofir Nachum and Yilun Du and Jason Wei and Pieter Abbeel and Dale Schuurmans},
      year={2023},
      eprint={2303.04129},
      archivePrefix={arXiv},
      primaryClass={cs.AI},
      url={https://arxiv.org/abs/2303.04129}, 
}

@misc{deepseekai2025deepseekr1incentivizingreasoningcapability,
      title={DeepSeek-R1: Incentivizing Reasoning Capability in LLMs via Reinforcement Learning}, 
      author={DeepSeek-AI and Daya Guo and Dejian Yang and Haowei Zhang and Junxiao Song and Ruoyu Zhang and Runxin Xu and Qihao Zhu and Shirong Ma and Peiyi Wang and Xiao Bi and Xiaokang Zhang and Xingkai Yu and Yu Wu and Z. F. Wu and Zhibin Gou and Zhihong Shao and Zhuoshu Li and Ziyi Gao and Aixin Liu and Bing Xue and Bingxuan Wang and Bochao Wu and Bei Feng and Chengda Lu and Chenggang Zhao and Chengqi Deng and Chenyu Zhang and Chong Ruan and Damai Dai and Deli Chen and Dongjie Ji and Erhang Li and Fangyun Lin and Fucong Dai and Fuli Luo and Guangbo Hao and Guanting Chen and Guowei Li and H. Zhang and Han Bao and Hanwei Xu and Haocheng Wang and Honghui Ding and Huajian Xin and Huazuo Gao and Hui Qu and Hui Li and Jianzhong Guo and Jiashi Li and Jiawei Wang and Jingchang Chen and Jingyang Yuan and Junjie Qiu and Junlong Li and J. L. Cai and Jiaqi Ni and Jian Liang and Jin Chen and Kai Dong and Kai Hu and Kaige Gao and Kang Guan and Kexin Huang and Kuai Yu and Lean Wang and Lecong Zhang and Liang Zhao and Litong Wang and Liyue Zhang and Lei Xu and Leyi Xia and Mingchuan Zhang and Minghua Zhang and Minghui Tang and Meng Li and Miaojun Wang and Mingming Li and Ning Tian and Panpan Huang and Peng Zhang and Qiancheng Wang and Qinyu Chen and Qiushi Du and Ruiqi Ge and Ruisong Zhang and Ruizhe Pan and Runji Wang and R. J. Chen and R. L. Jin and Ruyi Chen and Shanghao Lu and Shangyan Zhou and Shanhuang Chen and Shengfeng Ye and Shiyu Wang and Shuiping Yu and Shunfeng Zhou and Shuting Pan and S. S. Li and Shuang Zhou and Shaoqing Wu and Shengfeng Ye and Tao Yun and Tian Pei and Tianyu Sun and T. Wang and Wangding Zeng and Wanjia Zhao and Wen Liu and Wenfeng Liang and Wenjun Gao and Wenqin Yu and Wentao Zhang and W. L. Xiao and Wei An and Xiaodong Liu and Xiaohan Wang and Xiaokang Chen and Xiaotao Nie and Xin Cheng and Xin Liu and Xin Xie and Xingchao Liu and Xinyu Yang and Xinyuan Li and Xuecheng Su and Xuheng Lin and X. Q. Li and Xiangyue Jin and Xiaojin Shen and Xiaosha Chen and Xiaowen Sun and Xiaoxiang Wang and Xinnan Song and Xinyi Zhou and Xianzu Wang and Xinxia Shan and Y. K. Li and Y. Q. Wang and Y. X. Wei and Yang Zhang and Yanhong Xu and Yao Li and Yao Zhao and Yaofeng Sun and Yaohui Wang and Yi Yu and Yichao Zhang and Yifan Shi and Yiliang Xiong and Ying He and Yishi Piao and Yisong Wang and Yixuan Tan and Yiyang Ma and Yiyuan Liu and Yongqiang Guo and Yuan Ou and Yuduan Wang and Yue Gong and Yuheng Zou and Yujia He and Yunfan Xiong and Yuxiang Luo and Yuxiang You and Yuxuan Liu and Yuyang Zhou and Y. X. Zhu and Yanhong Xu and Yanping Huang and Yaohui Li and Yi Zheng and Yuchen Zhu and Yunxian Ma and Ying Tang and Yukun Zha and Yuting Yan and Z. Z. Ren and Zehui Ren and Zhangli Sha and Zhe Fu and Zhean Xu and Zhenda Xie and Zhengyan Zhang and Zhewen Hao and Zhicheng Ma and Zhigang Yan and Zhiyu Wu and Zihui Gu and Zijia Zhu and Zijun Liu and Zilin Li and Ziwei Xie and Ziyang Song and Zizheng Pan and Zhen Huang and Zhipeng Xu and Zhongyu Zhang and Zhen Zhang},
      year={2025},
      eprint={2501.12948},
      archivePrefix={arXiv},
      primaryClass={cs.CL},
      url={https://arxiv.org/abs/2501.12948}, 
}

@article{HOBBS1978311,
title = {Resolving pronoun references},
journal = {Lingua},
volume = {44},
number = {4},
pages = {311-338},
year = {1978},
issn = {0024-3841},
doi = {https://doi.org/10.1016/0024-3841(78)90006-2},
url = {https://www.sciencedirect.com/science/article/pii/0024384178900062},
author = {Jerry R. Hobbs},
abstract = {}
}

@inproceedings{
li2023emergent,
title={Emergent World Representations: Exploring a Sequence Model Trained on a Synthetic Task},
author={Kenneth Li and Aspen K Hopkins and David Bau and Fernanda Vi{\'e}gas and Hanspeter Pfister and Martin Wattenberg},
booktitle={The Eleventh International Conference on Learning Representations },
year={2023},
url={https://openreview.net/forum?id=DeG07_TcZvT}
}

@inproceedings{sharma2024vision,
  title={A Vision Check-up for Language Models},
  author={Sharma, Pratyusha and Rott Shaham, Tamar and Baradad, Manel and Fu, Stephanie and Rodriguez-Munoz, Adrian and Duggal, Shivam and Isola, Phillip and Torralba, Antonio},
  booktitle={arXiv preprint},
  year={2024}
}

@misc{Anthropic2024ClaudeSonnet,
  author       = {Anthropic},
  title        = {{Claude 3.5 Sonnet}},
  howpublished = {Anthropic Announcement (June 21, 2024)},
  year         = {2024},
  url          = {https://www.anthropic.com/news/claude-3-5-sonnet}
}

@misc{Hassabis2024Gemini2Flash,
  author       = {Demis Hassabis and Koray Kavukcuoglu},
  title        = {{Introducing Gemini 2.0: our new AI model for the agentic era}},
  howpublished = {Google DeepMind Blog (Dec. 11, 2024)},
  year         = {2024},
  url          = {https://blog.google/technology/google-deepmind/google-gemini-ai-update-december-2024/}
}

@misc{OpenAI2024GPT4oMini,
  author       = {OpenAI},
  title        = {{GPT-4o mini: advancing cost-efficient intelligence}},
  howpublished = {OpenAI Blog (July 18, 2024)},
  year         = {2024},
  url          = {https://openai.com/index/gpt-4o-mini-advancing-cost-efficient-intelligence}
}

@misc{OpenAI2024HelloGPT4o,
  author       = {OpenAI},
  title        = {{Hello GPT-4o}},
  howpublished = {OpenAI Announcement (May 13, 2024)},
  year         = {2024},
  url          = {https://openai.com/index/hello-gpt-4o}
}

@misc{OpenAI2024o1mini,
  author       = {OpenAI},
  title        = {{Introducing OpenAI o1-preview and o1-mini}},
  howpublished = {OpenAI Release Notes (Sept. 12, 2024)},
  year         = {2024},
  url          = {https://help.openai.com/en/articles/9624314-model-release-notes}
}

@misc{OpenAI2024o1,
  author       = {OpenAI},
  title        = {{Introducing OpenAI o1-preview and o1-mini}},
  howpublished = {OpenAI Release Notes (Sept. 12, 2024)},
  year         = {2024},
  url          = {https://help.openai.com/en/articles/9624314-model-release-notes}
}

@misc{OpenAI2025o3mini,
  author       = {OpenAI},
  title        = {{OpenAI o3-mini System Card}},
  howpublished = {OpenAI Technical Report (Jan. 31, 2025)},
  year         = {2025},
  url          = {https://cdn.openai.com/o3-mini-system-card.pdf}
}

@book{Schank1977,
  author    = {Schank, Roger C. and Abelson, Robert P.},
  title     = {Scripts, Plans, Goals, and Understanding: An Inquiry into Human Knowledge Structures},
  publisher = {Lawrence Erlbaum Associates},
  address   = {Hillsdale, NJ},
  year      = {1977}
}

@article{liu2023brief,
  title={A brief survey on recent advances in coreference resolution},
  author={Liu, Ruicheng and Mao, Rui and Luu, Anh Tuan and Cambria, Erik},
  journal={Artificial Intelligence Review},
  volume={56},
  number={12},
  pages={14439--14481},
  year={2023},
  publisher={Springer}
}

@inproceedings{papalampidi2022towards,
  title={Towards coherent and consistent use of entities in narrative generation},
  author={Papalampidi, Pinelopi and Cao, Kris and Kocisky, Tomas},
  booktitle={International Conference on Machine Learning},
  pages={17278--17294},
  year={2022},
  organization={PMLR}
}

@misc{minimax2025minimax01scalingfoundationmodels,
      title={MiniMax-01: Scaling Foundation Models with Lightning Attention}, 
      author={MiniMax and Aonian Li and Bangwei Gong and Bo Yang and Boji Shan and Chang Liu and Cheng Zhu and Chunhao Zhang and Congchao Guo and Da Chen and Dong Li and Enwei Jiao and Gengxin Li and Guojun Zhang and Haohai Sun and Houze Dong and Jiadai Zhu and Jiaqi Zhuang and Jiayuan Song and Jin Zhu and Jingtao Han and Jingyang Li and Junbin Xie and Junhao Xu and Junjie Yan and Kaishun Zhang and Kecheng Xiao and Kexi Kang and Le Han and Leyang Wang and Lianfei Yu and Liheng Feng and Lin Zheng and Linbo Chai and Long Xing and Meizhi Ju and Mingyuan Chi and Mozhi Zhang and Peikai Huang and Pengcheng Niu and Pengfei Li and Pengyu Zhao and Qi Yang and Qidi Xu and Qiexiang Wang and Qin Wang and Qiuhui Li and Ruitao Leng and Shengmin Shi and Shuqi Yu and Sichen Li and Songquan Zhu and Tao Huang and Tianrun Liang and Weigao Sun and Weixuan Sun and Weiyu Cheng and Wenkai Li and Xiangjun Song and Xiao Su and Xiaodong Han and Xinjie Zhang and Xinzhu Hou and Xu Min and Xun Zou and Xuyang Shen and Yan Gong and Yingjie Zhu and Yipeng Zhou and Yiran Zhong and Yongyi Hu and Yuanxiang Fan and Yue Yu and Yufeng Yang and Yuhao Li and Yunan Huang and Yunji Li and Yunpeng Huang and Yunzhi Xu and Yuxin Mao and Zehan Li and Zekang Li and Zewei Tao and Zewen Ying and Zhaoyang Cong and Zhen Qin and Zhenhua Fan and Zhihang Yu and Zhuo Jiang and Zijia Wu},
      year={2025},
      eprint={2501.08313},
      archivePrefix={arXiv},
      primaryClass={cs.CL},
      url={https://arxiv.org/abs/2501.08313}, 
}