@article{kim2024codepretrainingimprovesentity,
      title={Code Pretraining Improves Entity Tracking Abilities of Language Models}, 
      author={Najoung Kim and Sebastian Schuster and Shubham Toshniwal},
      year={2024},
      journal={arXiv preprint},
      eprint={2405.21068},
      archivePrefix={arXiv},
      primaryClass={cs.CL},
      url={https://arxiv.org/abs/2405.21068}, 
}

@inproceedings{prakash2023fine,
  title={Fine-Tuning Enhances Existing Mechanisms: A Case Study on Entity Tracking},
  author={Prakash, Nikhil and Shaham, Tamar Rott and Haklay, Tal and Belinkov, Yonatan and Bau, David},
  booktitle={Proceedings of the 2024 International Conference on Learning Representations},
  note={arXiv:2402.14811},
  year={2024}
}

@article{radford2019language,
  title={Language models are unsupervised multitask learners},
  author={Radford, Alec and Wu, Jeffrey and Child, Rewon and Luan, David and Amodei, Dario and Sutskever, Ilya and others},
  journal={OpenAI blog},
  volume={1},
  number={8},
  pages={9},
  year={2019}
}

@inproceedings{toshniwal2022chess,
  title={Chess as a testbed for language model state tracking},
  author={Toshniwal, Shubham and Wiseman, Sam and Livescu, Karen and Gimpel, Kevin},
  booktitle={Proceedings of the AAAI Conference on Artificial Intelligence},
  volume={36},
  pages={11385--11393},
  year={2022}
}

@inproceedings{vaswani2017attention,
 author = {Vaswani, Ashish and Shazeer, Noam and Parmar, Niki and Uszkoreit, Jakob and Jones, Llion and Gomez, Aidan N and Kaiser, \L ukasz and Polosukhin, Illia},
 booktitle = {Advances in Neural Information Processing Systems},
 editor = {I. Guyon and U. Von Luxburg and S. Bengio and H. Wallach and R. Fergus and S. Vishwanathan and R. Garnett},
 pages = {},
 publisher = {Curran Associates, Inc.},
 title = {Attention is All you Need},
 url = {https://proceedings.neurips.cc/paper_files/paper/2017/file/3f5ee243547dee91fbd053c1c4a845aa-Paper.pdf},
 volume = {30},
 year = {2017}
}

@inproceedings{yoneda2024statler,
  title={Statler: State-maintaining language models for embodied reasoning},
  author={Yoneda, Takuma and Fang, Jiading and Li, Peng and Zhang, Huanyu and Jiang, Tianchong and Lin, Shengjie and Picker, Ben and Yunis, David and Mei, Hongyuan and Walter, Matthew R},
  booktitle={2024 IEEE International Conference on Robotics and Automation (ICRA)},
  pages={15083--15091},
  year={2024},
  organization={IEEE}
}

