@inproceedings{assran2023self,
  title={Self-supervised learning from images with a joint-embedding predictive architecture},
  author={Assran, Mahmoud and Duval, Quentin and Misra, Ishan and Bojanowski, Piotr and Vincent, Pascal and Rabbat, Michael and LeCun, Yann and Ballas, Nicolas},
  booktitle={Proceedings of the IEEE/CVF Conference on Computer Vision and Pattern Recognition},
  pages={15619--15629},
  year={2023}
}

@article{bardes2021vicreg,
  title={Vicreg: Variance-invariance-covariance regularization for self-supervised learning},
  author={Bardes, Adrien and Ponce, Jean and LeCun, Yann},
  journal={arXiv preprint arXiv:2105.04906},
  year={2021}
}

@inproceedings{chen2020simple,
  title={A simple framework for contrastive learning of visual representations},
  author={Chen, Ting and Kornblith, Simon and Norouzi, Mohammad and Hinton, Geoffrey},
  booktitle={International conference on machine learning},
  pages={1597--1607},
  year={2020},
  organization={PMLR}
}

@inproceedings{chen2021exploring,
  title={Exploring simple siamese representation learning},
  author={Chen, Xinlei and He, Kaiming},
  booktitle={Proceedings of the IEEE/CVF conference on computer vision and pattern recognition},
  pages={15750--15758},
  year={2021}
}

@article{dai2022ctrl,
  title={Ctrl: Closed-loop transcription to an ldr via minimaxing rate reduction},
  author={Dai, Xili and Tong, Shengbang and Li, Mingyang and Wu, Ziyang and Psenka, Michael and Chan, Kwan Ho Ryan and Zhai, Pengyuan and Yu, Yaodong and Yuan, Xiaojun and Shum, Heung-Yeung and others},
  journal={Entropy},
  volume={24},
  number={4},
  pages={456},
  year={2022},
  publisher={MDPI}
}

@article{grill2020bootstrap,
  title={Bootstrap your own latent-a new approach to self-supervised learning},
  author={Grill, Jean-Bastien and Strub, Florian and Altch{\'e}, Florent and Tallec, Corentin and Richemond, Pierre and Buchatskaya, Elena and Doersch, Carl and Avila Pires, Bernardo and Guo, Zhaohan and Gheshlaghi Azar, Mohammad and others},
  journal={Advances in neural information processing systems},
  volume={33},
  pages={21271--21284},
  year={2020}
}

@inproceedings{he2020momentum,
  title={Momentum contrast for unsupervised visual representation learning},
  author={He, Kaiming and Fan, Haoqi and Wu, Yuxin and Xie, Saining and Girshick, Ross},
  booktitle={Proceedings of the IEEE/CVF conference on computer vision and pattern recognition},
  pages={9729--9738},
  year={2020}
}

@article{ma2007segmentation,
  title={Segmentation of multivariate mixed data via lossy data coding and compression},
  author={Ma, Yi and Derksen, Harm and Hong, Wei and Wright, John},
  journal={IEEE transactions on pattern analysis and machine intelligence},
  volume={29},
  number={9},
  pages={1546--1562},
  year={2007},
  publisher={IEEE}
}

@article{mo2024connecting,
  title={Connecting Joint-Embedding Predictive Architecture with Contrastive Self-supervised Learning},
  author={Mo, Shentong and Tong, Shengbang},
  journal={arXiv preprint arXiv:2410.19560},
  year={2024}
}

@inproceedings{pai2023masked,
  title={Masked completion via structured diffusion with white-box transformers},
  author={Pai, Druv and Wu, Ziyang Wu and Buchanan, Sam and Yu, Yaodong and Ma, Yi},
  year={2023},
  organization={International Conference on Learning Representations}
}

@article{schaeffer2024towards,
  title={Towards an Improved Understanding and Utilization of Maximum Manifold Capacity Representations},
  author={Schaeffer, Rylan and Lecomte, Victor and Pai, Dhruv Bhandarkar and Carranza, Andres and Isik, Berivan and Unell, Alyssa and Khona, Mikail and Yerxa, Thomas and LeCun, Yann and Chung, SueYeon and others},
  journal={arXiv preprint arXiv:2406.09366},
  year={2024}
}

@article{tong2022unsupervised,
  title={Unsupervised learning of structured representations via closed-loop transcription},
  author={Tong, Shengbang and Dai, Xili and Chen, Yubei and Li, Mingyang and Li, Zengyi and Yi, Brent and LeCun, Yann and Ma, Yi},
  journal={arXiv preprint arXiv:2210.16782},
  year={2022}
}

@article{wu2024token,
  title={Token Statistics Transformer: Linear-Time Attention via Variational Rate Reduction},
  author={Wu, Ziyang and Ding, Tianjiao and Lu, Yifu and Pai, Druv and Zhang, Jingyuan and Wang, Weida and Yu, Yaodong and Ma, Yi and Haeffele, Benjamin D},
  journal={arXiv preprint arXiv:2412.17810},
  year={2024}
}

@article{yang2024scaling,
  title={Scaling White-Box Transformers for Vision},
  author={Yang, Jinrui and Li, Xianhang and Pai, Druv and Zhou, Yuyin and Ma, Yi and Yu, Yaodong and Xie, Cihang},
  journal={arXiv preprint arXiv:2405.20299},
  year={2024}
}

@article{yerxa2023learning,
  title={Learning efficient coding of natural images with maximum manifold capacity representations},
  author={Yerxa, Thomas and Kuang, Yilun and Simoncelli, Eero and Chung, SueYeon},
  journal={Advances in Neural Information Processing Systems},
  volume={36},
  pages={24103--24128},
  year={2023}
}

@article{yu2020learning,
  title={Learning diverse and discriminative representations via the principle of maximal coding rate reduction},
  author={Yu, Yaodong and Chan, Kwan Ho Ryan and You, Chong and Song, Chaobing and Ma, Yi},
  journal={Advances in neural information processing systems},
  volume={33},
  pages={9422--9434},
  year={2020}
}

@article{yu2023white,
  title={White-box transformers via sparse rate reduction},
  author={Yu, Yaodong and Buchanan, Sam and Pai, Druv and Chu, Tianzhe and Wu, Ziyang and Tong, Shengbang and Haeffele, Benjamin and Ma, Yi},
  journal={Advances in Neural Information Processing Systems},
  volume={36},
  pages={9422--9457},
  year={2023}
}

