@inproceedings{caron2021emerging,
  title={Emerging properties in self-supervised vision transformers},
  author={Caron, Mathilde and Touvron, Hugo and Misra, Ishan and J{\'e}gou, Herv{\'e} and Mairal, Julien and Bojanowski, Piotr and Joulin, Armand},
  booktitle={Proceedings of the IEEE/CVF international conference on computer vision},
  pages={9650--9660},
  year={2021}
}

@article{oquab2023dinov2,
  title={Dinov2: Learning robust visual features without supervision},
  author={Oquab, Maxime and Darcet, Timoth{\'e}e and Moutakanni, Th{\'e}o and Vo, Huy and Szafraniec, Marc and Khalidov, Vasil and Fernandez, Pierre and Haziza, Daniel and Massa, Francisco and El-Nouby, Alaaeldin and others},
  journal={arXiv preprint arXiv:2304.07193},
  year={2023}
}

@article{zhou2021ibot,
  title={iBOT: Image BERT pre-training with online tokenizer},
  author={Zhou, Jinghao and Wei, Chen and Wang, Huiyu and Shen, Wei and Xie, Cihang and Yuille, Alan and Kong, Tao},
  journal={arXiv preprint arXiv:2111.07832},
  year={2021}
}

@inproceedings{assran2023self,
  title={Self-supervised learning from images with a joint-embedding predictive architecture},
  author={Assran, Mahmoud and Duval, Quentin and Misra, Ishan and Bojanowski, Piotr and Vincent, Pascal and Rabbat, Michael and LeCun, Yann and Ballas, Nicolas},
  booktitle={Proceedings of the IEEE/CVF Conference on Computer Vision and Pattern Recognition},
  pages={15619--15629},
  year={2023}
}

@inproceedings{chen2021exploring,
  title={Exploring simple siamese representation learning},
  author={Chen, Xinlei and He, Kaiming},
  booktitle={Proceedings of the IEEE/CVF conference on computer vision and pattern recognition},
  pages={15750--15758},
  year={2021}
}

@article{yerxa2023learning,
  title={Learning efficient coding of natural images with maximum manifold capacity representations},
  author={Yerxa, Thomas and Kuang, Yilun and Simoncelli, Eero and Chung, SueYeon},
  journal={Advances in Neural Information Processing Systems},
  volume={36},
  pages={24103--24128},
  year={2023}
}

@article{schaeffer2024towards,
  title={Towards an Improved Understanding and Utilization of Maximum Manifold Capacity Representations},
  author={Schaeffer, Rylan and Lecomte, Victor and Pai, Dhruv Bhandarkar and Carranza, Andres and Isik, Berivan and Unell, Alyssa and Khona, Mikail and Yerxa, Thomas and LeCun, Yann and Chung, SueYeon and others},
  journal={arXiv preprint arXiv:2406.09366},
  year={2024}
}

@inproceedings{he2020momentum,
  title={Momentum contrast for unsupervised visual representation learning},
  author={He, Kaiming and Fan, Haoqi and Wu, Yuxin and Xie, Saining and Girshick, Ross},
  booktitle={Proceedings of the IEEE/CVF conference on computer vision and pattern recognition},
  pages={9729--9738},
  year={2020}
}

@inproceedings{he2022masked,
  title={Masked autoencoders are scalable vision learners},
  author={He, Kaiming and Chen, Xinlei and Xie, Saining and Li, Yanghao and Doll{\'a}r, Piotr and Girshick, Ross},
  booktitle={Proceedings of the IEEE/CVF conference on computer vision and pattern recognition},
  pages={16000--16009},
  year={2022}
}

@inproceedings{hadsell2006dimensionality,
  title={Dimensionality reduction by learning an invariant mapping},
  author={Hadsell, Raia and Chopra, Sumit and LeCun, Yann},
  booktitle={2006 IEEE computer society conference on computer vision and pattern recognition (CVPR'06)},
  volume={2},
  pages={1735--1742},
  year={2006},
  organization={IEEE}
}

@inproceedings{wu2018unsupervised,
  title={Unsupervised feature learning via non-parametric instance discrimination},
  author={Wu, Zhirong and Xiong, Yuanjun and Yu, Stella X and Lin, Dahua},
  booktitle={Proceedings of the IEEE conference on computer vision and pattern recognition},
  pages={3733--3742},
  year={2018}
}

@article{radford2018improving,
  title={Improving language understanding by generative pre-training},
  author={Radford, Alec and Narasimhan, Karthik and Salimans, Tim and Sutskever, Ilya},
  year={2018}
}

@article{devlin2018bert,
  title={Bert: Pre-training of deep bidirectional transformers for language understanding},
  author={Devlin, Jacob},
  journal={arXiv preprint arXiv:1810.04805},
  year={2018}
}

@article{brown2020language,
  title={Language models are few-shot learners},
  author={Brown, Tom and Mann, Benjamin and Ryder, Nick and Subbiah, Melanie and Kaplan, Jared D and Dhariwal, Prafulla and Neelakantan, Arvind and Shyam, Pranav and Sastry, Girish and Askell, Amanda and others},
  journal={Advances in neural information processing systems},
  volume={33},
  pages={1877--1901},
  year={2020}
}

@article{radford2019language,
  title={Language models are unsupervised multitask learners},
  author={Radford, Alec and Wu, Jeffrey and Child, Rewon and Luan, David and Amodei, Dario and Sutskever, Ilya and others},
  journal={OpenAI blog},
  volume={1},
  number={8},
  pages={9},
  year={2019}
}
@article{feichtenhofer2022masked,
  title={Masked autoencoders as spatiotemporal learners},
  author={Feichtenhofer, Christoph and Li, Yanghao and He, Kaiming and others},
  journal={Advances in neural information processing systems},
  volume={35},
  pages={35946--35958},
  year={2022}
}

@article{grill2020bootstrap,
  title={Bootstrap your own latent-a new approach to self-supervised learning},
  author={Grill, Jean-Bastien and Strub, Florian and Altch{\'e}, Florent and Tallec, Corentin and Richemond, Pierre and Buchatskaya, Elena and Doersch, Carl and Avila Pires, Bernardo and Guo, Zhaohan and Gheshlaghi Azar, Mohammad and others},
  journal={Advances in neural information processing systems},
  volume={33},
  pages={21271--21284},
  year={2020}
}

@article{bardes2021vicreg,
  title={Vicreg: Variance-invariance-covariance regularization for self-supervised learning},
  author={Bardes, Adrien and Ponce, Jean and LeCun, Yann},
  journal={arXiv preprint arXiv:2105.04906},
  year={2021}
}

@article{oord2018representation,
  title={Representation learning with contrastive predictive coding},
  author={Oord, Aaron van den and Li, Yazhe and Vinyals, Oriol},
  journal={arXiv preprint arXiv:1807.03748},
  year={2018}
}

@inproceedings{radford2021learning,
  title={Learning transferable visual models from natural language supervision},
  author={Radford, Alec and Kim, Jong Wook and Hallacy, Chris and Ramesh, Aditya and Goh, Gabriel and Agarwal, Sandhini and Sastry, Girish and Askell, Amanda and Mishkin, Pamela and Clark, Jack and others},
  booktitle={International conference on machine learning},
  pages={8748--8763},
  year={2021},
  organization={PMLR}
}

@article{ma2007segmentation,
  title={Segmentation of multivariate mixed data via lossy data coding and compression},
  author={Ma, Yi and Derksen, Harm and Hong, Wei and Wright, John},
  journal={IEEE transactions on pattern analysis and machine intelligence},
  volume={29},
  number={9},
  pages={1546--1562},
  year={2007},
  publisher={IEEE}
}

@article{yu2020learning,
  title={Learning diverse and discriminative representations via the principle of maximal coding rate reduction},
  author={Yu, Yaodong and Chan, Kwan Ho Ryan and You, Chong and Song, Chaobing and Ma, Yi},
  journal={Advances in neural information processing systems},
  volume={33},
  pages={9422--9434},
  year={2020}
}

@article{li2022neural,
  title={Neural manifold clustering and embedding},
  author={Li, Zengyi and Chen, Yubei and LeCun, Yann and Sommer, Friedrich T},
  journal={arXiv preprint arXiv:2201.10000},
  year={2022}
}

@article{baharoon2023towards,
  title={Towards general purpose vision foundation models for medical image analysis: An experimental study of DINOv2 on radiology benchmarks},
  author={Baharoon, Mohammed and Qureshi, Waseem and Ouyang, Jiahong and Xu, Yanwu and Phol, Kilian and Aljouie, Abdulrhman and Peng, Wei},
  journal={arXiv preprint arXiv:2312.02366},
  year={2023}
}

@inproceedings{wei2024stronger,
  title={Stronger Fewer \& Superior: Harnessing Vision Foundation Models for Domain Generalized Semantic Segmentation},
  author={Wei, Zhixiang and Chen, Lin and Jin, Yi and Ma, Xiaoxiao and Liu, Tianle and Ling, Pengyang and Wang, Ben and Chen, Huaian and Zheng, Jinjin},
  booktitle={Proceedings of the IEEE/CVF Conference on Computer Vision and Pattern Recognition},
  pages={28619--28630},
  year={2024}
}

@article{dosovitskiy2020image,
  title={An image is worth 16x16 words: Transformers for image recognition at scale},
  author={Dosovitskiy, Alexey},
  journal={arXiv preprint arXiv:2010.11929},
  year={2020}
}

@article{salimans2016weight,
  title={Weight normalization: A simple reparameterization to accelerate training of deep neural networks},
  author={Salimans, Tim and Kingma, Durk P},
  journal={Advances in neural information processing systems},
  volume={29},
  year={2016}
}

@inproceedings{touvron2021training,
  title={Training data-efficient image transformers \& distillation through attention},
  author={Touvron, Hugo and Cord, Matthieu and Douze, Matthijs and Massa, Francisco and Sablayrolles, Alexandre and J{\'e}gou, Herv{\'e}},
  booktitle={International conference on machine learning},
  pages={10347--10357},
  year={2021},
  organization={PMLR}
}

@article{delattre2017kozachenko,
  title={On the Kozachenko--Leonenko entropy estimator},
  author={Delattre, Sylvain and Fournier, Nicolas},
  journal={Journal of Statistical Planning and Inference},
  volume={185},
  pages={69--93},
  year={2017},
  publisher={Elsevier}
}

@article{caron2020unsupervised,
  title={Unsupervised learning of visual features by contrasting cluster assignments},
  author={Caron, Mathilde and Misra, Ishan and Mairal, Julien and Goyal, Priya and Bojanowski, Piotr and Joulin, Armand},
  journal={Advances in neural information processing systems},
  volume={33},
  pages={9912--9924},
  year={2020}
}

@article{cuturi2013sinkhorn,
  title={Sinkhorn distances: Lightspeed computation of optimal transport},
  author={Cuturi, Marco},
  journal={Advances in neural information processing systems},
  volume={26},
  year={2013}
}

@article{beirlant1997nonparametric,
  title={Nonparametric entropy estimation: An overview},
  author={Beirlant, Jan and Dudewicz, Edward J and Gy{\"o}rfi, L{\'a}szl{\'o} and Van der Meulen, Edward C and others},
  journal={International Journal of Mathematical and Statistical Sciences},
  volume={6},
  number={1},
  pages={17--39},
  year={1997},
  publisher={THESAURUS PUBLISHING}
}


@inproceedings{lin2014mscoco,
  title={Microsoft coco: Common objects in context},
  author={Lin, Tsung-Yi and Maire, Michael and Belongie, Serge and Hays, James and Perona, Pietro and Ramanan, Deva and Doll{\'a}r, Piotr and Zitnick, C Lawrence},
  booktitle={Computer Vision--ECCV 2014: 13th European Conference, Zurich, Switzerland, September 6-12, 2014, Proceedings, Part V 13},
  pages={740--755},
  year={2014},
  organization={Springer}
}

@inproceedings{wang2023cut,
  title={Cut and learn for unsupervised object detection and instance segmentation},
  author={Wang, Xudong and Girdhar, Rohit and Yu, Stella X and Misra, Ishan},
  booktitle={Proceedings of the IEEE/CVF Conference on Computer Vision and Pattern Recognition},
  pages={3124--3134},
  year={2023}
}

@article{kahn1953methods,
  title={Methods of reducing sample size in Monte Carlo computations},
  author={Kahn, Herman and Marshall, Andy W},
  journal={Journal of the Operations Research Society of America},
  volume={1},
  number={5},
  pages={263--278},
  year={1953},
  publisher={INFORMS}
}

@inproceedings{chen2020simple,
  title={A simple framework for contrastive learning of visual representations},
  author={Chen, Ting and Kornblith, Simon and Norouzi, Mohammad and Hinton, Geoffrey},
  booktitle={International conference on machine learning},
  pages={1597--1607},
  year={2020},
  organization={PMLR}
}

@article{dai2022ctrl,
  title={Ctrl: Closed-loop transcription to an ldr via minimaxing rate reduction},
  author={Dai, Xili and Tong, Shengbang and Li, Mingyang and Wu, Ziyang and Psenka, Michael and Chan, Kwan Ho Ryan and Zhai, Pengyuan and Yu, Yaodong and Yuan, Xiaojun and Shum, Heung-Yeung and others},
  journal={Entropy},
  volume={24},
  number={4},
  pages={456},
  year={2022},
  publisher={MDPI}
}

@article{yu2023white,
  title={White-box transformers via sparse rate reduction},
  author={Yu, Yaodong and Buchanan, Sam and Pai, Druv and Chu, Tianzhe and Wu, Ziyang and Tong, Shengbang and Haeffele, Benjamin and Ma, Yi},
  journal={Advances in Neural Information Processing Systems},
  volume={36},
  pages={9422--9457},
  year={2023}
}

@article{mo2024connecting,
  title={Connecting Joint-Embedding Predictive Architecture with Contrastive Self-supervised Learning},
  author={Mo, Shentong and Tong, Shengbang},
  journal={arXiv preprint arXiv:2410.19560},
  year={2024}
}

@article{tong2022unsupervised,
  title={Unsupervised learning of structured representations via closed-loop transcription},
  author={Tong, Shengbang and Dai, Xili and Chen, Yubei and Li, Mingyang and Li, Zengyi and Yi, Brent and LeCun, Yann and Ma, Yi},
  journal={arXiv preprint arXiv:2210.16782},
  year={2022}
}

@inproceedings{pai2023masked,
  title={Masked completion via structured diffusion with white-box transformers},
  author={Pai, Druv and Wu, Ziyang Wu and Buchanan, Sam and Yu, Yaodong and Ma, Yi},
  year={2023},
  organization={International Conference on Learning Representations}
}

@article{wu2024token,
  title={Token Statistics Transformer: Linear-Time Attention via Variational Rate Reduction},
  author={Wu, Ziyang and Ding, Tianjiao and Lu, Yifu and Pai, Druv and Zhang, Jingyuan and Wang, Weida and Yu, Yaodong and Ma, Yi and Haeffele, Benjamin D},
  journal={arXiv preprint arXiv:2412.17810},
  year={2024}
}

@article{yang2024scaling,
  title={Scaling White-Box Transformers for Vision},
  author={Yang, Jinrui and Li, Xianhang and Pai, Druv and Zhou, Yuyin and Ma, Yi and Yu, Yaodong and Xie, Cihang},
  journal={arXiv preprint arXiv:2405.20299},
  year={2024}
}

@article{loshchilov2017decoupled,
  title={Decoupled weight decay regularization},
  author={Loshchilov, I},
  journal={arXiv preprint arXiv:1711.05101},
  year={2017}
}

@article{Pont-Tuset_arXiv_2017,
  author = {Jordi Pont-Tuset and Federico Perazzi and Sergi Caelles and Pablo Arbel\'aez and Alexander Sorkine-Hornung and Luc {Van Gool}},
  title = {The 2017 DAVIS Challenge on Video Object Segmentation},
  journal = {arXiv:1704.00675},
  year = {2017}
}

@inproceedings{zhou2017scene,
  title={Scene parsing through ade20k dataset},
  author={Zhou, Bolei and Zhao, Hang and Puig, Xavier and Fidler, Sanja and Barriuso, Adela and Torralba, Antonio},
  booktitle={Proceedings of the IEEE conference on computer vision and pattern recognition},
  pages={633--641},
  year={2017}
}

@misc{darcet2024visiontransformersneedregisters,
      title={Vision Transformers Need Registers}, 
      author={Timothée Darcet and Maxime Oquab and Julien Mairal and Piotr Bojanowski},
      year={2024},
      eprint={2309.16588},
      archivePrefix={arXiv},
      primaryClass={cs.CV},
      url={https://arxiv.org/abs/2309.16588}, 
}
@misc{touvron2021goingdeeperimagetransformers,
      title={Going deeper with Image Transformers}, 
      author={Hugo Touvron and Matthieu Cord and Alexandre Sablayrolles and Gabriel Synnaeve and Hervé Jégou},
      year={2021},
      eprint={2103.17239},
      archivePrefix={arXiv},
      primaryClass={cs.CV},
      url={https://arxiv.org/abs/2103.17239}, 
}