@article{anychange,
  title={Segment any change},
  author={Zheng, Zhuo and Zhong, Yanfei and Zhang, Liangpei and Ermon, Stefano},
  journal={arXiv preprint arXiv:2402.01188},
  year={2024}
}

@article{ban,
  title={A new learning paradigm for foundation model-based remote-sensing change detection},
  author={Li, Kaiyu and Cao, Xiangyong and Meng, Deyu},
  journal={IEEE Transactions on Geoscience and Remote Sensing},
  volume={62},
  pages={1--12},
  year={2024},
  publisher={IEEE}
}

@article{bit,
  title={Remote sensing image change detection with transformers},
  author={Chen, Hao and Qi, Zipeng and Shi, Zhenwei},
  journal={IEEE Transactions on Geoscience and Remote Sensing},
  volume={60},
  pages={1--14},
  year={2021},
  publisher={IEEE}
}

@inproceedings{cdd,
  title={Constrained optical flow for aerial image change detection},
  author={Bourdis, Nicolas and Marraud, Denis and Sahbi, Hichem},
  booktitle={2011 IEEE international geoscience and remote sensing symposium},
  pages={4176--4179},
  year={2011},
  organization={IEEE}
}

@article{cgnet,
  title={Change guiding network: Incorporating change prior to guide change detection in remote sensing imagery},
  author={Han, Chengxi and Wu, Chen and Guo, Haonan and Hu, Meiqi and Li, Jiepan and Chen, Hongruixuan},
  journal={IEEE Journal of Selected Topics in Applied Earth Observations and Remote Sensing},
  year={2023},
  publisher={IEEE}
}

@inproceedings{changeformer,
  title={A transformer-based siamese network for change detection},
  author={Bandara, Wele Gedara Chaminda and Patel, Vishal M},
  booktitle={IGARSS 2022-2022 IEEE International Geoscience and Remote Sensing Symposium},
  pages={207--210},
  year={2022},
  organization={IEEE}
}

@article{changer,
  title={Changer: Feature interaction is what you need for change detection},
  author={Fang, Sheng and Li, Kaiyu and Li, Zhe},
  journal={IEEE Transactions on Geoscience and Remote Sensing},
  volume={61},
  pages={1--11},
  year={2023},
  publisher={IEEE}
}

@inproceedings{changestar,
  title={Change is everywhere: Single-temporal supervised object change detection in remote sensing imagery},
  author={Zheng, Zhuo and Ma, Ailong and Zhang, Liangpei and Zhong, Yanfei},
  booktitle={Proceedings of the IEEE/CVF international conference on computer vision},
  pages={15193--15202},
  year={2021}
}

@article{distill1,
  title={Domain knowledge-guided self-supervised change detection for remote sensing images},
  author={Yan, Li and Yang, Jianbing and Wang, Jian},
  journal={IEEE Journal of Selected Topics in Applied Earth Observations and Remote Sensing},
  volume={16},
  pages={4167--4179},
  year={2023},
  publisher={IEEE}
}

@article{distill2,
  title={Dual-Dimension Feature Interaction for Semantic Change Detection in Remote Sensing Images},
  author={Wang, Biao and Jiang, Zhenghao and Ma, Weichun and Xu, Xiao and Zhang, Peng and Wu, Yanlan and Yang, Hui},
  journal={IEEE Journal of Selected Topics in Applied Earth Observations and Remote Sensing},
  year={2024},
  publisher={IEEE}
}

@article{distill3,
  title={Knowledge distillation-based lightweight change detection in high-resolution remote sensing imagery for on-board processing},
  author={Wang, Guoqing and Zhang, Ning and Wang, Jue and Liu, Wenchao and Xie, Yizhuang and Chen, He},
  journal={IEEE Journal of Selected Topics in Applied Earth Observations and Remote Sensing},
  year={2024},
  publisher={IEEE}
}

@article{dsrkd,
  title={Dsrkd: Joint despecking and super-resolution of sar images via knowledge distillation},
  author={Liu, Ziyuan and Wang, Shaoping and Li, Ying and Gu, Yuantao and Yu, Quan},
  journal={IEEE Transactions on Geoscience and Remote Sensing},
  year={2024},
  publisher={IEEE}
}

@inproceedings{fcsn,
  title={Fully convolutional siamese networks for change detection},
  author={Daudt, Rodrigo Caye and Le Saux, Bertr and Boulch, Alexandre},
  booktitle={2018 25th IEEE international conference on image processing (ICIP)},
  pages={4063--4067},
  year={2018},
  organization={IEEE}
}

@article{hanet,
  title={HANet: A hierarchical attention network for change detection with bitemporal very-high-resolution remote sensing images},
  author={Han, Chengxi and Wu, Chen and Guo, Haonan and Hu, Meiqi and Chen, Hongruixuan},
  journal={IEEE Journal of Selected Topics in Applied Earth Observations and Remote Sensing},
  volume={16},
  pages={3867--3878},
  year={2023},
  publisher={IEEE}
}

@article{hinton,
  title={Distilling the Knowledge in a Neural Network},
  author={Hinton, Geoffrey},
  journal={arXiv preprint arXiv:1503.02531},
  year={2015}
}

@article{ifn,
  title={A deeply supervised image fusion network for change detection in high resolution bi-temporal remote sensing images},
  author={Zhang, Chenxiao and Yue, Peng and Tapete, Deodato and Jiang, Liangcun and Shangguan, Boyi and Huang, Li and Liu, Guangchao},
  journal={ISPRS Journal of Photogrammetry and Remote Sensing},
  volume={166},
  pages={183--200},
  year={2020},
  publisher={Elsevier}
}

@article{imagediff,
  title={Digital change detection in forest ecosystems with remote sensing imagery},
  author={Coppin, Pol R and Bauer, Marvin E},
  journal={Remote sensing reviews},
  volume={13},
  number={3-4},
  pages={207--234},
  year={1996},
  publisher={Taylor \& Francis}
}

@article{imageratio,
  title={A neighborhood-based ratio approach for change detection in SAR images},
  author={Gong, Maoguo and Cao, Yu and Wu, Qiaodi},
  journal={IEEE Geoscience and Remote Sensing Letters},
  volume={9},
  number={2},
  pages={307--311},
  year={2011},
  publisher={IEEE}
}

@article{lightcdnet,
  title={Lightcdnet: Lightweight change detection network based on vhr images},
  author={Xing, Yuanjun and Jiang, Jiawei and Xiang, Jun and Yan, Enping and Song, Yabin and Mo, Dengkui},
  journal={IEEE Geoscience and Remote Sensing Letters},
  year={2023},
  publisher={IEEE}
}

@article{mad,
  title={Multivariate alteration detection (MAD) and MAF postprocessing in multispectral, bitemporal image data: New approaches to change detection studies},
  author={Nielsen, Allan A and Conradsen, Knut and Simpson, James J},
  journal={Remote Sensing of Environment},
  volume={64},
  number={1},
  pages={1--19},
  year={1998},
  publisher={Elsevier}
}

@article{ndvi,
  title={Ndvi: Vegetation change detection using remote sensing and gis--A case study of Vellore District},
  author={Gandhi, G Meera and Parthiban, S and Thummalu, Nagaraj and Christy, A},
  journal={Procedia computer science},
  volume={57},
  pages={1199--1210},
  year={2015},
  publisher={Elsevier}
}

@article{ostu,
  title={A threshold selection method from gray-level histograms},
  author={Otsu, Nobuyuki and others},
  journal={Automatica},
  volume={11},
  number={285-296},
  pages={23--27},
  year={1975}
}

@article{pca,
  title={Monitoring land-cover change by principal component analysis of multitemporal Landsat data},
  author={Byrne, GF and Crapper, PF and Mayo, KK},
  journal={Remote sensing of Environment},
  volume={10},
  number={3},
  pages={175--184},
  year={1980},
  publisher={Elsevier}
}

@article{randomforest,
  title={Rapid land cover map updates using change detection and robust random forest classifiers},
  author={Wessels, Konrad J and Van den Bergh, Frans and Roy, David P and Salmon, Brian P and Steenkamp, Karen C and MacAlister, Bryan and Swanepoel, Derick and Jewitt, Debbie},
  journal={Remote sensing},
  volume={8},
  number={11},
  pages={888},
  year={2016},
  publisher={MDPI}
}

@article{s2looking,
  title={S2Looking: A satellite side-looking dataset for building change detection},
  author={Shen, Li and Lu, Yao and Chen, Hao and Wei, Hao and Xie, Donghai and Yue, Jiabao and Chen, Rui and Lv, Shouye and Jiang, Bitao},
  journal={Remote Sensing},
  volume={13},
  number={24},
  pages={5094},
  year={2021},
  publisher={MDPI}
}

@article{sar,
  title={SAR Image Compression with Inherent Denoising Capability through Knowledge Distillation},
  author={Liu, Ziyuan and Wang, Shaoping and Gu, Yuantao},
  journal={IEEE Geoscience and Remote Sensing Letters},
  year={2024},
  publisher={IEEE}
}

@article{second,
  title={Asymmetric siamese networks for semantic change detection in aerial images},
  author={Yang, Kunping and Xia, Gui-Song and Liu, Zicheng and Du, Bo and Yang, Wen and Pelillo, Marcello and Zhang, Liangpei},
  journal={IEEE Transactions on Geoscience and Remote Sensing},
  volume={60},
  pages={1--18},
  year={2021},
  publisher={IEEE}
}

@article{snunet,
  title={SNUNet-CD: A densely connected Siamese network for change detection of VHR images},
  author={Fang, Sheng and Li, Kaiyu and Shao, Jinyuan and Li, Zhe},
  journal={IEEE Geoscience and Remote Sensing Letters},
  volume={19},
  pages={1--5},
  year={2021},
  publisher={IEEE}
}

@article{stanet,
  title={A spatial-temporal attention-based method and a new dataset for remote sensing image change detection},
  author={Chen, Hao and Shi, Zhenwei},
  journal={Remote Sensing},
  volume={12},
  number={10},
  pages={1662},
  year={2020},
  publisher={MDPI}
}

@article{svm2,
  title={A novel approach to unsupervised change detection based on a semisupervised SVM and a similarity measure},
  author={Bovolo, Francesca and Bruzzone, Lorenzo and Marconcini, Mattia},
  journal={IEEE transactions on geoscience and remote sensing},
  volume={46},
  number={7},
  pages={2070--2082},
  year={2008},
  publisher={IEEE}
}

@article{sysucd,
  title={A deeply supervised attention metric-based network and an open aerial image dataset for remote sensing change detection},
  author={Shi, Qian and Liu, Mengxi and Li, Shengchen and Liu, Xiaoping and Wang, Fei and Zhang, Liangpei},
  journal={IEEE transactions on geoscience and remote sensing},
  volume={60},
  pages={1--16},
  year={2021},
  publisher={IEEE}
}

@article{sztaki,
  title={Change detection in optical aerial images by a multilayer conditional mixed Markov model},
  author={Benedek, Csaba and Szir{\'a}nyi, Tam{\'a}s},
  journal={IEEE Transactions on Geoscience and Remote Sensing},
  volume={47},
  number={10},
  pages={3416--3430},
  year={2009},
  publisher={IEEE}
}

@article{tinycd,
  title={TINYCD: A (not so) deep learning model for change detection},
  author={Codegoni, Andrea and Lombardi, Gabriele and Ferrari, Alessandro},
  journal={Neural Computing and Applications},
  volume={35},
  number={11},
  pages={8471--8486},
  year={2023},
  publisher={Springer}
}

@inproceedings{ttp,
  title={Time travelling pixels: Bitemporal features integration with foundation model for remote sensing image change detection},
  author={Chen, Keyan and Liu, Chengyang and Li, Wenyuan and Liu, Zili and Chen, Hao and Zhang, Haotian and Zou, Zhengxia and Shi, Zhenwei},
  booktitle={IGARSS 2024-2024 IEEE International Geoscience and Remote Sensing Symposium},
  pages={8581--8584},
  year={2024},
  organization={IEEE}
}

@article{whucd,
  title={Fully convolutional networks for multisource building extraction from an open aerial and satellite imagery data set},
  author={Ji, Shunping and Wei, Shiqing and Lu, Meng},
  journal={IEEE Transactions on geoscience and remote sensing},
  volume={57},
  number={1},
  pages={574--586},
  year={2018},
  publisher={IEEE}
}

