@article{lightcdnet,
  title={Lightcdnet: Lightweight change detection network based on vhr images},
  author={Xing, Yuanjun and Jiang, Jiawei and Xiang, Jun and Yan, Enping and Song, Yabin and Mo, Dengkui},
  journal={IEEE Geoscience and Remote Sensing Letters},
  year={2023},
  publisher={IEEE}
}

@inproceedings{fcsn,
  title={Fully convolutional siamese networks for change detection},
  author={Daudt, Rodrigo Caye and Le Saux, Bertr and Boulch, Alexandre},
  booktitle={2018 25th IEEE international conference on image processing (ICIP)},
  pages={4063--4067},
  year={2018},
  organization={IEEE}
}

@article{stanet,
  title={A spatial-temporal attention-based method and a new dataset for remote sensing image change detection},
  author={Chen, Hao and Shi, Zhenwei},
  journal={Remote Sensing},
  volume={12},
  number={10},
  pages={1662},
  year={2020},
  publisher={MDPI}
}

@article{ifn,
  title={A deeply supervised image fusion network for change detection in high resolution bi-temporal remote sensing images},
  author={Zhang, Chenxiao and Yue, Peng and Tapete, Deodato and Jiang, Liangcun and Shangguan, Boyi and Huang, Li and Liu, Guangchao},
  journal={ISPRS Journal of Photogrammetry and Remote Sensing},
  volume={166},
  pages={183--200},
  year={2020},
  publisher={Elsevier}
}

@article{snunet,
  title={SNUNet-CD: A densely connected Siamese network for change detection of VHR images},
  author={Fang, Sheng and Li, Kaiyu and Shao, Jinyuan and Li, Zhe},
  journal={IEEE Geoscience and Remote Sensing Letters},
  volume={19},
  pages={1--5},
  year={2021},
  publisher={IEEE}
}

@article{bit,
  title={Remote sensing image change detection with transformers},
  author={Chen, Hao and Qi, Zipeng and Shi, Zhenwei},
  journal={IEEE Transactions on Geoscience and Remote Sensing},
  volume={60},
  pages={1--14},
  year={2021},
  publisher={IEEE}
}

@inproceedings{changestar,
  title={Change is everywhere: Single-temporal supervised object change detection in remote sensing imagery},
  author={Zheng, Zhuo and Ma, Ailong and Zhang, Liangpei and Zhong, Yanfei},
  booktitle={Proceedings of the IEEE/CVF international conference on computer vision},
  pages={15193--15202},
  year={2021}
}

@inproceedings{changeformer,
  title={A transformer-based siamese network for change detection},
  author={Bandara, Wele Gedara Chaminda and Patel, Vishal M},
  booktitle={IGARSS 2022-2022 IEEE International Geoscience and Remote Sensing Symposium},
  pages={207--210},
  year={2022},
  organization={IEEE}
}
@article{tinycd,
  title={TINYCD: A (not so) deep learning model for change detection},
  author={Codegoni, Andrea and Lombardi, Gabriele and Ferrari, Alessandro},
  journal={Neural Computing and Applications},
  volume={35},
  number={11},
  pages={8471--8486},
  year={2023},
  publisher={Springer}
}

@article{hanet,
  title={HANet: A hierarchical attention network for change detection with bitemporal very-high-resolution remote sensing images},
  author={Han, Chengxi and Wu, Chen and Guo, Haonan and Hu, Meiqi and Chen, Hongruixuan},
  journal={IEEE Journal of Selected Topics in Applied Earth Observations and Remote Sensing},
  volume={16},
  pages={3867--3878},
  year={2023},
  publisher={IEEE}
}

@article{changer,
  title={Changer: Feature interaction is what you need for change detection},
  author={Fang, Sheng and Li, Kaiyu and Li, Zhe},
  journal={IEEE Transactions on Geoscience and Remote Sensing},
  volume={61},
  pages={1--11},
  year={2023},
  publisher={IEEE}
}

@article{ctd-former,
  title={Relation changes matter: Cross-temporal difference transformer for change detection in remote sensing images},
  author={Zhang, Kai and Zhao, Xue and Zhang, Feng and Ding, Lei and Sun, Jiande and Bruzzone, Lorenzo},
  journal={IEEE Transactions on Geoscience and Remote Sensing},
  volume={61},
  pages={1--15},
  year={2023},
  publisher={IEEE}
}

@article{cgnet,
  title={Change guiding network: Incorporating change prior to guide change detection in remote sensing imagery},
  author={Han, Chengxi and Wu, Chen and Guo, Haonan and Hu, Meiqi and Li, Jiepan and Chen, Hongruixuan},
  journal={IEEE Journal of Selected Topics in Applied Earth Observations and Remote Sensing},
  year={2023},
  publisher={IEEE}
}

@article{changeclip,
  title={ChangeCLIP: Remote sensing change detection with multimodal vision-language representation learning},
  author={Dong, Sijun and Wang, Libo and Du, Bo and Meng, Xiaoliang},
  journal={ISPRS Journal of Photogrammetry and Remote Sensing},
  volume={208},
  pages={53--69},
  year={2024},
  publisher={Elsevier}
}

@article{seifnet,
  title={Spatiotemporal enhancement and interlevel fusion network for remote sensing images change detection},
  author={Huang, Yanyuan and Li, Xinghua and Du, Zhengshun and Shen, Huanfeng},
  journal={IEEE Transactions on Geoscience and Remote Sensing},
  year={2024},
  publisher={IEEE}
}

@article{ban,
  title={A new learning paradigm for foundation model-based remote-sensing change detection},
  author={Li, Kaiyu and Cao, Xiangyong and Meng, Deyu},
  journal={IEEE Transactions on Geoscience and Remote Sensing},
  volume={62},
  pages={1--12},
  year={2024},
  publisher={IEEE}
}

@article{changemamba,
  title={Changemamba: Remote sensing change detection with spatio-temporal state space model},
  author={Chen, Hongruixuan and Song, Jian and Han, Chengxi and Xia, Junshi and Yokoya, Naoto},
  journal={arXiv preprint arXiv:2404.03425},
  year={2024}
}

@inproceedings{ttp,
  title={Time travelling pixels: Bitemporal features integration with foundation model for remote sensing image change detection},
  author={Chen, Keyan and Liu, Chengyang and Li, Wenyuan and Liu, Zili and Chen, Hao and Zhang, Haotian and Zou, Zhengxia and Shi, Zhenwei},
  booktitle={IGARSS 2024-2024 IEEE International Geoscience and Remote Sensing Symposium},
  pages={8581--8584},
  year={2024},
  organization={IEEE}
}

@article{anychange,
  title={Segment any change},
  author={Zheng, Zhuo and Zhong, Yanfei and Zhang, Liangpei and Ermon, Stefano},
  journal={arXiv preprint arXiv:2402.01188},
  year={2024}
}

@inproceedings{sam,
  title={Segment anything},
  author={Kirillov, Alexander and Mintun, Eric and Ravi, Nikhila and Mao, Hanzi and Rolland, Chloe and Gustafson, Laura and Xiao, Tete and Whitehead, Spencer and Berg, Alexander C and Lo, Wan-Yen and others},
  booktitle={Proceedings of the IEEE/CVF International Conference on Computer Vision},
  pages={4015--4026},
  year={2023}
}

@inproceedings{upernet,
  title={Unified perceptual parsing for scene understanding},
  author={Xiao, Tete and Liu, Yingcheng and Zhou, Bolei and Jiang, Yuning and Sun, Jian},
  booktitle={Proceedings of the European conference on computer vision (ECCV)},
  pages={418--434},
  year={2018}
}

@inproceedings{farseg,
  title={Foreground-aware relation network for geospatial object segmentation in high spatial resolution remote sensing imagery},
  author={Zheng, Zhuo and Zhong, Yanfei and Wang, Junjue and Ma, Ailong},
  booktitle={Proceedings of the IEEE/CVF conference on computer vision and pattern recognition},
  pages={4096--4105},
  year={2020}
}

@article{opencd,
  title={Open-CD: A Comprehensive Toolbox for Change Detection},
  author={Li, Kaiyu and Jiang, Jiawei and Codegoni, Andrea and Han, Chengxi and Deng, Yupeng and Chen, Keyan and Zheng, Zhuo and Chen, Hao and Zou, Zhengxia and Shi, Zhenwei and others},
  journal={arXiv preprint arXiv:2407.15317},
  year={2024}
}

@article{sysucd,
  title={A deeply supervised attention metric-based network and an open aerial image dataset for remote sensing change detection},
  author={Shi, Qian and Liu, Mengxi and Li, Shengchen and Liu, Xiaoping and Wang, Fei and Zhang, Liangpei},
  journal={IEEE transactions on geoscience and remote sensing},
  volume={60},
  pages={1--16},
  year={2021},
  publisher={IEEE}
}

@misc{mmseg,
    title={{MMSegmentation}: OpenMMLab Semantic Segmentation Toolbox and Benchmark},
    author={MMSegmentation Contributors},
    howpublished = {\url{https://github.com/open-mmlab/mmsegmentation}},
    year={2020}
}
@article{sztaki,
  title={Change detection in optical aerial images by a multilayer conditional mixed Markov model},
  author={Benedek, Csaba and Szir{\'a}nyi, Tam{\'a}s},
  journal={IEEE Transactions on Geoscience and Remote Sensing},
  volume={47},
  number={10},
  pages={3416--3430},
  year={2009},
  publisher={IEEE}
}

@article{whucd,
  title={Fully convolutional networks for multisource building extraction from an open aerial and satellite imagery data set},
  author={Ji, Shunping and Wei, Shiqing and Lu, Meng},
  journal={IEEE Transactions on geoscience and remote sensing},
  volume={57},
  number={1},
  pages={574--586},
  year={2018},
  publisher={IEEE}
}

@article{s2looking,
  title={S2Looking: A satellite side-looking dataset for building change detection},
  author={Shen, Li and Lu, Yao and Chen, Hao and Wei, Hao and Xie, Donghai and Yue, Jiabao and Chen, Rui and Lv, Shouye and Jiang, Bitao},
  journal={Remote Sensing},
  volume={13},
  number={24},
  pages={5094},
  year={2021},
  publisher={MDPI}
}

@article{second,
  title={Asymmetric siamese networks for semantic change detection in aerial images},
  author={Yang, Kunping and Xia, Gui-Song and Liu, Zicheng and Du, Bo and Yang, Wen and Pelillo, Marcello and Zhang, Liangpei},
  journal={IEEE Transactions on Geoscience and Remote Sensing},
  volume={60},
  pages={1--18},
  year={2021},
  publisher={IEEE}
}

@inproceedings{cdd,
  title={Constrained optical flow for aerial image change detection},
  author={Bourdis, Nicolas and Marraud, Denis and Sahbi, Hichem},
  booktitle={2011 IEEE international geoscience and remote sensing symposium},
  pages={4176--4179},
  year={2011},
  organization={IEEE}
}

@article{review2024,
  title={Advances and challenges in deep learning-based change detection for remote sensing images: A review through various learning paradigms},
  author={Wang, Lukang and Zhang, Min and Gao, Xu and Shi, Wenzhong},
  journal={Remote Sensing},
  volume={16},
  number={5},
  pages={804},
  year={2024},
  publisher={MDPI}
}

@article{cva,
  title={Change vector analysis: A technique for the multispectral monitoring of land cover and condition},
  author={Johnson, R Dˈ and Kasischke, ES},
  journal={International journal of remote sensing},
  volume={19},
  number={3},
  pages={411--426},
  year={1998},
  publisher={Taylor \& Francis}
}

@article{pca,
  title={Monitoring land-cover change by principal component analysis of multitemporal Landsat data},
  author={Byrne, GF and Crapper, PF and Mayo, KK},
  journal={Remote sensing of Environment},
  volume={10},
  number={3},
  pages={175--184},
  year={1980},
  publisher={Elsevier}
}

@article{mad,
  title={Multivariate alteration detection (MAD) and MAF postprocessing in multispectral, bitemporal image data: New approaches to change detection studies},
  author={Nielsen, Allan A and Conradsen, Knut and Simpson, James J},
  journal={Remote Sensing of Environment},
  volume={64},
  number={1},
  pages={1--19},
  year={1998},
  publisher={Elsevier}
}

@article{kt,
  title={An assessment of several linear change detection techniques for mapping forest mortality using multitemporal Landsat TM data},
  author={Collins, John B and Woodcock, Curtis E},
  journal={Remote sensing of Environment},
  volume={56},
  number={1},
  pages={66--77},
  year={1996},
  publisher={Elsevier}
}

@article{svm,
  title={Multiple support vector machines for land cover change detection: An application for mapping urban extensions},
  author={Nemmour, Hassiba and Chibani, Youcef},
  journal={ISPRS Journal of Photogrammetry and Remote Sensing},
  volume={61},
  number={2},
  pages={125--133},
  year={2006},
  publisher={Elsevier}
}

@article{rf,
  title={Rapid land cover map updates using change detection and robust random forest classifiers},
  author={Wessels, Konrad J and Van den Bergh, Frans and Roy, David P and Salmon, Brian P and Steenkamp, Karen C and MacAlister, Bryan and Swanepoel, Derick and Jewitt, Debbie},
  journal={Remote sensing},
  volume={8},
  number={11},
  pages={888},
  year={2016},
  publisher={MDPI}
}

@article{kmeans,
  title={Unsupervised change detection in satellite images using principal component analysis and $ k $-means clustering},
  author={Celik, Turgay},
  journal={IEEE geoscience and remote sensing letters},
  volume={6},
  number={4},
  pages={772--776},
  year={2009},
  publisher={IEEE}
}

@article{imagediff,
  title={Digital change detection in forest ecosystems with remote sensing imagery},
  author={Coppin, Pol R and Bauer, Marvin E},
  journal={Remote sensing reviews},
  volume={13},
  number={3-4},
  pages={207--234},
  year={1996},
  publisher={Taylor \& Francis}
}

@article{ostu,
  title={A threshold selection method from gray-level histograms},
  author={Otsu, Nobuyuki and others},
  journal={Automatica},
  volume={11},
  number={285-296},
  pages={23--27},
  year={1975}
}

@article{ndvi,
  title={Ndvi: Vegetation change detection using remote sensing and gis--A case study of Vellore District},
  author={Gandhi, G Meera and Parthiban, S and Thummalu, Nagaraj and Christy, A},
  journal={Procedia computer science},
  volume={57},
  pages={1199--1210},
  year={2015},
  publisher={Elsevier}
}

@article{imageratio,
  title={A neighborhood-based ratio approach for change detection in SAR images},
  author={Gong, Maoguo and Cao, Yu and Wu, Qiaodi},
  journal={IEEE Geoscience and Remote Sensing Letters},
  volume={9},
  number={2},
  pages={307--311},
  year={2011},
  publisher={IEEE}
}

@article{svm2,
  title={A novel approach to unsupervised change detection based on a semisupervised SVM and a similarity measure},
  author={Bovolo, Francesca and Bruzzone, Lorenzo and Marconcini, Mattia},
  journal={IEEE transactions on geoscience and remote sensing},
  volume={46},
  number={7},
  pages={2070--2082},
  year={2008},
  publisher={IEEE}
}

@article{randomforest,
  title={Rapid land cover map updates using change detection and robust random forest classifiers},
  author={Wessels, Konrad J and Van den Bergh, Frans and Roy, David P and Salmon, Brian P and Steenkamp, Karen C and MacAlister, Bryan and Swanepoel, Derick and Jewitt, Debbie},
  journal={Remote sensing},
  volume={8},
  number={11},
  pages={888},
  year={2016},
  publisher={MDPI}
}

@article{vit,
  title={An image is worth 16x16 words: Transformers for image recognition at scale},
  author={Dosovitskiy, Alexey},
  journal={arXiv preprint arXiv:2010.11929},
  year={2020}
}

@inproceedings{clip,
  title={Learning transferable visual models from natural language supervision},
  author={Radford, Alec and Kim, Jong Wook and Hallacy, Chris and Ramesh, Aditya and Goh, Gabriel and Agarwal, Sandhini and Sastry, Girish and Askell, Amanda and Mishkin, Pamela and Clark, Jack and others},
  booktitle={International conference on machine learning},
  pages={8748--8763},
  year={2021},
  organization={PMLR}
}

@article{hinton,
  title={Distilling the Knowledge in a Neural Network},
  author={Hinton, Geoffrey},
  journal={arXiv preprint arXiv:1503.02531},
  year={2015}
}

@article{distill1,
  title={Domain knowledge-guided self-supervised change detection for remote sensing images},
  author={Yan, Li and Yang, Jianbing and Wang, Jian},
  journal={IEEE Journal of Selected Topics in Applied Earth Observations and Remote Sensing},
  volume={16},
  pages={4167--4179},
  year={2023},
  publisher={IEEE}
}

@article{distill2,
  title={Dual-Dimension Feature Interaction for Semantic Change Detection in Remote Sensing Images},
  author={Wang, Biao and Jiang, Zhenghao and Ma, Weichun and Xu, Xiao and Zhang, Peng and Wu, Yanlan and Yang, Hui},
  journal={IEEE Journal of Selected Topics in Applied Earth Observations and Remote Sensing},
  year={2024},
  publisher={IEEE}
}

@article{distill3,
  title={Knowledge distillation-based lightweight change detection in high-resolution remote sensing imagery for on-board processing},
  author={Wang, Guoqing and Zhang, Ning and Wang, Jue and Liu, Wenchao and Xie, Yizhuang and Chen, He},
  journal={IEEE Journal of Selected Topics in Applied Earth Observations and Remote Sensing},
  year={2024},
  publisher={IEEE}
}

@article{distill4,
  title={HiCD: Change detection in quality-varied images via hierarchical correlation distillation},
  author={Pang, Chao and Weng, Xingxing and Wu, Jiang and Wang, Qiang and Xia, Gui-Song},
  journal={IEEE Transactions on Geoscience and Remote Sensing},
  volume={62},
  pages={1--16},
  year={2024},
  publisher={IEEE}
}

@article{zhang2024semi,
  title={Semi-supervised Change Detection with Fourier-based Frequency Transformation},
  author={Zhang, Ze and Jiang, Xue and Zhou, Yue and Liu, Xingzhao},
  journal={IEEE Journal of Selected Topics in Applied Earth Observations and Remote Sensing},
  year={2024},
  publisher={IEEE}
}

@article{xu2024semi,
  title={Semi-Supervised Scene Classification for Optical Remote Sensing Images via Label and Embedding Consistency},
  author={Xu, Guozheng and Zhang, Ze and Jiang, Xue and Zhou, Yue and Liu, Xingzhao},
  journal={IEEE Geoscience and Remote Sensing Letters},
  year={2024},
  publisher={IEEE}
}

@article{li2024semicd,
  title={SemiCD-VL: Visual-Language Model Guidance Makes Better Semi-supervised Change Detector},
  author={Li, Kaiyu and Cao, Xiangyong and Deng, Yupeng and Song, Jiayi and Liu, Junmin and Meng, Deyu and Wang, Zhi},
  journal={IEEE Transactions on Geoscience and Remote Sensing},
  year={2024},
  publisher={IEEE}
}

@inproceedings{zhou2022mmrotate,
  title={Mmrotate: A rotated object detection benchmark using pytorch},
  author={Zhou, Yue and Yang, Xue and Zhang, Gefan and Wang, Jiabao and Liu, Yanyi and Hou, Liping and Jiang, Xue and Liu, Xingzhao and Yan, Junchi and Lyu, Chengqi and others},
  booktitle={Proceedings of the 30th ACM International Conference on Multimedia},
  pages={7331--7334},
  year={2022}
}

@article{sar,
  title={SAR Image Compression with Inherent Denoising Capability through Knowledge Distillation},
  author={Liu, Ziyuan and Wang, Shaoping and Gu, Yuantao},
  journal={IEEE Geoscience and Remote Sensing Letters},
  year={2024},
  publisher={IEEE}
}

@inproceedings{two,
  title={A Two-Stage Method for Joint Denoising and Compression of SAR Images},
  author={Liu, Ziyuan and Wang, Shaoping and Gu, Yuantao},
  booktitle={2024 IEEE 4th International Conference on Power, Electronics and Computer Applications (ICPECA)},
  pages={853--859},
  year={2024},
  organization={IEEE}
}


@inproceedings{optimizing,
  title={Optimizing SAR Target Detection Through the Multi-Stage Pre-Training and Fine-Tuning Strategy},
  author={Liu, Ziyuan and Wang, Shaoping and Gu, Yuantao},
  booktitle={2024 IEEE 12th International Conference on Computer Science and Network Technology (ICCSNT)},
  pages={178--181},
  year={2024},
  organization={IEEE}
}

@article{dsrkd,
  title={Dsrkd: Joint despecking and super-resolution of sar images via knowledge distillation},
  author={Liu, Ziyuan and Wang, Shaoping and Li, Ying and Gu, Yuantao and Yu, Quan},
  journal={IEEE Transactions on Geoscience and Remote Sensing},
  year={2024},
  publisher={IEEE}
}


