
@inproceedings{tong2022embedding,
  title={Embedding Signals on Graphs with Unbalanced Diffusion Earth Mover’s Distance},
  author={Tong, Alexander and Huguet, Guillaume and Shung, Dennis and Natik, Amine and Kuchroo, Manik and Lajoie, Guillaume and Wolf, Guy and Krishnaswamy, Smita},
  booktitle={International Conference on Acoustics, Speech and Signal Processing (ICASSP)},
  pages={5647--5651},
  year={2022}
}

@article{memoli2021ultrametric,
  title={The ultrametric Gromov-Wasserstein distance},
  author={M{\'e}moli, Facundo and Munk, Axel and Wan, Zhengchao and Weitkamp, Christoph},
  journal={arXiv preprint arXiv:2101.05756},
  year={2021}
}

@article{memoli2019gromov,
  title={Gromov-Hausdorff distances on $ p $-metric spaces and ultrametric spaces},
  author={M{\'e}moli, Facundo and Smith, Zane and Wan, Zhengchao},
  journal={arXiv preprint arXiv:1912.00564},
  year={2019}
}

@inproceedings{janati2020entropic,
 title={Entropic Optimal Transport between (Unbalanced) {G}aussian Measures has a Closed Form},
  author={Janati, Hicham and Muzellec, Boris and Peyr{\'e}, Gabriel and Cuturi, Marco},
  booktitle={Advances in neural information processing systems},
  year={2020},
}

@article{kusano2017kernel,
  title={Kernel method for persistence diagrams via kernel embedding and weight factor},
  author={Kusano, Genki and Fukumizu, Kenji and Hiraoka, Yasuaki},
  journal={The Journal of Machine Learning Research},
  volume={18},
  number={1},
  pages={6947--6987},
  year={2017}
}

@article{elliott1983physics,
  title={Physics of amorphous materials},
  author={Elliott, Stephen Richard},
  journal={Longman Group},
  year={1983}
}

@article{anonymous72,
  title={What is random packing?},
  author={Anonymous},
  journal={Nature},
  volume={239},
  pages={488--489},
  year={1972}
}

@article{nakamura2015persistent,
  title={Persistent homology and many-body atomic structure for medium-range order in the glass},
  author={Nakamura, Takenobu and Hiraoka, Yasuaki and Hirata, Akihiko and Escolar, Emerson G and Nishiura, Yasumasa},
  journal={Nanotechnology},
  volume={26},
  number={30},
  pages={304001},
  year={2015}
  }

@article{francois2013geometrical,
  title={Geometrical frustration in amorphous and partially crystallized packings of spheres},
  author={Francois, Nicolas and Saadatfar, Mohammad and Cruikshank, R and Sheppard, A},
  journal={Physical review letters},
  volume={111},
  number={14},
  pages={148001},
  year={2013}
  }

@article{turner2014persistent,
  title={Persistent homology transform for modeling shapes and surfaces},
  author={Turner, Katharine and Mukherjee, Sayan and Boyer, Doug M},
  journal={Information and Inference: A Journal of the IMA},
  volume={3},
  number={4},
  pages={310--344},
  year={2014}
  }

@inproceedings{latecki2000shape,
  title={Shape descriptors for non-rigid shapes with a single closed contour},
  author={Latecki, Longin Jan and Lakamper, Rolf and Eckhardt, T},
  booktitle={Proceedings of the IEEE Conference on Computer Vision and Pattern Recognition (CVPR)},
  volume={1},
  pages={424--429},
  year={2000}
}

@article{chung2019duality,
  title={Duality and quotient spaces of generalized Wasserstein spaces},
  author={Chung, Nhan-Phu and Trinh, Thanh-Son},
  journal={arXiv preprint arXiv:1904.12461},
  year={2019}
}

@inproceedings{harchaoui2009kernel,
  title={Kernel change-point analysis},
  author={Harchaoui, Zaid and Moulines, Eric and Bach, Francis R},
  booktitle={Advances in neural information processing systems},
  pages={609--616},
  year={2009}
}

@article{edelsbrunner2008persistent,
  title={Persistent homology-a survey},
  author={Edelsbrunner, Herbert and Harer, John},
  journal={Contemporary mathematics},
  volume={453},
  pages={257--282},
  year={2008}
  }

@inproceedings{le2018persistence,
  title={Persistence {F}isher kernel: A {R}iemannian manifold kernel for persistence diagrams},
  author={Le, Tam and Yamada, Makoto},
  booktitle={Advances in Neural Information Processing Systems},
  pages={10007--10018},
  year={2018}
}

@article{adams2017persistence,
  title={Persistence images: A stable vector representation of persistent homology},
  author={Adams, Henry and Emerson, Tegan and Kirby, Michael and Neville, Rachel and Peterson, Chris and Shipman, Patrick and Chepushtanova, Sofya and Hanson, Eric and Motta, Francis and Ziegelmeier, Lori},
  journal={Journal of Machine Learning Research},
  volume={18},
  number={1},
  pages={218--252},
  year={2017}
}

@article{hertzsch2007dna,
  title={DNA microarrays: design principles for maximizing ergodic, chaotic mixing},
  author={Hertzsch, Jan-Martin and Sturman, Rob and Wiggins, Stephen},
  journal={Small},
  volume={3},
  number={2},
  pages={202--218},
  year={2007}
  }

@article{Sommerfeld2016InferenceFE,
  title={Inference for empirical Wasserstein distances on finite spaces},
  author={Max Sommerfeld and A. Munk},
  journal={Journal of The Royal Statistical Society Series B-statistical Methodology},
  year={2016},
  volume={80},
  pages={219-238}
}

@article{kloeckner2015geometric,
  title={A geometric study of {W}asserstein spaces: ultrametrics},
  author={Kloeckner, Beno{\^\i}t R},
  journal={Mathematika},
  volume={61},
  number={1},
  pages={162--178},
  year={2015},
  publisher={London Mathematical Society}
}

@inproceedings{kolouri2019generalized,
  title={Generalized sliced {W}asserstein distances},
  author={Kolouri, Soheil and Nadjahi, Kimia and Simsekli, Umut and Badeau, Roland and Rohde, Gustavo},
  booktitle={Advances in Neural Information Processing Systems},
  pages={261--272},
  year={2019}
}

@article{shkarin2004isometric,
  title={Isometric embedding of finite ultrametric spaces in Banach spaces},
  author={Shkarin, SA},
  journal={Topology and its Applications},
  volume={142},
  number={1-3},
  pages={13--17},
  year={2004},
  publisher={North-Holland}
}

@inproceedings{nadjahi2019asymptotic,
  title={Asymptotic guarantees for learning generative models with the sliced-{W}asserstein distance},
  author={Nadjahi, Kimia and Durmus, Alain and Simsekli, Umut and Badeau, Roland},
  booktitle={Advances in Neural Information Processing Systems},
  pages={250--260},
  year={2019}
}

@inproceedings{bunne2019,
  title={{Learning Generative Models across Incomparable Spaces}},
  author={Bunne, Charlotte and Alvarez-Melis, David and Krause, Andreas and Jegelka, Stefanie},
  year={2019},
  booktitle={International Conference on Machine Learning (ICML)},
  volume={97},
}

@InProceedings{pmlr-v99-weed19a,
  title = 	 {Estimation of smooth densities in {W}asserstein distance},
  author = 	 {Weed, Jonathan and Berthet, Quentin},
  booktitle = 	 {Proceedings of the Thirty-Second Conference on Learning Theory},
  pages = 	 {3118--3119},
  year = 	 {2019},
  volume = 	 {99},
 }

@inproceedings{mena2019statistical,
  title={Statistical bounds for entropic optimal transport: sample complexity and the central limit theorem},
  author={Mena, Gonzalo and Niles-Weed, Jonathan},
  booktitle={Advances in Neural Information Processing Systems},
  pages={4541--4551},
  year={2019}
}

@inproceedings{liutkus2019sliced,
  title={Sliced-Wasserstein flows: Nonparametric generative modeling via optimal transport and diffusions},
  author={Liutkus, Antoine and Simsekli, Umut and Majewski, Szymon and Durmus, Alain and St{\"o}ter, Fabian-Robert},
  booktitle={International Conference on Machine Learning},
  pages={4104--4113},
  year={2019}
}

@article{lee2019parallel,
  title={Parallel unbalanced optimal transport regularization for large scale imaging problems},
  author={Lee, John and Bertrand, Nicholas P and Rozell, Christopher J},
  journal={arXiv preprint arXiv:1909.00149},
  year={2019}
}

@article{schiebinger2019optimal,
  title={Optimal-transport analysis of single-cell gene expression identifies developmental trajectories in reprogramming},
  author={Schiebinger, Geoffrey and Shu, Jian and Tabaka, Marcin and Cleary, Brian and Subramanian, Vidya and Solomon, Aryeh and Gould, Joshua and Liu, Siyan and Lin, Stacie and Berube, Peter and others},
  journal={Cell},
  volume={176},
  number={4},
  pages={928--943},
  year={2019}
}

@inproceedings{lacombe2018large,
  title={Large scale computation of means and clusters for persistence diagrams using optimal transport},
  author={Lacombe, Th{\'e}o and Cuturi, Marco and Oudot, Steve},
  booktitle={Advances in Neural Information Processing Systems},
  pages={9770--9780},
  year={2018}
}

@inproceedings{yang2018scalable,
title={Scalable Unbalanced Optimal Transport using Generative Adversarial Networks},
author={Karren D. Yang and Caroline Uhler},
booktitle={International Conference on Learning Representations},
year={2019},
}

@inproceedings{janati2019wasserstein,
  title={Wasserstein regularization for sparse multi-task regression},
  author={Janati, Hicham and Cuturi, Marco and Gramfort, Alexandre},
  booktitle={The 22nd International Conference on Artificial Intelligence and Statistics},
  pages={1407--1416},
  year={2019}
}

@article{bonneel2019spot,
  title={SPOT: sliced partial optimal transport},
  author={Bonneel, Nicolas and Coeurjolly, David},
  journal={ACM Transactions on Graphics (TOG)},
  volume={38},
  number={4},
  pages={1--13},
  year={2019},
}

@inproceedings{frogner2015learning,
  title={Learning with a Wasserstein loss},
  author={Frogner, Charlie and Zhang, Chiyuan and Mobahi, Hossein and Araya, Mauricio and Poggio, Tomaso A},
  booktitle={Advances in neural information processing systems},
  pages={2053--2061},
  year={2015}
}

@article{chizat2018scaling,
  title={Scaling algorithms for unbalanced optimal transport problems},
  author={Chizat, Lenaic and Peyr{\'e}, Gabriel and Schmitzer, Bernhard and Vialard, Fran{\c{c}}ois-Xavier},
  journal={Mathematics of Computation},
  volume={87},
  number={314},
  pages={2563--2609},
  year={2018}
}

@InProceedings{pham2020unbalanced,
  Title                    = {On Unbalanced Optimal Transport: An Analysis of {S}inkhorn Algorithm},
  Author                   = {Pham, Khiem and Le, Khang and Ho, Nhat and Pham, Tung and Bui, Hung},
  Booktitle                = {Proceedings of the International Conference on Machine Learning},
  Year                     = {2020}
}

@article{gangbo2019unnormalized,
  title={Unnormalized optimal transport},
  author={Gangbo, Wilfrid and Li, Wuchen and Osher, Stanley and Puthawala, Michael},
  journal={Journal of Computational Physics},
  volume={399},
  pages={108940},
  year={2019},
  publisher={Elsevier}
}

@article{le2019wb,
  title={On scalable variant of wasserstein barycenter},
  author={Le, Tam and Huynh, Viet and Ho, Nhat and Phung, Dinh and Yamada, Makoto},
  journal={arXiv preprint arXiv:1910.04483},
  year={2019}
}

@incollection{le2021fba,
  title={Flow-based Alignment Approaches for Probability Measures in Different Spaces},
  author={Le, Tam and Ho, Nhat and Yamada, Makoto},
  booktitle = {International Conference on Artificial Intelligence and Statistics (AISTATS)},
  year = {2021},
}

@InProceedings{le2021ept,
  title = 	 { Entropy Partial Transport with Tree Metrics: Theory and Practice },
  author =       {Le, Tam and Nguyen, Truyen},
  booktitle = 	 {Proceedings of The 24th International Conference on Artificial Intelligence and Statistics (AISTATS)},
  pages = 	 {3835--3843},
  year = 	 {2021},
  volume = 	 {130},
  series = 	 {Proceedings of Machine Learning Research},
  publisher =    {PMLR},
}

@inproceedings{le2022st,
  title={Sobolev Transport: A Scalable Metric for Probability Measures with Graph Metrics},
  author={Le, Tam and Nguyen, Truyen and Phung, Dinh and Nguyen, Viet Anh},
  booktitle={International Conference on Artificial Intelligence and Statistics},
  pages={9844--9868},
  year={2022},
  organization={PMLR}
}

@article{balaji2020robust,
  title={Robust optimal transport with applications in generative modeling and domain adaptation},
  author={Balaji, Yogesh and Chellappa, Rama and Feizi, Soheil},
  journal={Advances in Neural Information Processing Systems},
  volume={33},
  pages={12934--12944},
  year={2020}
}

@inproceedings{mukherjee2021outlier,
  title={Outlier-robust optimal transport},
  author={Mukherjee, Debarghya and Guha, Aritra and Solomon, Justin M and Sun, Yuekai and Yurochkin, Mikhail},
  booktitle={International Conference on Machine Learning},
  pages={7850--7860},
  year={2021},
  organization={PMLR}
}

@inproceedings{nietert2022outlier,
  title={Outlier-robust optimal transport: Duality, structure, and statistical analysis},
  author={Nietert, Sloan and Goldfeld, Ziv and Cummings, Rachel},
  booktitle={International Conference on Artificial Intelligence and Statistics},
  pages={11691--11719},
  year={2022},
  organization={PMLR}
}

@article{chapel2020partial,
  title={Partial optimal tranport with applications on positive-unlabeled learning},
  author={Chapel, Laetitia and Alaya, Mokhtar Z and Gasso, Gilles},
  journal={Advances in Neural Information Processing Systems},
  volume={33},
  pages={2903--2913},
  year={2020}
}

@article{hanin1992kantorovich,
  title={{K}antorovich-{R}ubinstein norm and its application in the theory of {L}ipschitz spaces},
  author={Hanin, Leonid G},
  journal={Proceedings of the American Mathematical Society},
  volume={115},
  number={2},
  pages={345--352},
  year={1992}
}

@article{guittet2002extended,
  title={Extended {K}antorovich norms: a tool for optimization},
  author={Guittet, Kevin},
  journal={INRIA report},
  year={2002}
}

@article{lellmann2014imaging,
  title={Imaging with {K}antorovich--{R}ubinstein Discrepancy},
  author={Lellmann, Jan and Lorenz, Dirk A and Schonlieb, Carola and Valkonen, Tuomo},
  journal={SIAM Journal on Imaging Sciences},
  volume={7},
  number={4},
  pages={2833--2859},
  year={2014},
  publisher={SIAM}
}

@inproceedings{sato2020fast,
  title={Fast Unbalanced Optimal Transport on Tree},
  author={Sato, Ryoma and Yamada, Makoto and Kashima, Hisashi},
  booktitle={Advances in neural information processing systems},
  year={2020},
}

@article{benamou2003numerical,
  title={Numerical resolution of an “unbalanced” mass transport problem},
  author={Benamou, Jean-David},
  journal={ESAIM: Mathematical Modelling and Numerical Analysis-Mod{\'e}lisation Math{\'e}matique et Analyse Num{\'e}rique},
  volume={37},
  number={5},
  pages={851--868},
  year={2003}
}

@article{figalli2010optimal,
  title={The optimal partial transport problem},
  author={Figalli, Alessio},
  journal={Archive for rational mechanics and analysis},
  volume={195},
  number={2},
  pages={533--560},
  year={2010},
  publisher={Springer}
}

@article{P2,
  title={On properties of the generalized {W}asserstein distance},
  author={Piccoli, Benedetto and Rossi, Francesco},
  journal={Archive for Rational Mechanics and Analysis},
  volume={222},
  number={3},
  pages={1339--1365},
  year={2016},
  publisher={Springer}
}

@article{P1,
  title={Generalized {W}asserstein distance and its application to transport equations with source},
  author={Piccoli, Benedetto and Rossi, Francesco},
  journal={Archive for Rational Mechanics and Analysis},
  volume={211},
  number={1},
  pages={335--358},
  year={2014},
  publisher={Springer}
}


@article{Liero2018,
  title={Optimal entropy-transport problems and a new {H}ellinger--{K}antorovich distance between positive measures},
  author={Liero, Matthias and Mielke, Alexander and Savar{\'e}, Giuseppe},
  journal={Inventiones mathematicae},
  volume={211},
  number={3},
  pages={969--1117},
  year={2018},
  publisher={Springer}
}

@article{EM,
  title={The phylogenetic {K}antorovich--{R}ubinstein metric for environmental sequence samples},
  author={Evans, Steven N and Matsen, Frederick A},
  journal={Journal of the Royal Statistical Society: Series B (Statistical Methodology)},
  volume={74},
  number={3},
  pages={569--592},
  year={2012},
  publisher={Wiley Online Library}
}

@article{CM,
  title={Free boundaries in optimal transport and {M}onge-{A}mpere obstacle problems},
  author={Caffarelli, Luis A and McCann, Robert J},
  journal={Annals of mathematics},
  pages={673--730},
  year={2010},
  publisher={JSTOR}
}

@incollection{grave2019unsupervised,
title = {Unsupervised alignment of embeddings with {W}asserstein procrustes},
author = {Grave, Edouard and Joulin, Armand and Berthet, Quentin},
booktitle = {International Conference on Artifi- cial Intelligence and Statistics (AISTATS)},
pages = {1880--1890},
year = {2019},
}

@book{manning2008introduction,
  title={Introduction to information retrieval},
  author={Manning, Christopher D and Raghavan, Prabhakar and Sch{\"u}tze, Hinrich},
  year={2008},
  publisher={Cambridge university press}
}

@inproceedings{muzellec2018generalizing,
  title={Generalizing point embeddings using the wasserstein space of elliptical distributions},
  author={Muzellec, Boris and Cuturi, Marco},
  booktitle={Advances in Neural Information Processing Systems},
  pages={10237--10248},
  year={2018}
}

@article{naor2007planar,
  title={Planar {E}arthmover is not in {L}\_1},
  author={Naor, Assaf and Schechtman, Gideon},
  journal={SIAM Journal on Computing},
  volume={37},
  number={3},
  pages={804--826},
  year={2007},
  publisher={SIAM}
}

@inproceedings{perrot2016mapping,
  title={Mapping estimation for discrete optimal transport},
  author={Perrot, Micha{\"e}l and Courty, Nicolas and Flamary, R{\'e}mi and Habrard, Amaury},
  booktitle={Advances in Neural Information Processing Systems},
  pages={4197--4205},
  year={2016}
}

@inproceedings{charikar1998approximating,
  title={Approximating a finite metric by a small number of tree metrics},
  author={Charikar, Moses and Chekuri, Chandra and Goel, Ashish and Guha, Sudipto and Plotkin, Serge},
  booktitle={Proceedings 39th Annual Symposium on Foundations of Computer Science (FOCS)},
  pages={379--388},
  year={1998},
}

@inproceedings{indyk2003fast,
  title={Fast image retrieval via embeddings},
  author={Indyk, Piotr and Thaper, Nitin},
  booktitle={International workshop on statistical and computational theories of vision},
  volume={2},
  pages={5},
  year={2003}
}

@inproceedings{indyk2001algorithmic,
  title={Algorithmic applications of low-distortion geometric embeddings},
  author={Indyk, Piotr},
  booktitle={Proceedings 42nd IEEE Symposium on Foundations of Computer Science (FOCS)},
  pages={10--33},
  year={2001},
}

@article{bonneel2016wasserstein,
  title={Wasserstein barycentric coordinates: histogram regression using optimal transport},
  author={Bonneel, Nicolas and Peyr{\'e}, Gabriel and Cuturi, Marco},
  journal={ACM Trans. Graph.},
  volume={35},
  number={4},
  pages={71--1},
  year={2016}
}

@incollection{NIPS2019_8872,
title = {Wasserstein {W}eisfeiler-{L}ehman Graph Kernels},
author = {Togninalli, Matteo and Ghisu, Elisabetta and Llinares-L\'{o}pez, Felipe and Rieck, Bastian and Borgwardt, Karsten},
booktitle = {Advances in Neural Information Processing Systems},
pages = {6436--6446},
year = {2019},
}


@InProceedings{pmlr-v97-paty19a,
  title = 	 {Subspace Robust {W}asserstein Distances},
  author = 	 {Paty, Fran{\c{c}}ois-Pierre and Cuturi, Marco},
  booktitle = 	 {Proceedings of the 36th International Conference on Machine Learning},
  pages = 	 {5072--5081},
  year = 	 {2019},
 }

@inproceedings{meng2019large,
  title={Large-scale optimal transport map estimation using projection pursuit},
  author={Meng, Cheng and Ke, Yuan and Zhang, Jingyi and Zhang, Mengrui and Zhong, Wenxuan and Ma, Ping},
  booktitle={Advances in Neural Information Processing Systems},
  pages={8116--8127},
  year={2019}
}

@incollection{NIPS2019_9386,
title = {Screening {S}inkhorn Algorithm for Regularized Optimal Transport},
author = {Alaya, Mokhtar Z. and Berar, Maxime and Gasso, Gilles and Rakotomamonjy, Alain},
booktitle = {Advances in Neural Information Processing Systems},
pages = {12169--12179},
year = {2019},
}


@inproceedings{altschuler2019massively,
  title={Massively scalable {S}inkhorn distances via the {N}ystr{\"o}m method},
  author={Altschuler, Jason and Bach, Francis and Rudi, Alessandro and Niles-Weed, Jonathan},
  booktitle={Advances in Neural Information Processing Systems},
  pages={4429--4439},
  year={2019}
}

@inproceedings{genevay2016stochastic,
  title={Stochastic optimization for large-scale optimal transport},
  author={Genevay, Aude and Cuturi, Marco and Peyr{\'e}, Gabriel and Bach, Francis},
  booktitle={Advances in neural information processing systems},
  pages={3440--3448},
  year={2016}
}

@InProceedings{pmlr-v84-genevay18a,
  title = 	 {Learning Generative Models with Sinkhorn Divergences},
  author = 	 {Aude Genevay and Gabriel Peyre and Marco Cuturi},
  booktitle = 	 {Proceedings of the Twenty-First International Conference on Artificial Intelligence and Statistics},
  pages = 	 {1608--1617},
  year = 	 {2018},
}

@article{solomon2019optimal,
  title={Optimal transport-based polar interpolation of directional fields},
  author={Solomon, Justin and Vaxman, Amir},
  journal={ACM Transactions on Graphics (TOG)},
  volume={38},
  number={4},
  pages={1--13},
  year={2019},
  publisher={ACM New York, NY, USA}
}

@article{courty2016optimal,
  title={Optimal transport for domain adaptation},
  author={Courty, Nicolas and Flamary, R{\'e}mi and Tuia, Devis and Rakotomamonjy, Alain},
  journal={Pattern analysis and machine intelligence (PAMI)},
  volume={39},
  number={9},
  pages={1853--1865},
  year={2016},
}

@inproceedings{bhushan2018deepjdot,
  title={DeepJDOT: Deep Joint Distribution Optimal Transport for Unsupervised Domain Adaptation},
  author={Bhushan Damodaran, Bharath and Kellenberger, Benjamin and Flamary, R{\'e}mi and Tuia, Devis and Courty, Nicolas},
  booktitle={Proceedings of the European Conference on Computer Vision (ECCV)},
  pages={447--463},
  year={2018}
}

@inproceedings{kolouri2018sliced,
title={Sliced Wasserstein Auto-Encoders},
author={Soheil Kolouri and Phillip E. Pope and Charles E. Martin and Gustavo K. Rohde},
booktitle={International Conference on Learning Representations},
year={2019},
}

@inproceedings{wu2019sliced,
  title={Sliced {W}asserstein generative models},
  author={Wu, Jiqing and Huang, Zhiwu and Acharya, Dinesh and Li, Wen and Thoma, Janine and Paudel, Danda Pani and Gool, Luc Van},
  booktitle={Proceedings of the IEEE conference on computer vision and pattern recognition},
  pages={3713--3722},
  year={2019}
}

@article{ahuja1988network,
  title={Network flows},
  author={Ahuja, Ravindra K and Magnanti, Thomas L and Orlin, James B},
  year={1988},
  publisher={Cambridge, Mass.: Alfred P. Sloan School of Management, Massachusetts~?}
}

@article{gonzalez1985clustering,
  title={Clustering to minimize the maximum intercluster distance},
  author={Gonzalez, Teofilo F},
  journal={Theoretical Computer Science},
  volume={38},
  pages={293--306},
  year={1985},
  publisher={Elsevier}
}

@inproceedings{feder1988optimal,
  title={Optimal algorithms for approximate clustering},
  author={Feder, Tomas and Greene, Daniel},
  booktitle={Proceedings of the twentieth annual ACM symposium on Theory of computing},
  pages={434--444},
  year={1988},
  organization={ACM}
}

@InProceedings{pmlr-v97-liutkus19a,
  title = 	 {Sliced-{W}asserstein Flows: Nonparametric Generative Modeling via Optimal Transport and Diffusions},
  author = 	 {Liutkus, Antoine and Simsekli, Umut and Majewski, Szymon and Durmus, Alain and St{\"o}ter, Fabian-Robert},
  booktitle = 	 {Proceedings of the 36th International Conference on Machine Learning},
  pages = 	 {4104--4113},
  year = 	 {2019},
}

@InProceedings{NIPS2019_9130,
title = {Sinkhorn Barycenters with Free Support via {F}rank-{W}olfe Algorithm},
author = {Luise, Giulia and Salzo, Saverio and Pontil, Massimiliano and Ciliberto, Carlo},
booktitle = {Advances in Neural Information Processing Systems},
pages = {9318--9329},
year = {2019},
}

@InProceedings{NIPS2019_8318,
title = {Asymptotic Guarantees for Learning Generative Models with the Sliced-{W}asserstein Distance},
author = {Nadjahi, Kimia and Durmus, Alain and Simsekli, Umut and Badeau, Roland},
booktitle = {Advances in Neural Information Processing Systems},
pages = {250--260},
year = {2019},
}

@InProceedings{NIPS2019_8703,
title = {Statistical bounds for entropic optimal transport: sample complexity and the central limit theorem},
author = {Mena, Gonzalo and Niles-Weed, Jonathan},
booktitle = {Advances in Neural Information Processing Systems},
pages = {4543--4553},
year = {2019},
}


@InProceedings{pmlr-v89-redko19a,
  title = 	 {Optimal Transport for Multi-source Domain Adaptation under Target Shift},
  author = 	 {Redko, Ievgen and Courty, Nicolas and Flamary, R\'emi and Tuia, Devis},
  booktitle = 	 {International Conference on Artificial Intelligence and Statistics},
  pages = 	 {849--858},
  year = 	 {2019},
}

@inproceedings{courty2017joint,
  title={Joint distribution optimal transportation for domain adaptation},
  author={Courty, Nicolas and Flamary, R{\'e}mi and Habrard, Amaury and Rakotomamonjy, Alain},
  booktitle={Advances in Neural Information Processing Systems},
  pages={3730--3739},
  year={2017}
}

@inproceedings{lavenant2018dynamical,
  title={Dynamical optimal transport on discrete surfaces},
  author={Lavenant, Hugo and Claici, Sebastian and Chien, Edward and Solomon, Justin},
  booktitle={SIGGRAPH Asia 2018 Technical Papers},
  pages={250},
  year={2018},
  organization={ACM}
}

@article{solomon2015convolutional,
  title={Convolutional {W}asserstein distances: Efficient optimal transportation on geometric domains},
  author={Solomon, Justin and De Goes, Fernando and Peyr{\'e}, Gabriel and Cuturi, Marco and Butscher, Adrian and Nguyen, Andy and Du, Tao and Guibas, Leonidas},
  journal={ACM Transactions on Graphics (TOG)},
  volume={34},
  number={4},
  pages={66},
  year={2015},
  publisher={ACM}
}

@article{bonneel2015sliced,
  title={Sliced and radon wasserstein barycenters of measures},
  author={Bonneel, Nicolas and Rabin, Julien and Peyr{\'e}, Gabriel and Pfister, Hanspeter},
  journal={Journal of Mathematical Imaging and Vision},
  volume={51},
  number={1},
  pages={22--45},
  year={2015},
}

@inproceedings{rabin2011wasserstein,
  title={Wasserstein barycenter and its application to texture mixing},
  author={Rabin, Julien and Peyr{\'e}, Gabriel and Delon, Julie and Bernot, Marc},
  booktitle={International Conference on Scale Space and Variational Methods in Computer Vision},
  pages={435--446},
  year={2011},
}

@article{fakcharoenphol2004tight,
  title={A tight bound on approximating arbitrary metrics by tree metrics},
  author={Fakcharoenphol, Jittat and Rao, Satish and Talwar, Kunal},
  journal={Journal of Computer and System Sciences},
  volume={69},
  number={3},
  pages={485--497},
  year={2004},
}

@inproceedings{bartal1998approximating,
  title={On Approximating Arbitrary Metrices by Tree Metrics},
  author={Bartal, Yair},
  booktitle={ACM Symposium on Theory of Computing (STOC)},
  volume={98},
  pages={161--168},
  year={1998},
}

@inproceedings{bartal1996probabilistic,
  title={Probabilistic approximation of metric spaces and its algorithmic applications},
  author={Bartal, Yair},
  booktitle={Proceedings of 37th Conference on Foundations of Computer Science},
  pages={184--193},
  year={1996},
}

@article{salton1988term,
  title={Term-weighting approaches in automatic text retrieval},
  author={Salton, Gerard and Buckley, Christopher},
  journal={Information processing \& management},
  volume={24},
  number={5},
  pages={513--523},
  year={1988},
}

@inproceedings{kusner2015word,
  title={From word embeddings to document distances},
  author={Kusner, Matt and Sun, Yu and Kolkin, Nicholas and Weinberger, Kilian},
  booktitle={International conference on machine learning},
  pages={957--966},
  year={2015},
}

@inproceedings{mikolov2013distributed,
  title={Distributed representations of words and phrases and their compositionality},
  author={Mikolov, Tomas and Sutskever, Ilya and Chen, Kai and Corrado, Greg S and Dean, Jeff},
  booktitle={Advances in neural information processing systems},
  pages={3111--3119},
  year={2013},
}

@inproceedings{le2015unsupervised,
  title={Unsupervised {R}iemannian metric learning for histograms using {A}itchison transformations},
  author={Le, Tam and Cuturi, Marco},
  booktitle={International Conference on Machine Learning},
  pages={2002--2011},
  year={2015},
}

@inproceedings{arthur2007k,
  title={k-means++: The advantages of careful seeding},
  author={Arthur, David and Vassilvitskii, Sergei},
  booktitle={Proceedings of the eighteenth annual ACM-SIAM symposium on Discrete algorithms},
  pages={1027--1035},
  year={2007},
}

@article{rupp2012fast,
  title={Fast and accurate modeling of molecular atomization energies with machine learning},
  author={Rupp, Matthias and Tkatchenko, Alexandre and M{\"u}ller, Klaus-Robert and Von Lilienfeld, O Anatole},
  journal={Physical review letters},
  volume={108},
  number={5},
  pages={058301},
  year={2012},
}

@article{schmitzer2019stabilized,
  title={Stabilized sparse scaling algorithms for entropy regularized transport problems},
  author={Schmitzer, Bernhard},
  journal={SIAM Journal on Scientific Computing},
  volume={41},
  number={3},
  pages={A1443--A1481},
  year={2019},
}

@article{peyre2019computational,
  title={Computational optimal transport},
  author={Peyr{\'e}, Gabriel and Cuturi, Marco},
  journal={Foundations and Trends{\textregistered} in Machine Learning},
  volume={11},
  number={5-6},
  pages={355--607},
  year={2019},
}

@article{solomon2016entropic,
  title={Entropic metric alignment for correspondence problems},
  author={Solomon, Justin and Peyr{\'e}, Gabriel and Kim, Vladimir G and Sra, Suvrit},
  journal={ACM Transactions on Graphics (TOG)},
  volume={35},
  number={4},
  pages={72},
  year={2016},
}

@inproceedings{peyre2016gromov,
  title={Gromov-Wasserstein averaging of kernel and distance matrices},
  author={Peyr{\'e}, Gabriel and Cuturi, Marco and Solomon, Justin},
  booktitle={International Conference on Machine Learning},
  pages={2664--2672},
  year={2016},
}

@article{vayer2019sliced,
  title={Sliced {G}romov-{W}asserstein},
  author={Vayer, Titouan and Flamary, R{\'e}mi and Tavenard, Romain and Chapel, Laetitia and Courty, Nicolas},
  journal={Advances in Neural Information Processing Systems},
  year={2019},
}


@inproceedings{LYFC,
  title={Tree-sliced variants of {W}asserstein distances},
  author={Le, Tam and Yamada, Makoto and Fukumizu, Kenji and Cuturi, Marco},
  booktitle={Advances in neural information processing systems},
  pages={12283--12294},
  year={2019},
}

@article{semple2003phylogenetics,
  title={Phylogenetics},
  author={Semple, Charles and Steel, Mike},
  journal={Oxford Lecture Series in Mathematics and its Applications},
  year={2003},
}

@Book{SantambrogioBook,
  author = {Filippo Santambrogio},
  title = {Optimal transport for applied mathematicians},
  publisher={Birk{\"a}user},
  year = {2015},
}

@article{zalinescu1983uniformly,
  title={On uniformly convex functions},
  author={Zalinescu, C},
  journal={Journal of Mathematical Analysis and Applications},
  volume={95},
  number={2},
  pages={344--374},
  year={1983},
}


@article{chen2003tests,
  title={Tests for homogeneity in normal mixtures in the presence of a structural parameter},
  author={Chen, Hanfeng and Chen, Jiahua},
  journal={Statistica Sinica},
  pages={351--365},
  year={2003},
}


@article{kasahara2015testing,
  title={Testing the number of components in normal mixture regression models},
  author={Kasahara, Hiroyuki and Shimotsu, Katsumi},
  journal={Journal of the American Statistical Association},
  volume={110},
  number={512},
  pages={1632--1645},
  year={2015},
}


@article{chretien2008algorithms,
	Author = {Chr{\'e}tien, St{\'e}phane and Hero, Alfred O},
	Date-Added = {2018-10-14 23:46:31 -0700},
	Date-Modified = {2018-10-14 23:46:31 -0700},
	Journal = {ESAIM: Probability and Statistics},
	Pages = {308--326},
	Publisher = {EDP Sciences},
	Title = {On {EM} algorithms and their proximal generalizations},
	Volume = {12},
	Year = {2008}}

@article{tseng2004analysis,
	Author = {Tseng, Paul},
	Date-Added = {2018-10-14 23:45:56 -0700},
	Date-Modified = {2018-10-14 23:45:56 -0700},
	Journal = {Mathematics of Operations Research},
	Number = {1},
	Pages = {27--44},
	Publisher = {INFORMS},
	Title = {An analysis of the {EM} algorithm and entropy-like proximal point methods},
	Volume = {29},
	Year = {2004}}

@article{redner1984mixture,
	Author = {Redner, Richard A and Walker, Homer F},
	Date-Added = {2018-10-14 23:44:43 -0700},
	Date-Modified = {2018-10-14 23:44:43 -0700},
	Journal = {SIAM review},
	Number = {2},
	Pages = {195--239},
	Publisher = {SIAM},
	Title = {Mixture densities, maximum likelihood and the {EM} algorithm},
	Volume = {26},
	Year = {1984}}

@book{janson1997gaussian,
	Author = {Janson, Svante},
	Publisher = {Cambridge university press},
	Title = {Gaussian {H}ilbert {S}paces},
	Volume = {129},
	Year = {1997}}

@article{inglot2010inequalities,
	Author = {Inglot, Tadeusz},
	Journal = {Probability and Mathematical Statistics},
	Number = {2},
	Pages = {339--351},
	Title = {Inequalities for quantiles of the chi-square distribution},
	Volume = {30},
	Year = {2010}}

@article{Chen-2003,
	Author = {H. Chen and J. Chen},
	Journal = {Statistica Sinica},
	Pages = {351-365},
	Title = {Tests for homogeneity in normal mixtures in the presence of a structural parameter},
	Volume = {13},
	Year = {2003}}

@article{Shimotsu-2014,
	Author = {H. Kasahara and K. Shimotsu},
	Journal = {Journal of the American Statistical Association},
	Title = {Testing the number of components in normal mixture regression models},
	Year = {2014}}

@book{Vandegeer-2000,
	Author = {S. van de Geer},
	Publisher = {Cambridge University Press},
	Title = {Empirical Processes in M-estimation},
	Year = {2000}}

@book{Polak-book,
	Author = {E. Polak},
	Publisher = {Springer},
	Title = {Optimization: Algorithms and Consistent Approximations},
	Year = {1997}}

@book{Dudley-76,
	Author = {R. M. Dudley},
	Publisher = {Aarhus Universitet},
	Title = {Probabilities and metrics: Convergence of laws on metric spaces, with a view to statistical testing},
	Year = {1976}}

@book{Villani-03,
	Author = {C\'edric Villani},
	Publisher = {American Mathematical Society},
	Title = {Topics in Optimal Transportation},
	Year = {2003}}

@book{Villani-09,
	Author = {C\'edric Villani},
	Publisher = {Springer},
	Title = {Optimal transport: Old and New},
	Year = {2008}}

@book{Rachev-Ruschendorf,
	Author = {S. T. Rachev and L. Ruschendorf},
	Publisher = {Springer-Verlag},
	Title = {Mass transportation problems. Vol I: Theory, Vol II: Probability and its Applications},
	Year = {1998}}

@book{Rachev-91,
	Author = {S. T. Rachev},
	Publisher = {John Wiley and Sons Ltd.},
	Title = {Probability metrics and the stability of stochastic systems},
	Year = {1991}}

@article{Zhang-90,
	Author = {C. Zhang},
	Journal = {Annals of Statistics},
	Number = {2},
	Pages = {806--831},
	Title = {Fourier methods for estimating mixing densities and distributions},
	Volume = {18},
	Year = {1990}}

@article{Fan-91,
	Author = {J. Fan},
	Journal = {Annals of Statistics},
	Number = {3},
	Pages = {1257--1272},
	Title = {On the optimal rates of convergence for nonparametric deconvolution problems},
	Volume = {19},
	Year = {1991}}

@article{Carroll-Hall-88,
	Author = {R. J. Carroll and P. Hall},
	Journal = {Journal of American Statistical Association},
	Pages = {1184--1186},
	Title = {Optimal rates of convergence for deconvolving a density},
	Volume = {83},
	Year = {1988}}

@article{Caillerie-etal-11,
	Author = {C. Caillerie and F. Chazal and J. Dedecker and B. Michel},
	Journal = {Electronic Journal of Statistics},
	Pages = {1394--1423},
	Title = {Deconvolution for the {W}asserstein metric and geometric inference},
	Volume = {5},
	Year = {2011}}

@article{Dedecker-Michel-13,
	Author = {J. Dedecker and B. Michel},
	Journal = {Arxiv manuscript},
	Title = {Minimax rates of convergence for {W}asserstein deconvolution with supersmooth errors in any dimension},
	Year = {2013}}

@article{Bickel-Freedman-81,
	Author = {P. Bickel and D. Freedman},
	Journal = {Annals of Statistics},
	Number = {6},
	Pages = {1196--1217},
	Title = {Some asymptotic theory for the bootstrap},
	Volume = {9},
	Year = {1981}}

@article{delBarrio-etal-99,
	Author = {E. del Barrio and J. Cuesta-Albertos and C. Matr\'an and J. Rodr\'iguez-Rodr\'iguez},
	Journal = {Annals of Statistics},
	Number = {4},
	Pages = {1230--1239},
	Title = {Tests of goodness of fit based on the $L_2$-Wasserstein distance},
	Volume = {27},
	Year = {1999}}

@article{Mallows-72,
	Author = {C. Mallows},
	Journal = {Annals of Mathematical Statistics},
	Pages = {508--515},
	Title = {A note on asymptotic joint normality},
	Volume = {43},
	Year = {1972}}

@article{Dobrushin-70,
	Author = {R. Dobrushin},
	Journal = {Theory Probab. Appl.},
	Pages = {458--486},
	Title = {Describing a system of random variables by conditional distributions},
	Volume = {15},
	Year = {1970}}

@article{Gibbs-Su-02,
	Author = {A. L. Gibbs and F. E. Su},
	Journal = {International Statistical Review},
	Number = {3},
	Pages = {419--435},
	Title = {On choosing and bounding probability metrics},
	Volume = {70},
	Year = {2002}}

@book{Ferraty-Vieu-06,
	Author = {F. Ferraty and P. Vieu},
	Publisher = {Springer},
	Title = {Nonparametric Functional Data Analysis: {T}heory and {P}ractice},
	Year = {2006}}

@book{Ramsay-Silverman-02,
	Address = {New York},
	Author = {J. O. Ramsay and B. W. Silverman},
	Publisher = {Springer-Verlag},
	Title = {Applied functional data analysis: {M}ethods and case studies},
	Year = {2002}}

@book{Ramsay-Silverman-05,
	Author = {J. O. Ramsay and B.W. Silverman},
	Edition = {2},
	Publisher = {Springer},
	Title = {Functional Data Analysis},
	Year = {2006}}

@article{Abraham-etal-03,
	Author = {C. Abraham and P.A. Cornillon and E. Matzner-Lober and N. Molinari},
	Journal = {Scand. J. Statist.},
	Pages = {581--595},
	Title = {Unsupervised curve clustering using B-splines},
	Volume = {30},
	Year = {2003}}

@article{Biau-etal-08,
	Author = {G. Biau and L. Devroye and G. Lugosi},
	Journal = {IEEE Trans. Inform. Theory},
	Pages = {781--790},
	Title = {On the Performance of Clustering in Hilbert Spaces},
	Volume = {54},
	Year = {2008}}

@article{Chiou-Li-07,
	Author = {J.-M. Chiou and P.-L. Li},
	Journal = {J. Roy. Statist. Soc. Ser. B},
	Pages = {679--699},
	Title = {Functional clustering and identifying substructures of longitudinal data},
	Volume = {69},
	Year = {2007}}

@article{Cuesta-Albertos-Fraiman-07,
	Author = {J. A. Cuesta-Albertos and R. Fraiman},
	Journal = {Comput. Statist. Data Anal.},
	Pages = {4864--4877},
	Title = {Impartial trimmed k-means for functional data},
	Volume = {51},
	Year = {2007}}

@article{Dabo-Niang-etal-06,
	Author = {S. Dabo-Niang and F. Ferraty and P. Vieu},
	Journal = {Far East J. Theor. Stat.},
	Pages = {93--119},
	Title = {Mode estimation for functional random variable and its application for curves classication},
	Volume = {18},
	Year = {2006}}

@article{Fraiman-etal-08,
	Author = {R. Fraiman and A. Justel and M. Svarc},
	Journal = {J. Amer. Stat. Assoc.},
	Pages = {1294--1303},
	Title = {Selection of variables for cluster analysis and classication rules},
	Volume = {103},
	Year = {2008}}

@article{Fraiman-Muniz-01,
	Author = {R. Fraiman and G. Muniz},
	Journal = {Test},
	Pages = {419--440},
	Title = {Trimmed means for functional data},
	Volume = {10},
	Year = {2001}}

@article{James-Sugar-03,
	Author = {G. M. James and C.A. Sugar},
	Journal = {J. Amer. Stat. Assoc.},
	Pages = {397--408},
	Title = {Clustering for sparsely sampled functional data},
	Volume = {98},
	Year = {2003}}

@article{Ma-Zhong-08,
	Author = {P. Ma and W. Zhong},
	Journal = {J. Amer. Statist. Assoc.},
	Pages = {625--636},
	Title = {Penalized clustering of large-scale functional data with multiple covariates},
	Volume = {103},
	Year = {2008}}

@article{Tokushige-etal-07,
	Author = {S. Tokushige and H. Yadohisa and K. Inada},
	Journal = {Comput. Statist.},
	Pages = {1--16},
	Title = {Crisp and fuzzy k-means clustering algorithms for multivariate functional data},
	Volume = {22},
	Year = {2007}}

@article{ishwaran-zarepour,
	Author = {H. Ishwaran and M. Zarepour},
	Journal = {Statistica Sinica},
	Pages = {941--963},
	Title = {Dirichlet prior sieves in finite normal mixtures},
	Volume = {12},
	Year = {2002}}

@article{Teicher-63,
	Author = {H. Teicher},
	Journal = {Ann. Math. Statist.},
	Pages = {1265--1269},
	Title = {Identifiability of finite mixtures},
	Volume = {32},
	Year = {1963}}

@article{Ghosal-09,
	Author = {S. Ghosal},
	Journal = {Manuscript},
	Title = {Dirichlet process, related priors and posterior asymptotics},
	Year = {2007}}

@article{Ghosal-Ghosh-Ramamoorthi-99,
	Author = {S. Ghosal and J. K. Ghosh and R. V. Ramamoorthi},
	Journal = {Annals of Statistics},
	Pages = {143--158},
	Title = {Posterior consistency of {D}irichlet mixtures in density estimation},
	Volume = {27},
	Year = {1999}}

@article{Barron-Shervish-Wasserman-99,
	Author = {A. Barron and M. Schervish and L. Wasserman},
	Journal = {Ann. Statist},
	Pages = {536--561},
	Title = {The consistency of posterior distributions in nonparametric problems},
	Volume = {27},
	Year = {1999}}

@article{Wu-Ghosal,
	Author = {Y. Wu and S. Ghosal},
	Pages = {submitted},
	Title = {L1-Consistency of Dirichlet mixtures in multivariate Bayesian density estimation},
	Year = {2009}}

@book{Stein99,
	Address = {New York},
	Author = {M.L. Stein},
	Publisher = {Springer-Verlag},
	Title = {Interpolation of Spatial Data},
	Year = {1999}}

@inproceedings{MS-images,
	Author = {J. Winn and A. Criminisi and T. Minka},
	Booktitle = {Proc. IEEE Intl. Conf. on Computer Vision (ICCV)},
	Title = {Object Categorization by Learned Universal Visual Dictionary},
	Year = {2005}}

@article{Brumback-Rice98,
	Author = {B.A. Brumback and J. Rice},
	Journal = {J. Amer. Statist. Assoc.},
	Number = {443},
	Pages = {961--980},
	Title = {Smoothing spline models for the analysis of nested and crossed samples of curves},
	Volume = {93},
	Year = {1998}}

@article{Sudderth-et-al08,
	Author = {E. Sudderth and A. Torralba and W. Freeman and A. Willsky},
	Journal = {International Journal of Computer Vision},
	Title = {Describing Visual Scenes Using Transformed Objects and Parts},
	Volume = {77},
	Year = {2008}}

@article{Pritchard-et-al00,
	Author = {J. Pritchard and M. Stephens and P. Donnelly},
	Journal = {Genetics},
	Pages = {945--959},
	Title = {Inference of populaton structure using multilocus genotype data},
	Volume = {155},
	Year = {2000}}

@article{DeIorio-et-al,
	Author = {M. DeIorio and P. Muller and G.L. Rosner and S.N. MacEachern},
	Journal = {J. Amer. Statist. Assoc.},
	Pages = {205-215},
	Title = {An {ANOVA} model for dependent random measures},
	Volume = {99},
	Year = {2004}}

@article{Duan-et-al07,
	Author = {J. Duan and M. Guindani and A. Gelfand},
	Journal = {Biometrika},
	Number = {4},
	Pages = {809--825},
	Title = {Generalized spatial {D}irichlet processes},
	Volume = {94},
	Year = {2007}}

@article{Dunson-Park,
	Author = {D.B. Dunson and J.-H. Park},
	Journal = {Biometrika},
	Number = {2},
	Pages = {307--323},
	Title = {Kernel stick-breaking processes},
	Volume = {95},
	Year = {2008}}

@techreport{Dunson-kernellabel,
	Author = {D.B. Dunson},
	Institution = {Department of Statistical Science, Duke University},
	Number = {26},
	Title = {Kernel local partition processes for functional data},
	Year = {2008}}

@article{Dunson-partition,
	Author = {D.B. Dunson},
	Journal = {Biometrika},
	Pages = {to appear},
	Title = {Nonparametric Bayes local partition models for random effects},
	Year = {2008}}

@article{McLehose-Dunson,
	Author = {R. F. MacLehose and D.B. Dunson},
	Journal = {Statistica Sinica},
	Pages = {to appear},
	Title = {Nonparametric Bayes kernel-based priors for functional data analysis},
	Year = {2008}}

@techreport{Pillai-et-al,
	Author = {N. Pillai and F. Liang and S. Mukerjee and R. Wolpert and Q. Wu},
	Institution = {Departmet of Statistical Science, Duke University},
	Title = {Characterizing the function space for Bayesian kernel models},
	Year = {2006}}

@inproceedings{ksbp-images,
	Author = {Q. An and C. Wang and I. Shterev and E. Wang and L. Carin and D. Dunson},
	Booktitle = {International conference on machine learning},
	Title = {Hierachicial kernel stick-breaking process for multi-task image analysis},
	Year = {2008}}

@article{Ferguson,
	Author = {T.S. Ferguson},
	Journal = {Ann. Statist.},
	Pages = {209--230},
	Title = {A {B}ayesian analysis of some nonparametric problems},
	Volume = {1},
	Year = {1973}}

@article{Gelfand-et-al05,
	Author = {A.E. Gelfand and A. Kottas and S.N. MacEachern},
	Journal = {J. Amer. Statist. Assoc.},
	Pages = {1021--1035},
	Title = {Bayesian nonparametric spatial modeling with {D}irichlet process mixing},
	Volume = {100},
	Year = {2005}}

@techreport{Griffin-Steel-tech06,
	Author = {J.E. Griffin and M.F. Steel},
	Institution = {Dept. of Statistics, University of Warwick},
	Title = {Bayesian nonparametric spatial modeling with {D}irichlet process mixing},
	Year = {2005}}

@article{Griffin-Steel06,
	Author = {J.E. Griffin and M.F. Steel},
	Journal = {J. Amer. Statist. Assoc.},
	Pages = {179--194},
	Title = {Order-based dependent {D}irichlet processes},
	Volume = {101},
	Year = {2006}}

@article{Ishwaran-James,
	Author = {H. Ishwaran and L.F. James},
	Journal = {J. Amer. Statist. Assoc.},
	Pages = {161--173},
	Title = {Gibbs sampling methods for stick-breaking priors},
	Volume = {96},
	Year = {2001}}

@techreport{MacEachern00,
	Author = {S.N. MacEachern},
	Institution = {Ohio State University},
	Title = {Dependent {D}irichlet processes},
	Year = {2000}}

@article{PGG07,
	Author = {S. Petrone and M. Guidani and A.E. Gelfand},
	Journal = {J. Royal Stat. Soc. Series B},
	Title = {Hybrid {D}irichlet processes for functional data},
	Volume = {to appear},
	Year = {2009}}

@article{Rodriguez-et-al07,
	Author = {A. Rodriguez and D. Dunson and A.E. Gelfand},
	Journal = {J. Amer. Statist. Assoc.},
	Title = {The nested {D}irichlet process},
	Year = {to appear}}

@article{Sethuraman,
	Author = {J. Sethuraman},
	Journal = {Statistica Sinica},
	Pages = {639--650},
	Title = {A constructive definition of {D}irichlet priors},
	Volume = {4},
	Year = {1994}}

@article{Teh-et-al06,
	Author = {Y.W. Teh and M.I. Jordan and M.J. Beal and D.M. Blei},
	Journal = {J. Amer. Statist. Assoc.},
	Pages = {1566--1581},
	Title = {Hierarchical {D}irichlet processes},
	Volume = {101},
	Year = {2006}}

@article{Blei-et-al,
	Author = {D.M. Blei and A.Y. Ng and M.I. Jordan},
	Journal = {J. Mach. Learn. Res},
	Pages = {993--1022},
	Title = {Latent {D}irichlet allocation},
	Volume = {3},
	Year = {2003}}

@inproceedings{Wang-Grimson,
	Author = {X. Wang and E. Grimson},
	Booktitle = {Advances in neural information processing systems},
	Title = {Spatial latent {D}irichlet allocation},
	Year = {2008}}

@inproceedings{Figueiredo-et-al07,
	Author = {M.A. Figueiredo and D.S. Cheng and V. Murino},
	Booktitle = {Advances in neural information processing systems},
	Title = {Clustering under prior knowledge with application to image segmentation},
	Year = {2007}}

@article{Fernandez-Green,
	Author = {C. Fernandez and P. Green},
	Journal = {J. Roy. Statist. Soc, Series B},
	Pages = {805--826},
	Title = {Modelling spatially correlated data via mixtures: A {B}ayesian approach},
	Volume = {64},
	Year = {2002}}

@article{Green-Richardson,
	Author = {P. Green and S. Richardson},
	Journal = {J. Amer. Statist. Assoc.},
	Pages = {1055--1070},
	Title = {Hidden {M}arkov models and desease mapping},
	Volume = {97},
	Year = {2001}}

@book{Phelps93,
	Author = {R. R. Phelps},
	Publisher = {Springer},
	Title = {Convex functions, monotone operators and differentiability},
	Volume = {1364 of Lecture Notes in Math},
	Year = {1993}}

@techreport{Wainwright03,
	Author = {M. J. Wainwright and M. I. Jordan},
	Institution = {Dept of Statistics, UC Berkeley},
	Month = {Sept},
	Number = 649,
	Title = {Graphical models, exponential families, and variational inference},
	Year = 2003}

@book{Bertsekas_nonlin,
	Address = {Belmont, MA},
	Author = {D.P. Bertsekas},
	Publisher = {Athena Scientific},
	Title = {Nonlinear Programming},
	Year = {1995}}

@book{Berg84,
	Address = {New York},
	Editor = {C. Berg and J. P. R. Christensen and P. Ressel},
	Publisher = {Springer-Verglag},
	Title = {Harmonic analysis on semigroups},
	Year = 1984}

@article{Aronszajn50,
	Author = {N. Aronszajn},
	Journal = {Transactions of the American Mathematical Society},
	Pages = {337--404},
	Title = {Theory of reproducing kernels},
	Volume = {68},
	Year = 1950}

@book{Luenberger69,
	Address = {New York},
	Author = {D. G. Luenberger},
	Publisher = {Wiley},
	Title = {Optimization by Vector Space Methods},
	Year = 1969}

@book{Rockafellar,
	Address = {Princeton},
	Author = {G. Rockafellar},
	Publisher = {Princeton University Press},
	Title = {Convex Analysis},
	Year = {1970}}

@book{Urruty01,
	Author = {J. Hiriart-Urruty and C. Lemar\'echal},
	Publisher = {Springer},
	Title = {Fundamentals of Convex Analysis},
	Year = {2001}}

@article{Koltchinskii02,
	Author = {V. Koltchinskii and D. Panchenko},
	Journal = {Annals of Statistics},
	Pages = {1-50},
	Title = {Empirical margin distributions and bounding the generalization error of combined classifiers},
	Volume = {30},
	Year = 2002}

@article{Bousquet02,
	Author = {O. Bousquet and A. Elisseeff},
	Journal = {Journal of Machine Learning Research},
	Pages = {499--526},
	Title = {Stability and generalization},
	Volume = {2},
	Year = 2002}

@article{Freund97,
	Author = {Y. Freund and R. Schapire},
	Journal = {Journal of Computer and System Sciences},
	Pages = {119--139},
	Title = {A decision-theoretic generalization of on-line learning and an application to boosting},
	Volume = {55(1)},
	Year = {1997}}

@article{Bartlett02,
	Author = {P. Bartlett and S. Mendelson},
	Journal = {Journal of Machine Learning Research},
	Pages = {463--482},
	Title = {{G}aussian and {R}ademacher complexities: {R}isk bounds and structural results},
	Volume = {3},
	Year = 2002}

@inproceedings{Predd04,
	Author = {J. Predd and S. Kulkarni and H. V. Poor},
	Booktitle = {Proceedings of the COLT},
	Pages = {442--456},
	Title = {Consistency in Models for Communication Constrained Distributed Learning},
	Year = 2004}

@book{Weinert82,
	Address = {Stroudsburg, PA},
	Editor = {H. L. Weinert},
	Publisher = {Hutchinson Ross Publishing Co.},
	Title = {Reproducing Kernel Hilbert Spaces : Applications in Statistical Signal Processing},
	Year = {1982}}

@book{Saitoh88,
	Address = {Harlow, UK},
	Author = {S. Saitoh},
	Publisher = {Longman Scientific \& Technical},
	Title = {Theory of Reproducing Kernels and its Applications},
	Year = {1988}}

@article{Blackwell51,
	Author = {D. Blackwell},
	Journal = {Proceeding of 2nd Berkeley Symposium on Probability and Statistics},
	Pages = {93--102},
	Title = {Comparison of experiments},
	Volume = {1},
	Year = {1951}}

@article{Blackwell53,
	Author = {D. Blackwell},
	Journal = {Annals of Statistics},
	Pages = {265--272},
	Title = {Equivalent comparisons of experiments},
	Volume = {24(2)},
	Year = {1953}}

@article{Bradt56,
	Author = {R. Bradt and S. Karlin},
	Journal = {Annals of Statistics},
	Pages = {390-409},
	Title = {On the design and comparison of certain dichotomous experiments},
	Volume = {27(2)},
	Year = {1956}}

@article{Goel79,
	Author = {P. Goel and M. DeGroot},
	Journal = {Annals of Statistics},
	Pages = {1066--1077},
	Title = {Comparisons of experiments and information measures},
	Volume = {7(2)},
	Year = {1979}}

@article{Chernoff52,
	Author = {H. Chernoff},
	Journal = {Annals of Statistics},
	Pages = {493--507},
	Title = {A measure of asymptotic efficiency for tests of a hypothesis based on a sum of observations},
	Volume = {23},
	Year = {1952}}

@article{Massart00,
	Author = {P. Massart},
	Journal = {Annales de la Facult\'e des Sciences de Toulouse},
	Pages = {245--303},
	Title = {Some applications of concentration inequalities to statistics},
	Volume = {IX},
	Year = {2000}}

@inproceedings{McDiarmid89,
	Author = {C. McDiarmid},
	Booktitle = {Surveys in Combinatorics},
	Publisher = {(J. Simons, ed.) Cambridge University Press},
	Title = {On the method of bounded differences},
	Year = {1989}}

@book{vanderVaart-Wellner-96,
	Address = {New York, NY},
	Author = {A. W. van der Vaart and J. Wellner},
	Publisher = {Springer-Verlag},
	Title = {Weak Convergence and Empirical Processes},
	Year = {1996}}

@book{vanderVaart-98,
	Author = {A. W. van der Vaart},
	Publisher = {Cambridge University Press},
	Title = {Asymptotic Statistics},
	Year = {1998}}

@book{LeCam-86,
	Author = {L. Le \ Cam},
	Publisher = {Springer-Verlag},
	Title = {Asymptotic methods in statistical decision theory},
	Year = {1986}}

@book{vandeGeer-00,
	Author = {S. van de Geer},
	Publisher = {Cambridge University Press},
	Title = {Empirical processes in M-estimation},
	Year = {2000}}

@article{Zhang04,
	Author = {T. Zhang},
	Journal = {Annal of Statistics},
	Pages = {56--134},
	Title = {Statistical behavior and consistency of classification methods based on convex risk minimization},
	Volume = {53},
	Year = 2004}

@article{Zhang06-AoS,
	Author = {T. Zhang},
	Journal = {Ann. Statist.},
	Pages = {2180--2210},
	Title = {From $\epsilon$-entropy to {KL}-entropy: Analysis of Minimum Complexity Density Estimation},
	Volume = {34},
	Year = {2006}}

@article{Zhang06-IT,
	Author = {T. Zhang},
	Journal = {IEEE Trans.Info.},
	Pages = {1307--1321},
	Title = {Information Theoretical Upper and Lower Bounds for Statistical Estimation},
	Volume = {51},
	Year = {2006}}

@article{Steinwart05,
	Author = {I. Steinwart},
	Journal = {IEEE Trans. Info. Theory},
	Pages = {128-142},
	Title = {Consistency of support vector machines and other regularized kernel machines},
	Volume = {51},
	Year = {2005}}

@article{Friedman00,
	Author = {J. Friedman and T. Hastie and R. Tibshirani},
	Journal = {Annals of Statistics},
	Pages = {337--374},
	Title = {Additive logistic regression: A statistical view of boosting},
	Volume = {28},
	Year = {2000}}

@article{Bartlett05,
	Author = {P. Bartlett and M. I. Jordan and J. D. McAuliffe},
	Journal = {Journal of the American Statistical Association},
	Pages = {138--156},
	Title = {Convexity, classification and risk bounds},
	Volume = {101},
	Year = {2006}}

@article{Breiman98,
	Author = {L. Breiman},
	Journal = {Annals of Statistics},
	Pages = {801--824},
	Title = {Arcing classifiers},
	Volume = {26},
	Year = {1998}}

@article{Jiang04,
	Author = {W. Jiang},
	Journal = {Annals of Statistics},
	Pages = {13--29},
	Title = {Process consistency for Adaboost},
	Volume = {32},
	Year = {2004}}

@article{Lugosi04,
	Author = {G. Lugosi and N. Vayatis},
	Journal = {Annals of Statistics},
	Pages = {30--55},
	Title = {On the Bayes-risk consistency of regularized boosting methods},
	Volume = {32},
	Year = {2004}}

@article{Mannor03,
	Author = {S. Mannor and R. Meir and T. Zhang},
	Journal = {Journal of Machine Learning Research},
	Pages = {713--741},
	Title = {Greedy algorithms for classification - consistency, convergence rates and adaptivity},
	Volume = {4},
	Year = {2003}}

@article{Yang99,
	Author = {Y. Yang and A. Barron},
	Journal = {Annals of Statistics},
	Pages = {1564--1599},
	Title = {Information theoretic determination of minimax rates of convergence},
	Volume = {27},
	Year = {1999}}

@article{Guo05,
	Author = {D. Guo and S. Shamai and S. Verd{\'u}},
	Journal = {IEEE Trans. Information Theory},
	Number = {4},
	Pages = {1261--1283},
	Title = {Mutual Information and Minimum Mean-Square Error in Gaussian Channels},
	Volume = {51},
	Year = {2005}}

@book{Cover91,
	Author = {T. Cover and J. Thomas},
	Publisher = {Wiley},
	Title = {Elements of information theory},
	Year = {1991}}

@article{Csiszar-67,
	Author = {I. Csisz\'ar},
	Journal = {Studia Sci. Math. Hungar},
	Pages = {299--318},
	Title = {Information-type measures of difference of probability distributions and indirect observation},
	Volume = {2},
	Year = 1967}

@article{Ali-Silvey-66,
	Author = {S. M. Ali and S. D. Silvey},
	Journal = {J. Royal Stat. Soc. Series B},
	Pages = {131--142},
	Title = {A general class of coefficients of divergence of one distribution from another},
	Volume = {28},
	Year = 1966}

@article{Kailath1,
	Author = {T. Kailath},
	Journal = {{IEEE} {T}rans. {I}nfo. {T}heory.},
	Pages = {530--549},
	Title = {{RKHS} approach to detection and estimation problems---{P}art {I}: {D}eterministic signals in {G}aussian noise},
	Volume = {17},
	Year = 1971}

@article{Kailath98,
	Author = {T. Kailath and H. V. Poor},
	Journal = {{IEEE} {T}rans. {I}nfo. {T}heory.},
	Pages = {2230--2259},
	Title = {Detection of stochastic processes},
	Volume = {44},
	Year = 1998}

@article{Kailath67,
	Author = {T. Kailath},
	Journal = {IEEE Trans. on Communication Technology},
	Pages = {52--60},
	Title = {The Divergence and {B}hattacharyya Distance Measures in Signal Selection},
	Volume = {15(1)},
	Year = 1967}

@article{Longo90,
	Author = {M. Longo and T. Lookabaugh and R. Gray},
	Journal = {IEEE Trans. on Information Theory},
	Pages = {241--255},
	Title = {Quantization for Decentralized Hypothesis Testing under Communication Contraints},
	Volume = {36(2)},
	Year = 1990}

@article{Poor77,
	Author = {H. V. Poor and J. B. Thomas},
	Journal = {IEEE Trans. on Communications},
	Pages = {893--900},
	Title = {Applications of {A}li-{S}ilvey distance measures in the design of generalized quantizers for binary decision systems},
	Volume = {25},
	Year = 1977}

@article{Tenney81,
	Author = {R. R. Tenney and Sandell, N. R. Jr.},
	Journal = {IEEE Trans. Aero. Electron. Sys.},
	Pages = {501--510},
	Title = {Detection with Distributed Sensors},
	Volume = {17},
	Year = 1981}

@book{vanTrees,
	Address = {Melbourne, FL},
	Author = {H. L. van Trees},
	Publisher = {Krieger Publishing Co.},
	Title = {Detection, Estimation and Modulation Theory},
	Year = {1990}}

@unpublished{Luo03,
	Author = {Z. Luo},
	Month = {September},
	Title = {Universal decentralized estimation in a bandwidth constrained sensor network},
	Year = {2003}}

@incollection{Tsitsiklis93,
	Author = {J. N. Tsitsiklis},
	Booktitle = {Advances in Statistical Signal Processing},
	Editors = {H. V. Poor and J. B. Thomas},
	Pages = {297--344},
	Publisher = {JAI Press},
	Title = {Decentralized Detection},
	Year = 1993}

@article{Tsitsiklis93-extremal,
	Author = {J. Tsitsiklis},
	Journal = {IEEE Trans. on Communication},
	Pages = {550--558},
	Title = {Extremal properties of likelihood-ratio quantizers},
	Volume = {41(4)},
	Year = {1993}}

@incollection{Kassam93,
	Author = {S. A. Kassam},
	Booktitle = {Advances in Statistical Signal Processing},
	Editors = {H. V. Poor and J. B. Thomas},
	Publisher = {JAI Press},
	Title = {Nonparametric signal detection},
	Year = 1993}

@book{Poor94,
	Author = {H. V. Poor},
	Edition = {2},
	Publisher = {New York: Springer-Verlag},
	Title = {An introduction to signal detection and estimation},
	Year = {1994}}

@article{Viswanathan89,
	Author = {R. Viswanathan and A. Ansari},
	Journal = {IEEE Trans. Acoust., Speech, and Signal Process.},
	Pages = {775--778},
	Title = {Distributed detection of a signal in generalized {G}aussian noise},
	Volume = {37},
	Year = {1989}}

@article{Topsoe,
	Author = {F. Topsoe},
	Journal = {IEEE Transactions on Information Theory},
	Pages = {1602--1609},
	Title = {Some inequalities for information divergence and related measures of discrimination},
	Volume = {46},
	Year = {2000}}

@article{Nasipuri97,
	Author = {A. Nasipuri and S. Tantaratana},
	Journal = {Signal Processing},
	Number = {2},
	Pages = {139-146},
	Publisher = {Elsevier Press},
	Title = {Nonparametric distributed detection using {W}ilcoxon statistics},
	Volume = {57},
	Year = {1997}}

@article{Blum97,
	Author = {R. S. Blum and S. A. Kassam and H. V. Poor},
	Journal = {Proceedings of the IEEE},
	Pages = {64--79},
	Title = {Distributed detection with multiple sensors: {P}art {II} --- Advanced Topics},
	Volume = {85},
	Year = 1997}

@inproceedings{Han90,
	Author = {J. Han and P. K. Varshney and V. C. Vannicola},
	Booktitle = {Proc. 29th Conf. on Decision and Control},
	Pages = {2698--2703},
	Title = {Some results on distributed nonparametric detection},
	Year = {1990}}

@inproceedings{Al-Ibrahim89,
	Author = {M. M. Al-Ibrahim and P. K. Varshney},
	Booktitle = {Proc. 23rd Annu. Conf. on Inform. Sci. and Syst.},
	Pages = {157--162},
	Title = {Nonparametric sequential detection based on multisensor data},
	Year = {1989}}

@article{Hussaini89,
	Author = {E. K. Hussaini and A. A. M. Al-Bassiouni and Y. A. El-Far},
	Journal = {Signal Processing},
	Pages = {299-307},
	Title = {Decentralized {CFAR} signal detection},
	Volume = {44},
	Year = {1995}}

@article{Veeravalli93,
	Author = {V. V. Veeravalli and T. Basar and H. V. Poor},
	Journal = {IEEE Trans. Info. Theory},
	Number = {2},
	Pages = {433--442},
	Title = {Decentralized sequential detection with a fusion center performing the sequential test},
	Volume = {39},
	Year = {1993}}

@article{Chamberland03,
	Author = {J. F. Chamberland and V. V. Veeravalli},
	Journal = {IEEE Transactions on Signal Processing},
	Number = {2},
	Pages = {407--416},
	Title = {Decentralized detection in sensor networks},
	Volume = {51},
	Year = {2003}}

@article{Nguyen04,
	Author = {X. Nguyen and M. J. Wainwright and M. I. Jordan},
	Journal = {IEEE Transactions on Signal Processing},
	Number = {11},
	Pages = {4053--4066},
	Title = {Nonparametric decentralized detection using kernel methods},
	Volume = {53},
	Year = {2005}}

@inproceedings{Nguyen-nips05,
	Address = {Cambridge, MA},
	Author = {X. Nguyen and M. J. Wainwright and M. I. Jordan},
	Booktitle = {Advances in Neural Information Processing Systems 11},
	Publisher = {MIT Press},
	Title = {Divergence measures, surrogate loss functions and experiment design},
	Year = 2005}

@techreport{Nguyen05,
	Author = {X. Nguyen and M. J. Wainwright and M. I. Jordan},
	Institution = {Department of Statistics, University of California at Berkeley},
	Month = {September},
	Number = 695,
	Title = {On divergences, surrogate loss functions and decentralized detection},
	Year = 2005}

@article{Nguyen-aos-09,
	Author = {X. Nguyen and M. J. Wainwright and M. I. Jordan},
	Journal = {Annals of Statistics},
	Number = {2},
	Pages = {876--904},
	Title = {On surrogate loss functions and $f$-divergences},
	Volume = {37},
	Year = {2009}}

@article{Nguyen-ieee-10,
	Author = {X. Nguyen and M. J. Wainwright and M. I. Jordan},
	Journal = {IEEE Transactions on Information Theory},
	Number = {11},
	Pages = {5847--5861},
	Title = {Estimating divergence functionals and the likelihood ratio by convex risk minimization},
	Volume = {56},
	Year = {2010}}

@inproceedings{Jaakkola99,
	Address = {Cambridge, MA},
	Author = {T. Jaakkola and D. Haussler},
	Booktitle = {Advances in Neural Information Processing Systems 11},
	Publisher = {MIT Press},
	Title = {Exploiting generative models in discriminative classifiers},
	Year = 1999}

@inproceedings{Taskar03,
	Author = {B. Taskar and C. Guestrin and D. Koller},
	Booktitle = {Advances in neural information processing systems},
	Title = {Max-{M}argin {M}arkov {N}etworks},
	Year = 2003}

@inproceedings{Dougherty,
	Author = {J. Dougherty and R. Kohavi and M. Sahami},
	Booktitle = {International conference on machine learning},
	Title = {Supervised and unsupervised discretization of continuous features},
	Year = 1995}

@article{Cortes95,
	Author = {C. Cortes and V. Vapnik},
	Journal = {Machine Learning},
	Number = {3},
	Pages = {273-297},
	Title = {Support-Vector Networks},
	Volume = {20},
	Year = {1995}}

@misc{UCI,
	Author = {C.L. Blake and C.J. Merz},
	Institution = {University of California, Irvine, Dept. of Information and Computer Sciences},
	Title = {{UCI} Repository of machine learning databases},
	Url = {http://www.ics.uci.edu/$\sim$mlearn/MLRepository.html},
	Year = {1998},
	Bdsk-Url-1 = {http://www.ics.uci.edu/$%5Csim$mlearn/MLRepository.html}}

@article{Tsuda02,
	Author = {K. Tsuda and T. Kin and K. Asai},
	Journal = {Bioinformatics},
	Pages = {268--275},
	Title = {Marginalized Kernels for Biological Sequences},
	Volume = {18},
	Year = 2002}

@book{Scholkopf02,
	Address = {Cambridge, MA},
	Author = {B. Sch\"olkopf and A. Smola},
	Publisher = {MIT Press},
	Title = {Learning with Kernels},
	Year = {2002}}

@book{Cristianini00,
	Author = {N. Cristianini and J. Shawe-Taylor},
	Publisher = {Cambridge University Press},
	Title = {An Introduction to Support Vector Machines (and other kernel based learning methods)},
	Year = {2000}}

@article{Chong03,
	Author = {C. Chong and S. P. Kumar},
	Journal = {Proceedings of the IEEE},
	Pages = {1247--1256},
	Title = {Sensor Networks: Evolution, Opportunities, and Challenges},
	Volume = {91},
	Year = 2003}

@inproceedings{Bodik05,
	Address = {Seattle},
	Author = {P. Bodik and G. Friedman and L. Biewald and H. Levine and G. Candea and K. Patel and G. Tolle and J. Hui and A. Fox and M. I. Jordan and D. Patterson},
	Booktitle = {Proceedings of the 2nd IEEE Int'l Conf. on Auto. Computing (ICAC)},
	Title = {Combining Visualization and Statistical Analysis to Improve Operator Confidence and Efficiency for Failure Detection and Localization},
	Year = {2005}}

@article{CortesVapnik,
	Author = {Corinna Cortes and Vladimir Vapnik},
	Journal = {Machine Learning},
	Number = {3},
	Pages = {273-297},
	Title = {Support-vector networks},
	Volume = {20},
	Year = {1995}}

@article{Chen1992,
	Author = {J. Chen},
	Journal = {Annals of Statistics},
	Number = {1},
	Pages = {221-233},
	Title = {Optimal rate of convergence for finite mixture models},
	Volume = {23},
	Year = {1995}}

@article{Yakowitzspragins-1968,
	Author = {S. J. Yakowitz and J. D. Spragins},
	Journal = {Annals of Statistics},
	Number = {1},
	Pages = {209-214},
	Title = {On the identifiability of finite mixtures},
	Volume = {39},
	Year = {1968}}

@article{Nguyen-13,
	Author = {X. Nguyen},
	Journal = {Annals of Statistics},
	Number = {1},
	Pages = {370-400},
	Title = {Convergence of latent mixing measures in finite and infinite mixture models},
	Volume = {4},
	Year = {2013}}

@article{Ghosal-2001,
	Author = {S. Ghosal and A. van der Vaart},
	Journal = {Annals of Statistics},
	Pages = {1233-1263},
	Title = {Entropies and rates of convergence for maximum likelihood and {b}ayes estimation for mixtures of normal densities},
	Volume = {29},
	Year = {2001}}

@book{Lindsay-1995,
	Author = {B. Lindsay},
	Publisher = {In NSF-CBMS Regional Conference Series in Probability and Statistics. IMS, Hayward, CA.},
	Title = {Mixture {M}odels: Theory, {G}eometry and {A}pplications},
	Year = {1995}}

@book{Mclachlan-1988,
	Author = {G. J. McLachlan and K. E. Basford},
	Publisher = {New York},
	Title = {Mixture {M}odels: Inference and Applications to Clustering. Statistics: Textbooks and Monographs.},
	Year = {1988}}

@article{Vandegeer-1996,
	Author = {S. van de Geer},
	Journal = {Journal of Nonparametric Statistics},
	Pages = {293-310},
	Title = {Rates of convergence for the maximum likelihood estimator in mixture models.},
	Volume = {6},
	Year = {1996}}

@article{Shen-1994,
	Author = {X. Shen and W. H. Wong},
	Journal = {Annals of Statistics},
	Pages = {580-615},
	Title = {Convergence rate of sieves estimates.},
	Volume = {22},
	Year = {1994}}

@article{Shen-2001,
	Author = {X. Shen and L. Wasserman},
	Journal = {Annals of Statistics},
	Pages = {687-714},
	Title = {Rates of convergence of posterior distributions.},
	Volume = {29},
	Year = {2001}}

@article{Ghosal-2000,
	Author = {S. Ghosal and J. K. Ghosh and A. van der Vaart},
	Journal = {Annals of Statistics},
	Pages = {500-531},
	Title = {Convergence rates of posterior distributions},
	Volume = {28},
	Year = {2000}}

@article{Walker-2007,
	Author = {S. G. Walker and A. Lijoi and I. Prunster},
	Journal = {Annals of Statistics},
	Pages = {738-746},
	Title = {On rates of convergence for posterior distributions in infinite-dimensional models},
	Volume = {35},
	Year = {2007}}

@article{Ghosal-2007,
	Author = {S. Ghosal and A. van der Vaart},
	Journal = {Annals of Statistics},
	Pages = {697-723},
	Title = {Posterior convergence rates of {D}irichlet mixtures at smooth densities},
	Volume = {35},
	Year = {2007}}

@article{Ghosal-1999,
	Author = {S. Ghosa and J. K. Ghosh and R. V. Ramamoorthi},
	Journal = {Annals of Statistics},
	Pages = {143-158},
	Title = {Posterior consistency of {D}irichlet mixtures in density estimation},
	Volume = {27},
	Year = {1999}}

@article{Wasserman-2000,
	Author = {C. R. Genovese. and L. Wasserman},
	Journal = {Annals of Statistics},
	Pages = {1105-1127},
	Title = {Rates of convergence for the Gaussian mixture sieve},
	Volume = {28},
	Year = {2000}}

@book{Villani-2003,
	Author = {C. Villani},
	Publisher = {58. Amer.Math.Soc.,Providence,RI.},
	Title = {Topics in Optimal Transportation.Graduate Studies in Mathematics},
	Year = {2003}}

@book{villani2008optimal,
  title={Optimal transport: old and new},
  author={Villani, C{\'e}dric},
  volume={338},
  year={2008},
  publisher={Springer Science \& Business Media}
}

@article{Teicher-1961,
	Author = {H. Teicher},
	Journal = {Annals of Statistics},
	Pages = {244-248},
	Title = {Identifiability of Mixtures},
	Volume = {32},
	Year = {1961}}

@article{Teicher-1960,
	Author = {H. Teicher},
	Journal = {Annals of Statistics},
	Pages = {55-73},
	Title = {On the mixture of distributions},
	Volume = {31},
	Year = {1960}}

@article{Teicher-1963,
	Author = {H. Teicher},
	Journal = {Annals of Statistics},
	Pages = {1265-1269},
	Title = {Identifiability of finite mixtures},
	Volume = {34},
	Year = {1963}}

@article{Teicher-1967,
	Author = {H. Teicher},
	Journal = {Annals of Statistics},
	Pages = {1300-1302},
	Title = {Identifiability of mixtures of product measures},
	Volume = {38},
	Year = {1967}}

@article{Osiewalski-1993,
	Author = {J. Osiewalski and M. F. J. Steel},
	Journal = {Biometrika},
	Pages = {456-460},
	Title = {Robust Bayesian Inference in $l_{q}$-spherical models},
	Volume = {80},
	Year = {1993}}

@article{Kent-1983,
	Author = {J. T. Kent},
	Journal = {Annals of Statistics},
	Pages = {984-988},
	Title = {Identifiability of finite mixtures for directional data},
	Volume = {11},
	Year = {1983}}

@article{Fraser-1981,
	Author = {Y. S. Hsu and M. D. Fraser and J. J. Walker},
	Journal = {Annals of Statistics},
	Pages = {1130-1131},
	Title = {Identifiability of finite mixtures of von Mises distributions},
	Volume = {9},
	Year = {1981}}

@article{Mardia-1975,
	Author = {K. V. Mardia},
	Journal = {Journal of the Royal Statistical Society. Series B(Methodological)},
	Pages = {349-393},
	Title = {Statistics of directional data},
	Volume = {37},
	Year = {1975}}

@article{Ali-1966,
	Author = {S. M. Ali and S. D. Silvey},
	Journal = {Journal of the Royal Statistical Society. Series B(Methodological)},
	Pages = {131-142},
	Title = {A general class of coefficients of divergence of one distribution from another},
	Volume = {28},
	Year = {1966}}

@article{Peel-2000,
	Author = {D. Peel and G. J. McLachlan},
	Journal = {Statistics and Computing},
	Pages = {339-348},
	Title = {Robust mixture modelling using the t distribution},
	Volume = {10},
	Year = {2000}}

@article{Azzalini-1996,
	Author = {A. Azzalini and A. D. Valle},
	Journal = {Biometrika},
	Pages = {715-726},
	Title = {The multivariate skew-normal distribution},
	Volume = {83},
	Year = {1996}}

@article{Azzalini-1999,
	Author = {A. Azzalini and A. Capitanio},
	Journal = {Journal of the Royal Statistical Society, Series B(Methodological)},
	Pages = {579-602},
	Title = {Statistical applications of the multivariate skew-normal distribution},
	Volume = {61},
	Year = {1999}}

@article{Allman-2009,
	Author = {E. S. Allman and C. Matias and J. A. Rhodes},
	Journal = {Annals of Statistics},
	Pages = {3099-3132},
	Title = {Identifiability of parameters in latent structure models with many observed variables},
	Volume = {37},
	Year = {2009}}

@article{PeterHall-2003,
	Author = {P. Hall and X. -H. Zhou},
	Journal = {Annals of Statistics},
	Pages = {201-224},
	Title = {Nonparametric estimation of component distributions in a multivariate mixture},
	Volume = {31},
	Year = {2003}}

@article{PeterHall-2005,
	Author = {P. Hall and A. Neeman and R. Pakyari and R. Elmore},
	Journal = {Biometrika},
	Pages = {667-678},
	Title = {Nonparametric inference in multivariate mixtures},
	Volume = {92},
	Year = {2005}}

@article{HallNeeman-2005,
	Author = {R. Elmore and P. Hall and A. Neeman},
	Journal = {Ann. Inst. Fourier (Grenoble)},
	Pages = {1-28},
	Title = {An application of classical invariant theory to identifiability in nonparametric mixtures},
	Volume = {55},
	Year = {2005}}

@article{LeCam-73,
	Author = {L. Le \ Cam},
	Journal = {Annals of Statistics},
	Pages = {38-53},
	Title = {Convergence of estimates under dimensionality reductions},
	Volume = {1},
	Year = {1973}}

@phdthesis{Bruno-Thesis,
	Author = {B. Buchberger},
	School = {Johannes Kepler University of Linz},
	Title = {An algorithm for finding the basis elements of the residue class ring of a zero dimensional polynomial ideal},
	Year = {1965}}

@book{Sturmfels,
	Author = {B. Sturmfels},
	Publisher = {Providence R.I},
	Title = {Solving system of polynomial equations},
	Year = {2002}}

@article{Wiper-01,
	Author = {M. Wiper and D. R. Insua and F. Ruggeri},
	Journal = {Journal of Computational and Graphical Statistics},
	Pages = {440-454},
	Title = {Mixtures of Gamma distributions with applications},
	Volume = {10},
	Year = {2001}}

@article{Lee-13,
	Author = {S. X. Lee and G. J. McLachlan},
	Journal = {Advances in Data Analysis and Classification},
	Pages = {241-266},
	Title = {On mixtures of skew normal and skew t -distributions},
	Volume = {7},
	Year = {2013}}

@article{Ghosal-13,
	Author = {S. Ghosal and A. Roy},
	Journal = {Journal of the American Statistical Association},
	Pages = {1208-1217},
	Title = {Predicting false discovery proportion under dependence},
	Volume = {106},
	Year = {2011}}

@article{Weisel-13,
	Author = {T. Zhang and A. Weisel and M. S. Greco},
	Journal = {IEEE Transactions on Signal Processing},
	Pages = {4141-4148},
	Title = {Multivariate generalized Gaussian distribution: Convexity and graphical models},
	Volume = {61},
	Year = {2013}}

@article{Teicher-67,
	Author = {H. Teicher},
	Journal = {Annals of Statistics},
	Pages = {1300-1302},
	Title = {Identifiability of mixtures of product measures},
	Volume = {38},
	Year = {1967}}

@article{Ho-Nguyen-EJS-16,
	Author = {N. Ho and X. Nguyen},
	Journal = {Electronic Journal of Statistics},
	Pages = {271-307},
	Title = {On strong identifiability and convergence rates of parameter estimation in finite mixtures},
	Volume = {10},
	Year = {2016}}

@article{Kulis-2012,
	Author = {B. Kulis and M. I. Jordan},
	Journal = {Proceedings of the $29^{\text{th}}$ International Conference on Machine Learning},
	Title = {Revisiting k-means: new algorithm via Bayesian nonparametrics},
	Year = {2012}}

@article{Hallin-2012,
	Author = {M. Hallin and C. Ley},
	Journal = {Bernoulli},
	Pages = {747-763},
	Title = {Skew-symmetric distributions and Fisher information - a tale of two densities},
	Volume = {18},
	Year = {2012}}

@article{Hallin-2014,
	Author = {M. Hallin and C. Ley},
	Journal = {Bernoulli},
	Pages = {1432-1453},
	Title = {Skew-symmetric distributions and Fisher information: the double sin of skew-normal},
	Volume = {20},
	Year = {2014}}

@article{Chiogna-2005,
	Author = {M. Chiogna},
	Journal = {Statistical Methods and Applications},
	Pages = {331-341},
	Title = {A note on the asymptotic distribution of the maximum likelihood estimator for the scalar skew-normal distribution},
	Volume = {14},
	Year = {2005}}

@article{Azzalini-1986,
	Author = {A. Azzalini},
	Journal = {Statistica (Bologna)},
	Pages = {199-208},
	Title = {Further results on a class of distributions which includes the normal ones},
	Volume = {46},
	Year = {1986}}

@article{Diciccio-2004,
	Author = {T. J. DiCiccio and A. C. Monti},
	Journal = {Journal of the American Statistical Association},
	Pages = {439-450},
	Title = {Inferential aspects of the skew-exponential power distribution},
	Volume = {99},
	Year = {2004}}

@article{Tsung-2007,
	Author = {T. I. Lin and J. C. Lee and S. Y. Yen},
	Journal = {Statistica Sinica},
	Pages = {909-927},
	Title = {Finite mixture modelling using the skew normal distribution},
	Volume = {17},
	Year = {2007}}

@article{Ley-2010,
	Author = {C. Ley and D. Paindaveine},
	Journal = {Journal of Multivariate Analysis},
	Pages = {1434-1444},
	Title = {On the singularity of multivariate skew-symmetric models},
	Volume = {101},
	Year = {2010}}

@article{Nguyen-2015,
	Author = {X. Nguyen},
	Journal = {Bernoulli},
	Title = {Borrowing strength in hierarchical {B}ayes: convergence of the {D}irichlet base measure},
	Year = {2015}}

@article{Azzalini-2003,
	Author = {A. Azzalini and A. Capitanio},
	Journal = {Journal of Royal Statistical Society: Series B (Statistical Methodology)},
	Pages = {367-389},
	Title = {Distributions generated by perturbation of symmetry with emphasis on a multivariate skew t distribution},
	Volume = {65},
	Year = {2003}}

@article{Lin-2009,
	Author = {T. I. Lin},
	Journal = {Journal of Multivariate Analysis},
	Pages = {257-265},
	Title = {Maximum likelihood estimation for multivariate skew normal mixture models},
	Volume = {100},
	Year = {2009}}

@article{Lin-2010,
	Author = {T. I. Lin},
	Journal = {Statistics and Computing},
	Pages = {343-356},
	Title = {Robust mixture modeling using multivariate skew t-distributions},
	Volume = {20},
	Year = {2010}}

@article{Lin-2007,
	Author = {T. I. Lin and J. C. Lee and W. J. Hsieh},
	Journal = {Statistics and Computing},
	Pages = {81-92},
	Title = {Robust mixture modelling using the skew t-distribution},
	Volume = {17},
	Year = {2007}}

@article{Lee-2014,
	Author = {S. Lee and G. J. McLachlan},
	Journal = {Statistics and Computing},
	Pages = {181-202},
	Title = {Finite mixtures of multivariate skew t-distributions: some recent and new results},
	Volume = {24},
	Year = {2014}}

@article{Lin-2012,
	Author = {H. J. Ho and S. Pyne and T. I. Line},
	Journal = {Statistics and Computing},
	Pages = {287-299},
	Title = {Maximum likelihood inference for mixtures of skew student- t-Normal distributions through practical EM-type algorithms},
	Volume = {22},
	Year = {2012}}

@article{Prates-2013,
	Author = {M. O. Prates and C. R. B. Cabral and V. H. Lachos},
	Journal = {Journal of Statistical Software},
	Title = {mixsmsn: fitting finite mixture of scale mixture of skew-normal distributions},
	Volume = {54},
	Year = {2013}}

@article{Sylvia-2009,
	Author = {S. W. Schnatter and S. Pyne},
	Journal = {Biostatistics},
	Pages = {317-336},
	Title = {Bayesian inference for finite mixtures of univariate and multivariate skew-normal and skew-t distributions},
	Volume = {11},
	Year = {2009}}

@article{Genton-2008,
	Author = {R. B. Arellano-Valle and L. M. Castro and M. C. Genton and H. W. G{\'o}mez},
	Journal = {Bayesian Analysis},
	Pages = {513-540},
	Title = {Bayesian inference for shape mixtures of skewed distributions, with application to regression analysis},
	Volume = {3},
	Year = {2008}}

@article{Genton-2009,
	Author = {R. B. Arellano-Valle and M. C. Genton and R. H. Loschi},
	Journal = {Journal of Multivariate Analysis},
	Pages = {91-101},
	Title = {Shape mixtures of multivariate skew-normal distributions},
	Volume = {100},
	Year = {2009}}

@article{Zeller-2015,
	Author = {C. B. Zeller and C. R. B. Cabral and V. H. Lachos},
	Journal = {TEST},
	Pages = {1-22},
	Title = {Robust mixture regression modeling based on scale mixtures of skew-normal distributions},
	Year = {2015}}

@article{Azzallini-1985,
	Author = {A. Azzallini},
	Journal = {Scadinavian Journal of Statistics},
	Pages = {171-178},
	Title = {A class of distributions which includes the normal ones},
	Volume = {12},
	Year = {1985}}

@article{Azzallini-2008,
	Author = {R. B. Arellano-Valle and A. Azzallini},
	Journal = {Journal of Multivariate Analysis},
	Pages = {1362-1382},
	Title = {The centred parametrization for the multivariate skew-normal distribution.},
	Volume = {99},
	Year = {2008}}

@book{Genton-2004,
	Author = {M. G. Genton},
	Publisher = {Boca Raton, FL: Chapman and Hall/ CRC},
	Title = {Skew-elliptical distributions and their applications: a journey beyond normality},
	Year = {2004}}

@article{Wang-Genton-2004,
	Author = {J. Wang and J. Boyer and M. C. Genton},
	Journal = {Statistica Sinica},
	Pages = {1259-1270},
	Title = {A skew-symmetric representation of multivariate distribution},
	Volume = {14},
	Year = {2004}}

@article{Canale-2015,
	Author = {A. Canale and B. Scarpa},
	Journal = {TEST},
	Pages = {1-18},
	Title = {Bayesian nonparametric location-scale-shape mixtures},
	Year = {2015}}

@article{Ishwaran-2001,
	Author = {H. Ishwaran and L. F. James and J. Sun},
	Journal = {Journal of the American Statistical Association},
	Pages = {1316-1332},
	Title = {Bayesian model selection in finite mixtures by marginal density decompositions},
	Volume = {96},
	Year = {2001}}

@article{Rousseau-2011,
	Author = {J. Rousseau and K. Mengersen},
	Journal = {Journal of the Royal Statistical Society: Series B (Statistical Methodology)},
	Pages = {689-710},
	Title = {Asymptotic behaviour of the posterior distribution in overfitted mixture models},
	Volume = {73},
	Year = {2011}}

@article{Dunson-2012,
	Author = {F. Petralia and V. Rao and D. B. Dunson},
	Journal = {Advances in Neural Information Processing Systems},
	Title = {Repulsive mixtures},
	Year = {2012}}

@article{Rotnitzky-2000,
	Author = {A. Rotnitzky and D. R. Cox and M. Bottai and J. Robins},
	Journal = {Bernoulli},
	Pages = {243-284},
	Title = {Likelihood-based inference with singular information matrix},
	Volume = {6},
	Year = {2000}}

@article{Jonas-2016,
	Author = {P. Heinrich and J. Kahn},
	Date-Modified = {2018-10-05 11:51:06 -0700},
	Journal = {Annals of Statistics},
	Pages = {2844-2870},
	Title = {Strong identifiability and optimal minimax rates for finite mixture estimation},
	Volume = {46},
	Year = {2018}}

@article{Chesher-Lee-86,
	Author = {L. F. Lee and A. Chesher},
	Journal = {Journal of Econometrics},
	Pages = {33-61},
	Title = {Specification testing when score test statistics are identically zero},
	Volume = {31},
	Year = {1986}}

@article{Chen-2016,
	Author = {J. Chen},
	Journal = {arXiv preprint arXiv:1607.01251},
	Title = {Consistency of the MLE under mixture models},
	Year = {2016}}

@article{Chen-2008,
	Author = {J. Chen and X. Tan and R. Zhang},
	Journal = {Statistica Sinica},
	Pages = {443-465},
	Title = {Inference for normal mixtures in mean and variance},
	Volume = {18},
	Year = {2008}}

@book{Vandegeer,
	Author = {S. van de Geer},
	Publisher = {Cambridge University Press},
	Title = {Empirical Processes in M-estimation},
	Year = {2000}}

@book{Cox-etal,
	Author = {D. Cox and J. Little and D. O'Shea},
	Publisher = {Springer},
	Title = {Ideals, Varieties, and Algorithms: An Introduction to Computational Algebraic Geometry and Commutative Algebra},
	Year = {2007}}

@book{Stumfel-2002,
	Author = {B. Stumfel},
	Publisher = {Providence, RI: American Mathematical Soc},
	Title = {Solving systems of polynomial equations},
	Year = {2002}}

@article{Xiao-14,
	Author = {S. Xiao and G. Zeng},
	Journal = {Science China Mathematics},
	Pages = {397-416},
	Title = {Determination of the limits for multivariate rational functions},
	Volume = {57},
	Year = {2014}}

@article{Kiefer-82,
	Author = {N. M. Kiefer},
	Title = {A remark on the parameterization of a model for heterogeneity.},
	Volume = {Working paper no 278. Department of Economics, Cornell University, Ithaca, NY.},
	Year = {1982}}

@techreport{Ho-Nguyen-skewnormalTR,
	Author = {N. Ho and X. Nguyen},
	Institution = {Department of Statistics, University of Michigan},
	Number = {540},
	Title = {Singularity structures and impacts on parameter estimation in finite mixtures of distributions},
	Year = {2016}}

@article{Gassiat-2009,
	Author = {W. Toussile and E. Gassiat},
	Journal = {Advances in Data Analysis and Classification},
	Pages = {109-134},
	Title = {Variable selection in model-based clustering using multilocus genotype data},
	Volume = {3},
	Year = {2009}}

@article{Handel-2014,
	Author = {E. Gassiat and R. V. Handel},
	Journal = {Transaction of the American Mathematical Society},
	Pages = {1047-1072},
	Title = {The local geometry of finite mixtures},
	Volume = {366},
	Year = {2014}}

@book{Basu-2006,
	Author = {S. Basu and R. Pollack and M. Roy},
	Publisher = {Springer-Verlag Berlin Heidelberg},
	Title = {Algorithms in real algebraic geometry},
	Year = {2006}}

@article{Jacob_Jordan-1991,
	Author = {R. A. Jacobs and M. I. Jordan and S. J. Nowlan and G. E. Hinton},
	Journal = {Neural Computation},
	Page = {79-87},
	Title = {Adaptive mixtures of local experts},
	Volume = {3},
	Year = {1991}}

@article{Xu_Jordan-1995,
	Author = {M. I. Jordan and L. Xu},
	Journal = {Neural Networks},
	Page = {1409-1431},
	Title = {Convergence results for the {EM} approach to mixtures of experts architectures},
	Volume = {8},
	Year = {1995}}

@article{Kleijn-2006,
	Author = {B. J. K. Kleijn and A. W. van der Vaart},
	Journal = {Annals of Statistics},
	Pages = {837-877},
	Title = {Misspecification in infinite-dimensional {B}ayesian statistics},
	Volume = {34},
	Year = {2006}}

@article{Aritra_Ho-2019,
	Author = {A. Guha and N. Ho and X. Nguyen},
	Journal = {arXiv:1901.05078},
	Title = {On posterior contraction of parameters and interpretability in {B}ayesian mixture modeling},
	Year = {2019}}

@article{Fengnan_2016,
	Author = {F. Gao and A. W. van der Vaart},
	Journal = {Electronic Journal of Statistics},
	Pages = {608-627},
	Title = {Posterior contraction rates for deconvolution of Dirichlet-Laplace mixtures},
	Volume = {10},
	Year = {2016}}

@article{Siva_2017,
	Author = {S. Balakrishnan and M. J. Wainwright and B. Yu},
	Journal = {Annals of Statistics},
	Pages = {77-120},
	Title = {Statistical guarantees for the {EM} algorithm: From population to sample-based analysis},
	Volume = {45},
	Year = {2017}}

@article{Chen_2009,
	Author = {J. Chen and P. Li},
	Journal = {Annals of Statistics},
	Pages = {2523-2542},
	Title = {Hypothesis test for normal mixture models: The {EM} approach},
	Volume = {37},
	Year = {2009}}

@article{Ho-Nguyen-AOS-17,
	Author = {N. Ho and X. Nguyen},
	Journal = {Annals of Statistics},
	Pages = {2726-2755},
	Title = {Convergence rates of parameter estimation for some weakly identifiable finite mixtures},
	Volume = {44},
	Year = {2016}}

@article{Green_JRSSB-97,
	Author = {S. Richardson and P. J. Green},
	Journal = {Journal of the Royal Statistical Society: Series B (Statistical Methodology)},
	Pages = {731-792},
	Title = {On {B}ayesian Analysis of Mixtures with an Unknown Number of Components},
	Volume = {59},
	Year = {1997}}

@article{Stephens-2002,
	Author = {M. Stephens},
	Journal = {Journal of the Royal Statistical Society: Series B (Statistical Methodology)},
	Pages = {795-809},
	Title = {Dealing with label switching in mixture models},
	Volume = {62},
	Year = {2002}}

@article{Jordan-1994,
	Author = {M. I. Jordan and R. A. Jacobs},
	Journal = {Neural Computation},
	Pages = {181-214},
	Title = {Hierarchical mixtures of experts and the {EM} algorithm},
	Volume = {6},
	Year = {1994}}

@article{Jeff_Wu-1983,
	Author = {C. F. Jeff Wu},
	Journal = {Annals of Statistics},
	Pages = {95-103},
	Title = {On the Convergence Properties of the {EM} Algorithm},
	Volume = {11},
	Year = {1983}}

@article{Rubin-1977,
	Author = {A. P. Dempster and N. M. Laird and D. B. Rubin},
	Journal = {Journal of the Royal Statistical Society: Series B (Statistical Methodology)},
	Pages = {1-38},
	Title = {Maximum Likelihood from Incomplete Data via the {EM} Algorithm},
	Volume = {39},
	Year = {1997}}

@article{Jordan-1996,
	Author = {L. Xu and M. I. Jordan},
	Journal = {Neural Computation},
	Pages = {129-151},
	Title = {On convergence properties of the {EM} Algorithm for {G}aussian mixtures},
	Volume = {8},
	Year = {1996}}

@article{Jordan-2000,
	Author = {J. Ma and L. Xu and M. I. Jordan},
	Journal = {Neural Computation},
	Pages = {2881-2907},
	Title = {Asymptotic convergence rate of the {EM} algorithm for {G}aussian mixtures},
	Volume = {12},
	Year = {2000}}

@inproceedings{Hsu-nips2016,
	Author = {J. Xu and D. Hsu and A. Maleki},
	Booktitle = {Advances in Neural Information Processing Systems 29},
	Title = {Global analysis of Expectation Maximization for mixtures of two {G}aussians},
	Year = 2016}

@inproceedings{Daskalakis_colt2017,
	Author = {C. Daskalakis and C. Tzamos and M. Zampetakis},
	Booktitle = {Proceedings of the 2017 Conference on Learning Theory},
	Title = {Ten Steps of {EM} Suffice for Mixtures of Two {G}aussians},
	Year = 2017}

@inproceedings{Sarkar_nips2017,
	Author = {B. Yan and M. Yin and P. Sarkar},
	Booktitle = {Advances in Neural Information Processing Systems 30},
	Title = {Convergence of Gradient {EM} on Multi-component Mixture of {G}aussians},
	Year = 2017}

@inproceedings{HanLiu_nips2015,
	Author = {Z. Wang and Q. Gu and Y. Ning and H. Liu},
	Booktitle = {Advances in Neural Information Processing Systems 28},
	Title = {High-Dimensional Expectation-Maximization Algorithm: Statistical Optimization and Asymptotic Normality},
	Year = 2015}

@article{Cai_2018,
	Author = {T. T. Cai and J. Ma and L. Zhang},
	Journal = {Annals of Statistics},
	Title = {{CHIME}: {C}lustering of high-dimensional {G}aussian mixtures with {EM} algorithm and its optimality},
	Year = {To Appear}}

@article{Cheng_2018,
	Author = {B. Hao and W. Sun and Y. Liu and G. Cheng},
	Journal = {Journal of Machine Learning Research},
	Title = {Simultaneous Clustering and Estimation of Heterogeneous Graphical Models},
	Year = {To Appear}}

@article{Chen_2008_biometrika,
	Author = {P. Li and J. Chen and P. Marriott},
	Journal = {Biometrika},
	Pages = {411-426},
	Title = {Non-finite {F}isher information and homogeneity: an {EM} approach},
	Volume = {96},
	Year = {2009}}

@book{Ledoux_Talagrand_1991,
	Author = {M. Ledoux and M. Talagrand},
	Publisher = {Springer-Verlag, New York, NY},
	Title = {Probability in {B}anach {S}paces: {I}soperimetry and {P}rocesses},
	Year = {1991}}

@book{Vaart_Wellner_2000,
	Author = {A. W. van der Vaart and J. A. Wellner},
	Publisher = {Springer-Verlag, New York, NY},
	Title = {Weak {C}onvergence and {E}mpirical {P}rocesses: {W}ith {A}pplications to {S}tatistics},
	Year = {2000}}

@article{Vershynin_2011,
	Author = {R. Vershynin},
	Journal = {arXiv:1011.3027v7},
	Title = {Introduction to the non-asymptotic analysis of random matrices}}

@inproceedings{Caramanis-nips2015,
	Author = {X. Yi and C. Caramanis},
	Booktitle = {Advances in Neural Information Processing Systems 28},
	Title = {Regularized {EM} Algorithms: A Unified Framework and Statistical Guarantees},
	Year = 2015}

@inproceedings{Chi-nips2016,
	Author = {C. Jin and Y. Zhang and S. Balakrishnan and M. J. Wainwright and M. I. Jordan},
	Booktitle = {Advances in Neural Information Processing Systems 29},
	Title = {Local Maxima in the Likelihood of {G}aussian Mixture Models: Structural Results and Algorithmic Consequences},
	Year = 2016}

@article{Raaz_Ho_Koulik_2018,
	Author = {R. Dwivedi and N. Ho and K. Khamaru and M. J. Wainwright and M. I. Jordan and B. Yu},
	Date-Modified = {2018-10-08 15:45:28 -0700},
	Journal = {arXiv preprint arXiv:1810.00828},
	Title = {Singularity, misspecification, and the convergence rate of {EM}},
	Year = {2018}}

@article{Rousseau-2015,
	Author = {Z. V. Havre and N. White and J. Rousseau and K. Mengersen},
	Journal = {{PLOS} {O}ne},
	Title = {Overfitting {B}ayesian Mixture Models with an Unknown Number of Components},
	Volume = {10},
	Year = {2015}}

@article{Bynum-1971,
	Author = {W. L. Bynum},
	Journal = {Pacific Journal of Mathematics},
	Pages = {577-581},
	Title = {Characterizations of uniform convexity},
	Volume = {38},
	Year = {1971}}

@article{Chen-jrssb_2001,
	Author = {H. Chen and J. Chen and J. D. Kalbfleisch},
	Journal = {Journal of the Royal Statistical Society: Series B (Statistical Methodology)},
	Pages = {19-29},
	Title = {A modified likelihood ratio test for homogeneity in finite mixture models},
	Volume = {63},
	Year = {2001}}

@article{Pearson-1894,
	Author = {K. Pearson},
	Journal = {Philosophical Transactions of the Royal Society of London A},
	Pages = {71-110},
	Title = {Contributions to the theory of mathematical evolution},
	Volume = {185},
	Year = {1894}}

@article{Yu-1997,
	Author = {B. Yu},
	Journal = {Festschrift for Lucien Le Cam},
	Pages = {423-435},
	Title = {Assouad, {F}ano, and {L}e {C}am},
	Year = {1997}}
	
@article{lott2009ricci,
  title={Ricci curvature for metric-measure spaces via optimal transport},
  author={Lott, J. and Villani, C.},
  journal={Annals of Mathematics},
  pages={903--991},
  year={2009},
  publisher={JSTOR}
}
@inproceedings{buser1982note,
  title={A note on the isoperimetric constant},
  author={Buser, P.},
  booktitle={Annales scientifiques de l'{\'E}cole Normale Sup{\'e}rieure},
  volume={15},
  number={2},
  pages={213--230},
  year={1982},
  organization={Elsevier}
}
@article{ledoux1994simple,
  title={A simple analytic proof of an inequality by {P. Buser}},
  author={Ledoux, M.},
  journal={Proceedings of the American mathematical society},
  volume={121},
  number={3},
  pages={951--959},
  year={1994}
}
@inproceedings{cheeger1969lower,
  title={A lower bound for the smallest eigenvalue of the {L}aplacian},
  author={Cheeger, J.},
  booktitle={Proceedings of the Princeton conference in honor of Professor S. Bochner},
  year={1969}
}
@article{bobkov1999isoperimetric,
  title={Isoperimetric and analytic inequalities for log-concave probability measures},
  author={Bobkov, Sergey G and others},
  journal={The Annals of Probability},
  volume={27},
  number={4},
  pages={1903--1921},
  year={1999},
  publisher={Institute of Mathematical Statistics}
}

@article{Neal-2000,
	Author = {R. M. Neal},
	Journal = {Journal of Computational and Graphical Statistics},
	Pages = {249-265},
	Title = {Markov chain Sampling Methods for {D}irichlet Process Mixture Models},
	Volume = {9},
	Year = {2000}}

@article{Maceachern-1998,
	Author = {S. N. Maceachern and P. M\''{u}ller},
	Journal = {Journal of Computational and Graphical Statistics},
	Pages = {223-238},
	Title = {Estimating Mixture of {D}irichlet Process Models},
	Volume = {7},
	Year = {1998}}
	
@article{Miller-2018,
	Author = {J. W. Miller and M. T. Harrison},
	Journal = {Journal of the American Statistical Association},
	Pages = {340-356},
	Title = {Mixture models with a prior on the number of components},
	Volume = {113},
	Year = {2018}}
	
@article{Jain-2004,
	Author = {S. Jain and R. M. Neal},
	Journal = {Journal of Computational and Graphical Statistics},
	Pages = {158-182},
	Title = {A Split-Merge {M}arkov chain {M}onte {C}arlo Procedure for the {D}irichlet Process Mixture Model },
	Volume = {13},
	Year = {2004}}

@article{Jasra-2005,
	Author = {A. Jasra and C. C. Holmes and D. A. Stephens},
	Journal = {Statistical Science},
	Pages = {50-67},
	Title = {Markov chain {M}onte {C}arlo methods and the label
switching problem in {B}ayesian mixture modeling},
	Volume = {20},
	Year = {2005}}
	
@article{Kalli-2011,
	Author = {M. Kalli and J. E. Griffin and S. G. Walker},
	Journal = {Statistics  and Computing
},
	Pages = {93-105},
	Title = {Slice sampling mixture models},
	Volume = {21},
	Year = {2011}}
	
@article{Rodiguez-2008,
	Author = {A. Rodr\'{i}guez and D. B. Dunson and A. E. Gelfand},
	Journal = {Journal of the American Statistical Association},
	Pages = {1131-1154},
	Title = {The nested {D}irichlet Process},
	Volume = {103},
	Year = {2008}}

@article{Antoniak-74,
author = "C. Antoniak",
year = "1974",
title = "Mixtures of {D}irichlet Processes with Applications to {B}ayesian Nonparametric
Problems",
journal = "Annals of Statistics", 
volume = "2",
number = "6",
pages =  "1152-–1174"
}

@article{Stephens-2000,
author = "M. Stephens",
year = "1974",
title = "Bayesian analysis of mixture models with an unknown number of components—an alternative to reversible jump methods",
journal = "Annals of Statistics", 
volume = "28",
number = "1",
pages =  "40-74"
}

@article{Tavare-1997,
author = "S. Tavar\'{e} and D. J. Balding and R. C. Griffithsand P. I. Donnelly",
year = "1997",
title = "Inferring coalescence times from
{DNA} sequence data", 
journal = "Genetics", 
volume = "145",
number = "2",
pages =  "505-518"
}

@article{Beaumont-2002,
author = "M. A. Beaumont and W. Zhang and D. J. Balding",
year = "2002",
title = "Approximate {B}ayesian Computation in Population Genetics", 
journal = "Genetics", 
volume = "162",
number = "4",
pages =  "2025-2035 "
}

@article{Miller-2019,
	Author = {J. W. Miller and D. B. Dunson},
	Journal = {Journal of the American Statistical Association},
	Title = {Robust {B}ayesian inference via coarsening},
	Year = {2019, To appear}}
	
@article{Yang-2019,
	Author = {A. Bhattacharya and D. Pati and Y. Yang},
	Journal = {Annals of Statistics},
	Title = {Bayesian Fractional Posteriors},
	Year = {2019, To appear}}
	
@article{dwivedi2018log,
  title={Log-concave sampling: {M}etropolis-{H}astings algorithms are fast!},
  author={Dwivedi, R. and Chen, Y. and Wainwright, M. J. and Yu, B.},
  journal={arXiv preprint arXiv:1801.02309},
  year={2018}
}
@inproceedings{lee2018beyond,
  title={Beyond log-concavity: Provable guarantees for sampling multi-modal distributions using simulated tempering langevin monte carlo},
  author={Lee, H. and Risteski, A. and Ge, R.},
  booktitle={Advances in Neural Information Processing Systems},
  pages={7858--7867},
  year={2018}
}
@article{ma2018sampling,
  title={Sampling Can Be Faster Than Optimization},
  author={Ma, Y. and Chen, Y. and Jin, C. and Flammarion, N. and Jordan, M. I.},
  journal={arXiv preprint arXiv:1811.08413},
  year={2018}
}
@article{cheng2018sharp,
  title={Sharp Convergence Rates for {L}angevin Dynamics in the Nonconvex Setting},
  author={Cheng, X. and Chatterji, N. S. and Abbasi-Yadkori, Y. and Bartlett, P. L. and Jordan, M. I.},
  journal={arXiv preprint arXiv:1805.01648},
  year={2018}
}
@article{raginsky2017non,
  title={Non-convex learning via Stochastic Gradient {L}angevin Dynamics: {A} nonasymptotic analysis},
  author={Raginsky, M. and Rakhlin, A. and Telgarsky, M.},
  journal={arXiv preprint arXiv:1702.03849},
  year={2017}
}
@article{bou2018coupling,
  title={Coupling and Convergence for {H}amiltonian {M}onte {C}arlo},
  author={Bou-Rabee, N. and Eberle, A. and Zimmer, R.},
  journal={arXiv preprint arXiv:1805.00452},
  year={2018}
}
@article{cheng2017underdamped,
  title={Underdamped {L}angevin {MCMC}: {A} non-asymptotic analysis},
  author={Cheng, X. and Chatterji, N. S. and Bartlett, P. L. and Jordan, M. I.},
  journal={arXiv preprint arXiv:1707.03663},
  year={2017}
}
@article{dalalyan2017theoretical,
  title={Theoretical guarantees for approximate sampling from smooth and log-concave densities},
  author={Dalalyan, A. S.},
  journal={Journal of the Royal Statistical Society: Series B (Statistical Methodology)},
  volume={79},
  number={3},
  pages={651--676},
  year={2017},
  publisher={Wiley Online Library}
}
@inproceedings{lovasz2003logconcave,
  title={Logconcave functions: {G}eometry and efficient sampling algorithms},
  author={Lov{\'a}sz, L. and Vempala, S.},
  booktitle={null},
  pages={640},
  year={2003},
  organization={IEEE}
}
@article{lee2018algorithmic,
  title={Algorithmic Theory of {ODE}s and Sampling from Well-conditioned Logconcave Densities},
  author={Lee, Y. T. and Song, Z. and Vempala, S.},
  journal={arXiv preprint arXiv:1812.06243},
  year={2018}
}
@article{mangoubi2018dimensionally,
  title={Dimensionally Tight Running Time Bounds for Second-Order {H}amiltonian {M}onte {C}arlo},
  author={Mangoubi, O. and Vishnoi, N. K.},
  journal={arXiv preprint arXiv:1802.08898},
  year={2018}
}
@article{chen2018accelerating,
  title={ACCELERATING NONCONVEX LEARNING VIA REPLICA EXCHANGE {L}ANGEVIN DIFFUSION},
  author={Chen, Y. and Chen, J. and Dong, J. and Peng, J. and Wang, Z.},
  year={2018}
}
@article{ge2018simulated,
  title={Simulated Tempering {L}angevin {M}onte {C}arlo II: {A}n Improved Proof using Soft Markov Chain Decomposition},
  author={Ge, R. and Lee, H. and Risteski, A.},
  journal={arXiv preprint arXiv:1812.00793},
  year={2018}
}
@article{bovier2004metastability,
  title={Metastability in reversible diffusion processes I: {S}harp asymptotics for capacities and exit times},
  author={Bovier, A. and Eckhoff, M. and Gayrard, V. and Klein, M.},
  journal={Journal of the European Mathematical Society},
  volume={6},
  number={4},
  pages={399--424},
  year={2004}
}
@inproceedings{erdogdu2018global,
  title={Global Non-convex Optimization with Discretized Diffusions},
  author={Erdogdu, M. A. and Mackey, L. and Shamir, O.},
  booktitle={Advances in Neural Information Processing Systems},
  pages={9694--9703},
  year={2018}
}
@article{mei2018landscape,
  title={The landscape of empirical risk for nonconvex losses},
  author={Mei, S. and Bai, Y. and Montanari, Andrea and others},
  journal={The Annals of Statistics},
  volume={46},
  number={6A},
  pages={2747--2774},
  year={2018},
  publisher={Institute of Mathematical Statistics}
}
@incollection{chandrasekaran2009sampling,
  title={Sampling s-concave functions: {T}he limit of convexity based isoperimetry},
  author={Chandrasekaran, K. and Deshpande, A. and Vempala, S.},
  booktitle={Approximation, Randomization, and Combinatorial Optimization. Algorithms and Techniques},
  pages={420--433},
  year={2009},
  publisher={Springer}
}

@article{Wong-Shen-95,
author = "W. H. Wong and X. Shen",
title = "Probability inequalities for likelihood ratios and convergences of sieves MLEs",
journal = "Annals of Statistics",
volume = "23",
pages = "339--362",
year = "1995"
}

@book{Schillingbrownian,
	Author = {Schilling, R. L. and Partzsch, L.},
	Publisher = {De Gruyter},
	Title = {Brownian Motion: An Introduction to Stochastic Processes},
	Year = {2014}}

@book {MR1725357,
    AUTHOR = {Revuz, D. and Yor, M.},
     TITLE = {Continuous Martingales and {B}rownian Motion},
    VOLUME = {293},
   EDITION = {Third},
 PUBLISHER = {Springer-Verlag},
      YEAR = {1999}
}

@article{Schwartz-65,
author = "L. Schwartz",
title = "On {B}ayes procedures",
journal = "Zeitschrift f\H{u}r Wahrscheinlichkeitstheorie und Verwandte Gebiete",
volume = "4",
pages = "10--26",
year = "1965"
}

@article{Doob-49,
author = "J. L. Doob",
title = "Application of the theory of martingales",
journal = "Actes du ColloqueInternational Le Calcul des Probabilit ́es et ses applications (Lyon, 28 Juin– 3 Juillet, 1948)",
pages = "23--27",
year = "1949"
}

@article{Freedman-63_first,
	Author = {D. A. Freedman},
	Journal = {Annals of Statistics},
	Pages = {1386–1403},
	Title = {On the asymptotic behavior of {B}ayes’ estimates in the discrete case},
	Volume = {34},
	Year = {1963}}
	
@article{Freedman-65_second,
	Author = {D. A. Freedman},
	Journal = {Annals of Statistics},
	Pages = {454–456},
	Title = {On the asymptotic behavior of {B}ayes’ estimates in the discrete case.{II}},
	Volume = {36},
	Year = {1965}}
	
@book{Lugosi2016,
	Author = {Boucheron, S. and Lugosi, G. and Massart, P.},
	Publisher = {Oxford University Press},
	Title = {Concentration {I}nequalities: {A} {N}onasymptotic {T}heory of {I}ndependence},
	Year = {2016}}
	
@article{Judith-2010,
	Author = {J. Rousseau},
	Journal = {Annals of Statistics},
	Pages = {146-180},
	Title = {RATES OF CONVERGENCE FOR THE POSTERIOR DISTRIBUTIONS OF MIXTURES OF {B}ETAS AND ADAPTIVE NONPARAMETRIC ESTIMATION OF THE DENSITY},
	Volume = {38},
	Year = {2010}}
	
@article{Yang-2015,
	Author = {Y. Yang and S. T. Tokdar},
	Journal = {Annals of Statistics},
	Pages = {652-674},
	Title = {Minimax-optimal nonparametric regression in high dimensions},
	Volume = {43},
	Year = {2015}}
	
@article{Yang-2016,
	Author = {Y. Yang and D. B. Dunson},
	Journal = {Annals of Statistics},
	Pages = {876-905},
	Title = {Bayesian manifold regression},
	Volume = {44},
	Year = {2016}}
	
@article{Bhattacharya-2014,
	Author = {A. Bhattacharya and D. Pati and and D. B. Dunson},
	Journal = {Annals of Statistics},
	Pages = {352-381},
	Title = {Anisotropic function estimation using multi-bandwidth {G}aussian processes},
	Volume = {42},
	Year = {2014}}
	
@article{Shen-2013,
	Author = {W. Shen and S. R. Tokdar and and S. Ghosal},
	Journal = {Biometrika},
	Pages = {623–640},
	Title = {Adaptive {B}ayesian multivariate density estimation with {D}irichlet mixtures},
	Volume = {100},
	Year = {2013}}
	
@article{Jonge-2010,
	Author = {R. de Jonge, J. H. van Zanten},
	Journal = {Annals of Statistics},
	Pages = {3300-3320},
	Title = {Adaptive nonparametric {B}ayesian inference using location-scale mixture priors},
	Volume = {38},
	Year = {2010}}
	
@article{Gao-2016,
	Author = {C. Gao and H. H. Zhou},
	Journal = {Annals of Statistics},
	Pages = {318-345},
	Title = {Rate exact {B}ayesian adaptation with modified block priors},
	Volume = {44},
	Year = {2016}}
	
@article{Yining-2019,
	Author = {Y. Wang},
	Journal = {Electronic Journal of Statistics},
	Pages = {37-66},
	Title = {Convergence rates of latent topic models under relaxed identifiability conditions},
	Volume = {13},
	Year = {2019}}
	
@article{Walker-2004,
	Author = {S. Walker},
	Journal = {Annals of Statistics},
	Pages = {2028-2043},
	Title = {NEW APPROACHES TO {B}AYESIAN CONSISTENCY},
	Volume = {32},
	Year = {2004}}
	
@article{Barron-1999,
	Author = {A. Barron and M. J. Schervish and L. Wasserman},
	Journal = {Annals of Statistics},
	Pages = {536-561},
	Title = {The consistency of posterior distributions in nonparametric problems},
	Volume = {27},
	Year = {1999}}
	
@article{Walker-2003,
	Author = {S. Walker},
	Journal = {Annals of Statistics},
	Pages = {482-488},
	Title = {On Sufficient Conditions for {B}ayesian Consistency },
	Volume = {90},
	Year = {2003}}
	
@book{McCullagh_generalized,
	Author = { P. McCullagh and J. A. Nelder},
	Publisher = {Chapman and Hall/CRC},
	Title = {Generalized {L}inear {M}odels},
	Year = {1989}}
	
@article{Pritchard-2000,
	Author = {J. Pritchard and M. Stephens and P. Donnelly},
	Journal = {Genetics},
	Pages = {945–959},
	Title = {Inference of population structure using multilocus genotype data},
	Volume = {155},
	Year = {2000}}
	
@book{Lugosi_concentration,
	Author = {S. Boucheron and G. Lugosi and P. Massart},
	Publisher = {Oxford University Press},
	Title = {Concentration Inequalities: A Nonasymptotic Theory of Independence },
	Year = {2016}}
	
@Article{Abel-2008,
  Title                    = {The nested Dirichlet Process},
  Author                   = {A. Rodriguez and D. B . Dunson and A. E. Gelfand},
  Journal                  = {Journal of the American Statistical Association},
  Year                     = {2008},
  Pages                    = {1131-1144},
  Volume                   = {103}
}

@Article{Vu-2014,
  Title                    = {Bayesian nonparametric multilevel clustering with group-level contexts},
  Author                   = {V. Nguyen and D. Phung and X. Nguyen and S. Venkatesh and H. Bui},
  Journal                  = {Proceedings of the 31st International Conference on Machine Learning},
  Year                     = {2014}
}

@Article{Wulsin-2016,
  Title                    = {Nonparametric multi-level clustering of human epilepsy seizures},
  Author                   = {D. F. Wulsin and S. T. Jensen and B. Litt},
  Journal                  = {Annals of Applied Statistics},
  Year                     = {2016},
  Pages                    = {667-689},
  Volume                   = {10}
}

@InProceedings{Ho-ICML-2017,
  Title                    = {Multilevel clustering via {W}asserstein means},
  Author                   = {N. Ho and X. Nguyen and M. Yurochkin and H. Bui and V. Huynh and D. Phung},
  Booktitle                = {Proceedings of the International Conference on Machine Learning},
  Year                     = {2017}
}

@article{Memoli_Gromov,
  title={Gromov–{W}asserstein Distances and the Metric Approach to Object Matching},
  author={F. M\'{e}moli},
  journal={Foundations of Computational Mathematics},
  volume={11},
  number={4},
  pages={417–487},
  year={2011}
}

@InProceedings{Peyre_Gromov,
  Title                    = {Gromov-{W}asserstein Averaging of Kernel and Distance Matrices},
  Author                   = {G. Peyr\'{e} and M. Cuturi and J. Solomon},
  Booktitle                = {Proceedings of the International Conference on Machine Learning},
  Year                     = {2016}
}

@Inproceedings{Cuturi-2013-Sinkhorn,
  	Title 			  = {Sinkhorn distances: {L}ightspeed computation of optimal transport},
  	Author 			  = {Cuturi, M. },
  	Booktitle 		= {Advances in Neural Information Processing Systems},
  	Pages 			  = {2292-2300},
  	Year 			    = {2013}
}

# Introduction
@Article{Nguyen-2013-Convergence,
    Title         = {Convergence of latent mixing measures in finite and infinite mixture models},
    Author        = {Nguyen, X. },
    Journal       = {Annals of Statistics},
    Number        = {1},
    Pages         = {370-400},
    Volume        = {4},
    Year          = {2013}
}
  
@Article{Nguyen-2016-Borrowing,
    Title         = {Borrowing strength in hierarchical {B}ayes: {p}osterior concentration of the {D}irichlet base measure},
    Author        = {Nguyen, X. },
    Journal       = {Bernoulli},
    Number        = {3},
    Pages         = {1535-1571},
    Volume        = {22},
    Year          = {2016}
}

@Inproceedings{Dvurechenskii-2018-Decentralize,
    Title         = {Decentralize and Randomize: {F}aster Algorithm for {W}asserstein Barycenters},
    Author        = {Dvurechenskii, P. and Dvinskikh, D. and Gasnikov, A. and Uribe, C. and Nedich, A. },
    Booktitle     = {Advances in neural information processing systems},
    Pages         = {10783-10793},
    Year          = {2018}
}

@article{Cuturi-2016-Smoothed,
    Title         = {A Smoothed Dual Approach for Variational {W}asserstein Problems},
    Author        = {Cuturi, M. and Peyr\'{e}, G. },
    Journal       = {SIAM Journal on Imaging Sciences},
    Volume        = {9},
    Number        = {1},
    Pages         = {320–343},
    Year          = {2016}
}
  
@Inproceedings{Blondel-2018-Smooth,
    Title         = {Smooth and Sparse Optimal Transport},
    Author        = {Blondel, M. and Seguy, V. and Rolet, A. },
    Booktitle     = {AISTATS},
    Pages         = {880-889},
    Year          = {2018}
}

@Book{Villani-09-Optimal,
    Title         = {Optimal transport: Old and New},
    Author        = {C. Villani},
    Publisher     = {Springer},
    Year          = {2008}
}

@Inproceedings{Cuturi-2014-Fast,
    Title         = {Fast computation of {W}asserstein barycenters},
    Author        = {Cuturi, M. and Doucet, A. },
    Booktitle     = {International conference on machine learning},
    Pages         = {685-693},
    Year          = {2014}
}

@Inproceedings{Peyre-2016-Averaging,
    Title         = {{G}romov-{W}asserstein averaging of kernel and distance matrices},
    Author        = {Peyr\'{e}, G. and Cuturi, M. and Solomon, J. },
    Booktitle     = {International conference on machine learning},
    Pages         = {2664-2672},
    Year          = {2016}
}

@Inproceedings{Arjovsky-2017-Wasserstein,
		Title     		= {Wasserstein Generative Adversarial Networks},
  	Author    	  = {Arjovsky, M. and Chintala, S. and Bottou, L. },
  	Booktitle 		= {International conference on machine learning},
  	Pages     		= {214-223},
  	Year      		= {2017}
}

@Article{Courty-2017-Optimal,
		Title 			  = {Optimal Transport for Domain Adaptation},
		Author 			  = {Courty, N. and Flamary, R. and Tuia, D. and Rakotomamonjy, A. },
		Journal 		  = {IEEE Transactions on Pattern Analysis and Machine Intelligence},
		Number 			  = {9},
		Pages 			  = {1853-1865},
		Volume 			  = {39},
		Year 			    = {2017}
}

@Inproceedings{Carriere-2017-Sliced,
    Title         = {Sliced {W}asserstein Kernel for Persistence Diagrams},
    Author        = {Carri\`{e}re, M. and Cuturi, M. and Oudot, S. },
    Booktitle     = {International conference on machine learning},
    Pages         = {1-10},
    Year          = {2017}
}

@Article{Ho-2018-Probabilistic,
    Title         = {Probabilistic Multilevel Clustering via Composite Transportation Distance},
    Author        = {Ho, N. and Huynh, V. and Phung, D. and Jordan, M. I. },
    Journal       = {AISTATS},
    Year          = {2019}
}

@Article{Srivastava-2018-Scalable,
		Title 			  = {Scalable {B}ayes via Barycenter in {W}asserstein Space},
		Author 			  = {Srivastava, S. and Li, C. and Dunson, D. },
		Journal 		  = {Journal of Machine Learning Research},
		Volume 			  = {19},
		Number 			  = {8},
		Pages 			  = {1-35},
		Year 			    = {2018}
}

@Article{Sommerfeld-2018-Optimal,
    Title         = {Optimal Transport:  {F}ast Probabilistic Approximation withEx},
    Author        = {Sommerfeld, M. and Schrieber, J. and Zemel, Y. and Munk, A.},
    Journal       = {ArXiv Preprint: 1802.05570},
    Year          = {2018}
}

# References 
@Inproceedings{Kantorovich-1942-Translocation,
    Title         = {On the translocation of masses},
    Author        = {Kantorovich, L. V. },
    Booktitle     = {Dokl. Akad. Nauk. USSR (NS)},
    Volume        = {37},
    Pages         = {199-201},
    Year          = {1942}
}

@Article{Kalantari-1996-Complexity,
  	Title 			  = {On the Complexity of Nonnegative Matrix Scaling},
  	Author 			  = {Kalantari, B. and Khachiyan, L. },
  	Journal 		  = {Linear Algebra and its Applications},
  	Volume 			  = {240},
  	Pages 			  = {87-103},
  	Year 			    = {1996},
  	Publisher   	= {Elsevier}
}

@Inproceedings{Pele-2009-Fast,
    Title         = {Fast and Robust Earth Mover’s Distance},
    Author        = {Pele, O. and Werman, M.},
    Booktitle     = {ICCV},
    Year          = {2009},
    Organization  = {IEEE}
}

@Inproceedings{Lee-2014-Path,
  	Title 			  = {Path finding methods for linear programming: Solving linear programs in $\widetilde{O}$(sqrt(rank)) iterations and faster algorithms for maximum flow},
  	Author 			  = {Lee, Y. T. and Sidford, A. },
  	Booktitle 		= {FOCS},
  	Pages 			  = {424-433},
  	Year 			    = {2014},
  	Organization 	= {IEEE}
}

@Inproceedings{Genevay-2016-Stochastic,
    Title         = {Stochastic optimization for large-scale optimal transport},
    Author        = {Genevay, A. and Cuturi, M. and Peyr{\'e}, G. and Bach, F. },
    Booktitle     = {Advances in neural information processing systems},
    Pages         = {3440-3448},
    Year          = {2016}
}

@Article{Lahn-2019-Graph,
    Title         = {A Graph Theoretic Additive Approximation of Optimal Transport},
    Author        = {Lahn, N. and Mulchandani, D. and Raghvendra, S. },
    Journal       = {ArXiv Preprint: 1905.11830},
    Year          = {2019}
}

@Inproceedings{Sherman-2017-Area,
    Title         = {Area-convexity, $\ell_{\infty}$ regularization, and undirected multicommodity flow},
    Author        = {Sherman, J. },
    Booktitle     = {STOC},
    Pages         = {452-460},
    Year          = {2017},
    Organization  = {ACM}
}

@Article{Jambulapati-2019-Direct,
    Title         = {A Direct {\~O} $(1/\varepsilon)$ Iteration Parallel Algorithm for Optimal Transport},
    Author        = {Jambulapati, A. and Sidford, A. and K. Tian},
    Journal       = {ArXiv Preprint: 1906.00618},
    Year          = {2019}
}

@Article{Guo-2019-Accelerated,
    Title         = {Accelerated Primal-Dual Coordinate Descent for Computational Optimal Transport},
    Author        = {Guo, W. and Ho, N. and Jordan, M. I. },
    Journal       = {ArXiv Preprint: 1905.09952},
    Year          = {2019}
}

@Article{Blanchet-2018-Towards,
    Title         = {Towards Optimal Running Times for Optimal Transport},
    Author        = {Blanchet, J. and Jambulapati, A. and Kent, C. and Sidford, A. },
    Journal       = {ArXiv Preprint: 1810.07717},
    Year          = {2018}
}

@Inproceedings{Quanrud-2019-Approximating,
    Title         = {Approximating Optimal Transport With Linear Programs},
    Author        = {Quanrud, K. },
    Booktitle     = {SOSA},
    Pages         = {61-69},
    Year          = {2019}
}

@Article{Altschuler-2018-Approximating,
    Title         = {Approximating the quadratic transportation metric in near-linear time},
    Author        = {Altschuler, J. and Bach, F. and Rudi, A. and Weed, J. },
    Journal       = {ArXiv Preprint: 1810.10046},
    Year          = {2018}
}

@Article{Altschuler-2018-Massively,
    Title         = {Massively scalable {S}inkhorn distances via the {N}ystr\"{o}m method},
    Author        = {Altschuler, J. and Bach, F. and Rudi, A. and Weed, J. },
    Journal       = {ArXiv Preprint: 1812.05189},
    Year          = {2018}
}

# Recent Progress on Sinkhorn Iteration
@Article{Sinkhorn-1974-Diagonal,
    Title         = {Diagonal Equivalence to Matrices with Prescribed Row and Column Sums},
    Author        = {Sinkhorn, R. },
    Journal       = {Proceedings of the American Mathematical Society},
    Volume        = {45},
    Number        = {2},
    Pages         = {195-198},
    Year          = {1974}
}

@Article{Kalantari-2008-Complexity,
    Title       	= {On the Complexity of General Matrix Scaling and Entropy Minimization via the {RAS} algorithm},
    Author      	= {Kalantari, B. and Lari, I. and Ricca, F. and Simeone, B. },
    Journal     	= {Mathematical Programming},
    Volume      	= {112},
    Number      	= {2},
    Pages       	= {371-401},
    Year        	= {2008},
    Publisher   	= {Springer}
}

@Article{Knight-2008-Sinkhorn,
    Title       	= {The {S}inkhorn-{K}nopp algorithm: convergence and applications},
    Author      	= {Knight, P. A. },
    Journal     	= {SIAM Journal on Matrix Analysis and Applications},
    Volume      	= {30},
    Number      	= {1},
    Pages       	= {261-275},
    Year        	= {2008},
    Publisher   	= {SIAM}
}

@Article{Chakrabarty-2018-Better,
    Title         = {Better and simpler error analysis of the {S}inkhorn-{K}nopp algorithm for matrix scaling},
    Author        = {Chakrabarty, D. and Khanna, S. },
    Journal       = {ArXiv Preprint: 1801.02790},
    Year          = {2018}
}

@Inproceedings{Altschuler-2017-Near,
  	Title 			  = {Near-linear time approximation algorithms for optimal transport via {S}inkhorn iteration},
  	Author 			  = {Altschuler, J. and Weed, J. and Rigollet, P. },
  	Booktitle 		= {Advances in neural information processing systems},
  	Pages 			  = {1964-1974},
  	Year 			    = {2017}
}

@InProceedings{Dvurechensky-2018-Computational,
  	Title 			  = {Computational Optimal Transport: {C}omplexity by Accelerated Gradient Descent Is Better Than by {S}inkhorn’s Algorithm},
  	Author 			  = {Dvurechensky, P. and Gasnikov, A. and Kroshnin, A. },
  	Booktitle 	  = {International conference on machine learning},
  	Pages 			  = {1367-1376},
  	Year 			    = {2018}
}

@InProceedings{Lin-2019-Efficient,
  title = 	 {On Efficient Optimal Transport: An Analysis of Greedy and Accelerated Mirror Descent Algorithms},
  author = 	 {Lin, Tianyi and Ho, Nhat and Jordan, Michael},
  booktitle = 	 {Proceedings of the 36th International Conference on Machine Learning},
  pages = 	 {3982--3991},
  year = 	 {2019},
}

@misc{Flamary-2017-Pot,
    Title         = {{POT}: Python Optimal Transport library},
    Author        = {Flamary, R. and Courty, N. },
    Url           = {https://github.com/rflamary/POT},
    Year          = {2017}
}

# Recent Progress on Coordinate Descent
@Article{Nesterov-2012-Efficiency,
    Title         = {Efficiency of coordinate descent methods on huge-scale optimization problems},
    Author        = {Nesterov, Y. },
    Journal       = {SIAM Journal on Optimization},
    Volume        = {22},
    Number        = {2},
    Pages         = {341-362},
    Year          = {2012},
    Publisher     = {SIAM}
}

@Article{Beck-2013-Convergence,
    Title         = {On the convergence of block coordinate descent type methods},
    Author        = {Beck, A. and Tetruashvili, L. },
    Journal       = {SIAM journal on Optimization},
    Volume        = {23},
    Number        = {4},
    Pages         = {2037-2060},
    Year          = {2013},
    Publisher     = {SIAM}
}

@Article{Wright-2015-Coordinate,
    Title         = {Coordinate descent algorithms},
    Author        = {Wright, S. J. },
    Journal       = {Mathematical Programming},
    Volume        = {151},
    Number        = {1},
    Pages         = {3-34},
    Year          = {2015},
    Publisher     = {Springer}
}

@Article{Lu-2015-Complexity,
    Title         = {On the complexity analysis of randomized block-coordinate descent methods},
    Author        = {Lu, Z. and Xiao, L. },
    Journal       = {Mathematical Programming},
    Volume        = {152},
    Number        = {1-2},
    Pages         = {615-642},
    Year          = {2015},
    Publisher     = {Springer}
}

@Article{Fercoq-2015-Accelerated,
    Title         = {Accelerated, parallel, and proximal coordinate descent},
    Author        = {Fercoq, Olivier and Richt{\'a}rik, Peter},
    Journal       = {SIAM Journal on Optimization},
    Volume        = {25},
    Number        = {4},
    Pages         = {1997-2023},
    Year          = {2015},
    Publisher     = {SIAM}
}

@Article{Lin-2015-Accelerated,
    Title         = {An accelerated randomized proximal coordinate gradient method and its application to regularized empirical risk minimization},
    Author        = {Lin, Q. and Lu, Z. and Xiao, L. },
    Journal       = {SIAM Journal on Optimization},
    Volume        = {25},
    Number        = {4},
    Pages         = {2244-2273},
    Year          = {2015},
    Publisher     = {SIAM}
}

@Inproceedings{Lu-2018-Accelerating,
    Title         = {Accelerating Greedy Coordinate Descent Methods},
    Author        = {Lu, H. and Freund, R. and Mirrokni, V. },
    Booktitle     = {International conference on machine learning},
    Pages         = {3263-3272},
    Year          = {2018}
}

@InProceedings{Alvarez-2018-Gromov,
  author       = {Alvarez-Melis, David and Jaakkola, Tommi},
  title        = {Gromov-{W}asserstein Alignment of Word Embedding Spaces},
  booktitle    = {Proceedings of the Conference on Empirical Methods in Natural Language Processing (EMNLP)},
  year         = {2018},
  pages        = {1881--1890},
}

@Inproceedings{Xu-2019-Scalable,
    Title         = {Scalable {G}romov-{W}asserstein Learning for Graph Partitioning and Matching},
    Author        = {H. Xu and D. Luo and L. Carin},
    Booktitle     = {Advances in neural information processing systems},
    Year          = {2019}
}

@Inproceedings{Xu-2019-Gromov,
    Title         = {Gromov-{W}asserstein Learning for Graph Matching and Node Embedding},
    Author        = {H. Xu and D. Luo and  H. Zha and L. Carin},
    Booktitle     = {International conference on machine learning},
    Year          = {2019}
}

@Article{Carlier-2016-Vector,
    Title         = {Vector quantile regression: An optimal transport approach},
    Author        = {G. Carlier and V. Chernozhukov and A. Galichon},
    Journal       = {The Annals of Statistics},
    Volume        = {3},
    Pages         = {1165-1192},
    Year          = {2016}
}

@Inproceedings{Gulrajani-2017-Improved,
  		Title           = {Improved Training of {W}asserstein {GAN}s},
  		Author          = {Gulrajani, I. and Ahmed, F. and Arjovsky, M. and Dumoulin, V. and Courville, A. C. },
  		Booktitle       = {Advances in Neural Information Processing Systems},
  		Pages 			= {5767-5777},
  		Year            = {2017}
}