@inproceedings{le2022st,
  title={Sobolev Transport: A Scalable Metric for Probability Measures with Graph Metrics},
  author={Le, Tam and Nguyen, Truyen and Phung, Dinh and Nguyen, Viet Anh},
  booktitle={International Conference on Artificial Intelligence and Statistics},
  pages={9844--9868},
  year={2022},
  organization={PMLR}
}

