@article{tang2020decentralized-1,
  title={Decentralized computation offloading in IoT fog computing system with energy harvesting: A dec-POMDP approach},
  author={Tang, Qinqin and Xie, Renchao and Yu, Fei Richard and Huang, Tao and Liu, Yunjie},
  journal={IEEE Internet of Things Journal},
  volume={7},
  number={6},
  pages={4898--4911},
  year={2020},
  publisher={IEEE}
}
@article{varghese2018next-2,
  title={Next generation cloud computing: New trends and research directions},
  author={Varghese, Blesson and Buyya, Rajkumar},
  journal={Future Generation Computer Systems},
  volume={79},
  pages={849--861},
  year={2018},
  publisher={Elsevier}
}
@article{mao2017survey-3,
  title={A survey on mobile edge computing: The communication perspective},
  author={Mao, Yuyi and You, Changsheng and Zhang, Jun and Huang, Kaibin and Letaief, Khaled B},
  journal={IEEE communications surveys \& tutorials},
  volume={19},
  number={4},
  pages={2322--2358},
  year={2017},
  publisher={IEEE}
}
@article{chaudhry2020improved-4,
  title={Improved QoS at the edge using serverless computing to deploy virtual network functions},
  author={Chaudhry, Saqib Rasool and Palade, Andrei and Kazmi, Aqeel and Clarke, Siobh{\'a}n},
  journal={IEEE Internet of Things Journal},
  volume={7},
  number={10},
  pages={10673--10683},
  year={2020},
  publisher={IEEE}
}
@article{cicconetti2020decentralized-5,
  title={A decentralized framework for serverless edge computing in the internet of things},
  author={Cicconetti, Claudio and Conti, Marco and Passarella, Andrea},
  journal={IEEE Transactions on Network and Service Management},
  volume={18},
  number={2},
  pages={2166--2180},
  year={2020},
  publisher={IEEE}
}
@article{nastic2017serverless-6,
  title={A serverless real-time data analytics platform for edge computing},
  author={Nastic, Stefan and Rausch, Thomas and Scekic, Ognjen and Dustdar, Schahram and Gusev, Marjan and Koteska, Bojana and Kostoska, Magdalena and Jakimovski, Boro and Ristov, Sasko and Prodan, Radu},
  journal={IEEE Internet Computing},
  volume={21},
  number={4},
  pages={64--71},
  year={2017},
  publisher={IEEE}
}
@article{ahmad2021container-7,
  title={Container scheduling techniques: A survey and assessment},
  author={Ahmad, Imtiaz and AlFailakawi, Mohammad Gh and AlMutawa, Asayel and Alsalman, Latifa},
  journal={Journal of King Saud University-Computer and Information Sciences},
  year={2021},
  publisher={Elsevier}
}
@inproceedings{aslanpour2021serverless-8,
  title={Serverless edge computing: vision and challenges},
  author={Aslanpour, Mohammad S and Toosi, Adel N and Cicconetti, Claudio and Javadi, Bahman and Sbarski, Peter and Taibi, Davide and Assuncao, Marcos and Gill, Sukhpal Singh and Gaire, Raj and Dustdar, Schahram},
  booktitle={2021 Australasian Computer Science Week Multiconference},
  pages={1--10},
  year={2021}
}
@inproceedings{baresi2019towards-9,
  title={Towards a serverless platform for edge computing},
  author={Baresi, Luciano and Mendon{\c{c}}a, Danilo Filgueira},
  booktitle={2019 IEEE International Conference on Fog Computing (ICFC)},
  pages={1--10},
  year={2019},
  organization={IEEE}
}
@inproceedings{glikson2017deviceless-10,
  title={Deviceless edge computing: extending serverless computing to the edge of the network},
  author={Glikson, Alex and Nastic, Stefan and Dustdar, Schahram},
  booktitle={Proceedings of the 10th ACM International Systems and Storage Conference},
  pages={1--1},
  year={2017}
}
@article{kitchenham2004procedures-11,
  title={Procedures for performing systematic reviews},
  author={Kitchenham, Barbara},
  journal={Keele, UK, Keele University},
  volume={33},
  number={2004},
  pages={1--26},
  year={2004}
}
@article{dabbaghjamanesh2020real-12,
  title={Real-time monitoring and operation of microgrid using distributed cloud--fog architecture},
  author={Dabbaghjamanesh, Morteza and Moeini, Amirhossein and Kavousi-Fard, Abdollah and Jolfaei, Alireza},
  journal={Journal of parallel and distributed computing},
  volume={146},
  pages={15--24},
  year={2020},
  publisher={Elsevier}
}
@article{gill2019transformative-13,
  title={Transformative effects of IoT, Blockchain and Artificial Intelligence on cloud computing: Evolution, vision, trends and open challenges},
  author={Gill, Sukhpal Singh and Tuli, Shreshth and Xu, Minxian and Singh, Inderpreet and Singh, Karan Vijay and Lindsay, Dominic and Tuli, Shikhar and Smirnova, Daria and Singh, Manmeet and Jain, Udit and others},
  journal={Internet of Things},
  volume={8},
  pages={100118},
  year={2019},
  publisher={Elsevier}
}
@article{tuli2020healthfog-14,
  title={HealthFog: An ensemble deep learning based Smart Healthcare System for Automatic Diagnosis of Heart Diseases in integrated IoT and fog computing environments},
  author={Tuli, Shreshth and Basumatary, Nipam and Gill, Sukhpal Singh and Kahani, Mohsen and Arya, Rajesh Chand and Wander, Gurpreet Singh and Buyya, Rajkumar},
  journal={Future Generation Computer Systems},
  volume={104},
  pages={187--200},
  year={2020},
  publisher={Elsevier}
}
@article{xie2021serverless-15,
  title={When serverless computing meets edge computing: architecture, challenges, and open issues},
  author={Xie, Renchao and Tang, Qinqin and Qiao, Shi and Zhu, Han and Yu, F Richard and Huang, Tao},
  journal={IEEE Wireless Communications},
  volume={28},
  number={5},
  pages={126--133},
  year={2021},
  publisher={IEEE}
}
@article{mohanty2018evaluation-16,
  title={An Evaluation of Open Source Serverless Computing Frameworks.},
  author={Mohanty, Sunil Kumar and Premsankar, Gopika and Di Francesco, Mario and others},
  journal={CloudCom},
  volume={2018},
  pages={115--120},
  year={2018}
}
@article{aslanpour2020performance-17,
  title={Performance evaluation metrics for cloud, fog and edge computing: A review, taxonomy, benchmarks and standards for future research},
  author={Aslanpour, Mohammad S and Gill, Sukhpal Singh and Toosi, Adel N},
  journal={Internet of Things},
  volume={12},
  pages={100273},
  year={2020},
  publisher={Elsevier}
}
@article{mampage2022holistic-18,
  title={A holistic view on resource management in serverless computing environments: Taxonomy and future directions},
  author={Mampage, Anupama and Karunasekera, Shanika and Buyya, Rajkumar},
  journal={ACM Computing Surveys (CSUR)},
  volume={54},
  number={11s},
  pages={1--36},
  year={2022},
  publisher={ACM New York, NY}
}
@article{jonas2019cloud-19,
  title={Cloud programming simplified: A berkeley view on serverless computing},
  author={Jonas, Eric and Schleier-Smith, Johann and Sreekanti, Vikram and Tsai, Chia-Che and Khandelwal, Anurag and Pu, Qifan and Shankar, Vaishaal and Carreira, Joao and Krauth, Karl and Yadwadkar, Neeraja and others},
  journal={arXiv preprint arXiv:1902.03383},
  year={2019}
}
@article{cassel2022serverless-20,
  title={Serverless computing for Internet of Things: A systematic literature review},
  author={Cassel, Gustavo Andr{\'e} Setti and Rodrigues, Vinicius Facco and da Rosa Righi, Rodrigo and Bez, Marta Rosecler and Nepomuceno, Andressa Cruz and da Costa, Cristiano Andr{\'e}},
  journal={Future Generation Computer Systems},
  volume={128},
  pages={299--316},
  year={2022},
  publisher={Elsevier}
}
@inproceedings{aslanpour2021serverless-21,
  title={Serverless edge computing: vision and challenges},
  author={Aslanpour, Mohammad S and Toosi, Adel N and Cicconetti, Claudio and Javadi, Bahman and Sbarski, Peter and Taibi, Davide and Assuncao, Marcos and Gill, Sukhpal Singh and Gaire, Raj and Dustdar, Schahram},
  booktitle={2021 Australasian Computer Science Week Multiconference},
  pages={1--10},
  year={2021}
}
@inproceedings{ioini2020platforms-22,
  title={Platforms for serverless at the edge: a review},
  author={Ioini, Nabil El and H{\"a}stbacka, David and Pahl, Claus and Taibi, Davide},
  booktitle={European Conference on Service-Oriented and Cloud Computing},
  pages={29--40},
  year={2020},
  organization={Springer}
}
@article{xie2021serverless-23,
  title={When serverless computing meets edge computing: architecture, challenges, and open issues},
  author={Xie, Renchao and Tang, Qinqin and Qiao, Shi and Zhu, Han and Yu, F Richard and Huang, Tao},
  journal={IEEE Wireless Communications},
  volume={28},
  number={5},
  pages={126--133},
  year={2021},
  publisher={IEEE}
}
@article{taibi2020patterns-24,
  title={Patterns for serverless functions (function-as-a-service): A multivocal literature review},
  author={Taibi, Davide and El Ioini, Nabil and Pahl, Claus and Niederkofler, Jan Raphael Schmid},
  year={2020},
  publisher={Science and Technology Publications (SciTePress)}
}
@article{eismann2020review-25,
  title={A review of serverless use cases and their characteristics},
  author={Eismann, Simon and Scheuner, Joel and Van Eyk, Erwin and Schwinger, Maximilian and Grohmann, Johannes and Herbst, Nikolas and Abad, Cristina L and Iosup, Alexandru},
  journal={arXiv preprint arXiv:2008.11110},
  year={2020}
}
@inproceedings{yussupov2019systematic-26,
  title={A systematic mapping study on engineering function-as-a-service platforms and tools},
  author={Yussupov, Vladimir and Breitenb{\"u}cher, Uwe and Leymann, Frank and Wurster, Michael},
  booktitle={Proceedings of the 12th IEEE/ACM International Conference on Utility and Cloud Computing},
  pages={229--240},
  year={2019}
}
@article{scheuner2020function-27,
  title={Function-as-a-service performance evaluation: A multivocal literature review},
  author={Scheuner, Joel and Leitner, Philipp},
  journal={Journal of Systems and Software},
  volume={170},
  pages={110708},
  year={2020},
  publisher={Elsevier}
}
@article{brereton2007lessons-28,
  title={Lessons from applying the systematic literature review process within the software engineering domain},
  author={Brereton, Pearl and Kitchenham, Barbara A and Budgen, David and Turner, Mark and Khalil, Mohamed},
  journal={Journal of systems and software},
  volume={80},
  number={4},
  pages={571--583},
  year={2007},
  publisher={Elsevier}
}
@article{kitchenham2009systematic-29,
  title={Systematic literature reviews in software engineering--a systematic literature review},
  author={Kitchenham, Barbara and Brereton, O Pearl and Budgen, David and Turner, Mark and Bailey, John and Linkman, Stephen},
  journal={Information and software technology},
  volume={51},
  number={1},
  pages={7--15},
  year={2009},
  publisher={Elsevier}
}
@article{kitchenham2013systematic-30,
  title={A systematic review of systematic review process research in software engineering},
  author={Kitchenham, Barbara and Brereton, Pearl},
  journal={Information and software technology},
  volume={55},
  number={12},
  pages={2049--2075},
  year={2013},
  publisher={Elsevier}
}
@inproceedings{stapic2012performing-31,
  title={Performing systematic literature review in software engineering},
  author={Stapic, Zlatko and L{\'o}pez, Eva Garc{\'\i}a and Cabot, Antonio Garc{\'\i}a and de Marcos Ortega, Luis and Strahonja, Vjeran},
  booktitle={Central European Conference on Information and Intelligent Systems},
  pages={441},
  year={2012},
  organization={Faculty of Organization and Informatics Varazdin}
}
@inproceedings{kitchenham2012systematic-32,
  title={Systematic review in software engineering: where we are and where we should be going},
  author={Kitchenham, Barbara A},
  booktitle={Proceedings of the 2nd international workshop on Evidential assessment of software technologies},
  pages={1--2},
  year={2012}
}
@article{jatoth2015computational-33,
  title={Computational intelligence based QoS-aware web service composition: a systematic literature review},
  author={Jatoth, Chandrashekar and Gangadharan, GR and Buyya, Rajkumar},
  journal={IEEE Transactions on Services Computing},
  volume={10},
  number={3},
  pages={475--492},
  year={2015},
  publisher={IEEE}
}
@article{vakili2017comprehensive-34,
  title={Comprehensive and systematic review of the service composition mechanisms in the cloud environments},
  author={Vakili, Asrin and Navimipour, Nima Jafari},
  journal={Journal of Network and Computer Applications},
  volume={81},
  pages={24--36},
  year={2017},
  publisher={Elsevier}
}
@inproceedings{riaz2010experiences-35,
  title={Experiences conducting systematic reviews from novices’ perspective},
  author={Riaz, Mehwish and Sulayman, Muhammad and Salleh, Norsaremah and Mendes, Emilia},
  booktitle={14th International Conference on Evaluation and Assessment in Software Engineering (EASE)},
  pages={1--10},
  year={2010}
}
@article{batool2022software-36,
  title={Software fault prediction using data mining, machine learning and deep learning techniques: A systematic literature review},
  author={Batool, Iqra and Khan, Tamim Ahmed},
  journal={Computers and Electrical Engineering},
  volume={100},
  pages={107886},
  year={2022},
  publisher={Elsevier}
}
@article{asghari2019internet-37,
  title={Internet of Things applications: A systematic review},
  author={Asghari, Parvaneh and Rahmani, Amir Masoud and Javadi, Hamid Haj Seyyed},
  journal={Computer Networks},
  volume={148},
  pages={241--261},
  year={2019},
  publisher={Elsevier}
}
@article{li2022serverless-38,
  title={The serverless computing survey: A technical primer for design architecture},
  author={Li, Zijun and Guo, Linsong and Cheng, Jiagan and Chen, Quan and He, BingSheng and Guo, Minyi},
  journal={ACM Computing Surveys (CSUR)},
  volume={54},
  number={10s},
  pages={1--34},
  year={2022},
  publisher={ACM New York, NY}
}
@article{cassel2022serverless-39,
  title={Serverless computing for Internet of Things: A systematic literature review},
  author={Cassel, Gustavo Andr{\'e} Setti and Rodrigues, Vinicius Facco and da Rosa Righi, Rodrigo and Bez, Marta Rosecler and Nepomuceno, Andressa Cruz and da Costa, Cristiano Andr{\'e}},
  journal={Future Generation Computer Systems},
  volume={128},
  pages={299--316},
  year={2022},
  publisher={Elsevier}
}
@article{cicconetti2020decentralized-40,
  title={A decentralized framework for serverless edge computing in the internet of things},
  author={Cicconetti, Claudio and Conti, Marco and Passarella, Andrea},
  journal={IEEE Transactions on Network and Service Management},
  volume={18},
  number={2},
  pages={2166--2180},
  year={2020},
  publisher={IEEE}
}
@inproceedings{cicconetti2018architectural-41,
  title={An architectural framework for serverless edge computing: design and emulation tools},
  author={Cicconetti, Claudio and Conti, Marco and Passarella, Andrea},
  booktitle={2018 IEEE international conference on cloud computing technology and science (CloudCom)},
  pages={48--55},
  year={2018},
  organization={IEEE}
}
@inproceedings{palade2019evaluation-42,
  title={An evaluation of open source serverless computing frameworks support at the edge},
  author={Palade, Andrei and Kazmi, Aqeel and Clarke, Siobh{\'a}n},
  booktitle={2019 IEEE World Congress on Services (SERVICES)},
  volume={2642},
  pages={206--211},
  year={2019},
  organization={IEEE}
}
@article{mohanty2018evaluation-43,
  title={An Evaluation of Open Source Serverless Computing Frameworks.},
  author={Mohanty, Sunil Kumar and Premsankar, Gopika and Di Francesco, Mario and others},
  journal={CloudCom},
  volume={2018},
  pages={115--120},
  year={2018}
}
@inproceedings{glikson2017deviceless-44,
  title={Deviceless edge computing: extending serverless computing to the edge of the network},
  author={Glikson, Alex and Nastic, Stefan and Dustdar, Schahram},
  booktitle={Proceedings of the 10th ACM International Systems and Storage Conference},
  pages={1--1},
  year={2017}
}
@article{wang2021wearmask-45,
  title={Wearmask: Fast in-browser face mask detection with serverless edge computing for covid-19},
  author={Wang, Zekun and Wang, Pengwei and Louis, Peter C and Wheless, Lee E and Huo, Yuankai},
  journal={arXiv preprint arXiv:2101.00784},
  year={2021}
}
@article{baresi2021paps-46,
  title={PAPS: A serverless platform for edge computing infrastructures},
  author={Baresi, Luciano and Quattrocchi, Giovanni},
  journal={Frontiers in Sustainable Cities},
  volume={3},
  pages={690660},
  year={2021},
  publisher={Frontiers Media SA}
}
@article{ko2022function-47,
  title={Function-Aware Resource Management Framework for Serverless Edge Computing},
  author={Ko, Haneul and Pack, Sangheon},
  journal={IEEE Internet of Things Journal},
  year={2022},
  publisher={IEEE}
}
@article{kjorveziroski2021iot-48,
  title={IoT Serverless Computing at the Edge: Open Issues and Research Direction},
  author={Kjorveziroski, Vojdan and Bernad Canto, Cristina and Juan Roig, Pedro and Gilly, Katja and Mishev, Anastas and Trajkovik, Vladimir and Filiposka, Sonja},
  journal={Transactions on Networks and Communications},
  year={2021},
  publisher={Scholar Publishing}
}
@inproceedings{gadepalli2019challenges-49,
  title={Challenges and opportunities for efficient serverless computing at the edge},
  author={Gadepalli, Phani Kishore and Peach, Gregor and Cherkasova, Ludmila and Aitken, Rob and Parmer, Gabriel},
  booktitle={2019 38th Symposium on Reliable Distributed Systems (SRDS)},
  pages={261--2615},
  year={2019},
  organization={IEEE}
}
@article{aslanpour2020performance-50,
  title={Performance evaluation metrics for cloud, fog and edge computing: A review, taxonomy, benchmarks and standards for future research},
  author={Aslanpour, Mohammad S and Gill, Sukhpal Singh and Toosi, Adel N},
  journal={Internet of Things},
  volume={12},
  pages={100273},
  year={2020},
  publisher={Elsevier}
}
@inproceedings{pfandzelter2020tinyfaas-51,
  title={tinyfaas: A lightweight faas platform for edge environments},
  author={Pfandzelter, Tobias and Bermbach, David},
  booktitle={2020 IEEE International Conference on Fog Computing (ICFC)},
  pages={17--24},
  year={2020},
  organization={IEEE}
}
@article{lin2021privacy-52,
  title={Privacy-Preserving Serverless Edge Learning with Decentralized Small Data},
  author={Lin, Shih-Chun and Lin, Chia-Hung},
  journal={arXiv preprint arXiv:2111.14955},
  year={2021}
}
@article{nastic2017serverless-53,
  title={A serverless real-time data analytics platform for edge computing},
  author={Nastic, Stefan and Rausch, Thomas and Scekic, Ognjen and Dustdar, Schahram and Gusev, Marjan and Koteska, Bojana and Kostoska, Magdalena and Jakimovski, Boro and Ristov, Sasko and Prodan, Radu},
  journal={IEEE Internet Computing},
  volume={21},
  number={4},
  pages={64--71},
  year={2017},
  publisher={IEEE}
}
@inproceedings{aslanpour2022energy-54,
  title={Energy-Aware Resource Scheduling for Serverless Edge Computing},
  author={Aslanpour, Mohammad Sadegh and Toosi, Adel N and Cheema, Muhammad Aamir and Gaire, Raj},
  booktitle={2022 22nd IEEE International Symposium on Cluster, Cloud and Internet Computing (CCGrid)},
  pages={190--199},
  year={2022},
  organization={IEEE}
}
@article{deng2021dependent-55,
  title={Dependent Function Embedding for Distributed Serverless Edge Computing},
  author={Deng, Shuiguang and Zhao, Hailiang and Xiang, Zhengzhe and Zhang, Cheng and Jiang, Rong and Li, Ying and Yin, Jianwei and Dustdar, Schahram and Zomaya, Albert Y},
  journal={IEEE Transactions on Parallel and Distributed Systems},
  volume={33},
  number={10},
  pages={2346--2357},
  year={2021},
  publisher={IEEE}
}
@article{tang2022distributed-56,
  title={Distributed Task Scheduling in Serverless Edge Computing Networks for the Internet of Things: A Learning Approach},
  author={Tang, Qinqin and Xie, Renchao and Yu, Fei Richard and Chen, Tianjiao and Zhang, Ran and Huang, Tao and Liu, Yunjie},
  journal={IEEE Internet of Things Journal},
  volume={9},
  number={20},
  pages={19634--19648},
  year={2022},
  publisher={IEEE}
}
@inproceedings{das2018edgebench-57,
  title={Edgebench: Benchmarking edge computing platforms},
  author={Das, Anirban and Patterson, Stacy and Wittie, Mike},
  booktitle={2018 IEEE/ACM International Conference on Utility and Cloud Computing Companion (UCC Companion)},
  pages={175--180},
  year={2018},
  organization={IEEE}
}
@article{lakhan2022restricted-58,
  title={Restricted Boltzmann machine Assisted Secure Serverless Edge System for Internet of Medical Things},
  author={Lakhan, Abdullah and Mohammed, Mazin Abed and Rashid, Ahmed N and Kadry, Seifedine and Abdulkareem, Karrar Hameed and Nedoma, Jan and Martinek, Radek and Razzak, Imran},
  journal={IEEE Journal of Biomedical and Health Informatics},
  year={2022},
  publisher={IEEE}
}
@inproceedings{hussain2019serverless-59,
  title={Serverless edge computing for green oil and gas industry},
  author={Hussain, Razin Farhan and Salehi, Mohsen Amini and Semiari, Omid},
  booktitle={2019 IEEE Green Technologies Conference (GreenTech)},
  pages={1--4},
  year={2019},
  organization={IEEE}
}
@inproceedings{baresi2019towards-60,
  title={Towards a serverless platform for edge computing},
  author={Baresi, Luciano and Mendon{\c{c}}a, Danilo Filgueira},
  booktitle={2019 IEEE International Conference on Fog Computing (ICFC)},
  pages={1--10},
  year={2019},
  organization={IEEE}
}
@inproceedings{carpio2021engineering-61,
  title={Engineering and Experimentally Benchmarking a Serverless Edge Computing System},
  author={Carpio, Francisco and Michalke, Marc and Jukan, Admela},
  booktitle={2021 IEEE Global Communications Conference (GLOBECOM)},
  pages={1--6},
  year={2021},
  organization={IEEE}
}
@article{xie2022workflow-62,
  title={Workflow Scheduling in Serverless Edge Computing for the Industrial Internet of Things: A Learning Approach},
  author={Xie, Renchao and Gu, Dier and Tang, Qinqin and Huang, Tao and Yu, Fei Richard},
  journal={IEEE Transactions on Industrial Informatics},
  year={2022},
  publisher={IEEE}
}
@article{rausch2021optimized-63,
  title={Optimized container scheduling for data-intensive serverless edge computing},
  author={Rausch, Thomas and Rashed, Alexander and Dustdar, Schahram},
  journal={Future Generation Computer Systems},
  volume={114},
  pages={259--271},
  year={2021},
  publisher={Elsevier}
}
@article{yao2023performance-64,
  title={Performance optimization of serverless edge computing function offloading based on deep reinforcement learning},
  author={Yao, Xuyi and Chen, Ningjiang and Yuan, Xuemei and Ou, Pingjie},
  journal={Future Generation Computer Systems},
  volume={139},
  pages={74--86},
  year={2023},
  publisher={Elsevier}
}
@article{cicconetti2022faas-65,
  title={FaaS execution models for edge applications},
  author={Cicconetti, Claudio and Conti, Marco and Passarella, Andrea},
  journal={Pervasive and Mobile Computing},
  volume={86},
  pages={101689},
  year={2022},
  publisher={Elsevier}
}
@inproceedings{mendki2020evaluating-66,
  title={Evaluating webassembly enabled serverless approach for edge computing},
  author={Mendki, Pankaj},
  booktitle={2020 IEEE Cloud Summit},
  pages={161--166},
  year={2020},
  organization={IEEE}
}
@inproceedings{aske2018supporting-67,
  title={Supporting multi-provider serverless computing on the edge},
  author={Aske, Austin and Zhao, Xinghui},
  booktitle={Proceedings of the 47th International Conference on Parallel Processing Companion},
  pages={1--6},
  year={2018}
}
@inproceedings{hall2019execution-68,
  title={An execution model for serverless functions at the edge},
  author={Hall, Adam and Ramachandran, Umakishore},
  booktitle={Proceedings of the International Conference on Internet of Things Design and Implementation},
  pages={225--236},
  year={2019}
}
@inproceedings{lyu2022towards-69,
  title={Towards efficient processing of latency-sensitive serverless DAGs at the edge},
  author={Lyu, Xiaosu and Cherkasova, Ludmila and Aitken, Robert and Parmer, Gabriel and Wood, Timothy},
  booktitle={Proceedings of the 5th International Workshop on Edge Systems, Analytics and Networking},
  pages={49--54},
  year={2022}
}
@inproceedings{sethunath2021joint-70,
  title={A Joint Resource Allocation and Request Dispatch Scheme for Performing Serverless Computing over Edge and Cloud},
  author={Sethunath, Meenakshi and Peng, Yang},
  booktitle={2021 IEEE 7th World Forum on Internet of Things (WF-IoT)},
  pages={575--580},
  year={2021},
  organization={IEEE}
}
@inproceedings{coviello2022dataxe-71,
  title={DataXe: A System for Application Self-optimization in Serverless Edge Computing Environments},
  author={Coviello, Giuseppe and Rao, Kunal and Debnath, Biplob and Po, Oliver and Chakradhar, Srimat},
  booktitle={2022 IEEE International Conference on Pervasive Computing and Communications Workshops and other Affiliated Events (PerCom Workshops)},
  pages={699--705},
  year={2022},
  organization={IEEE}
}
@inproceedings{cicconetti2021preliminary-72,
  title={A Preliminary Evaluation of QUIC for Mobile Serverless Edge Applications},
  author={Cicconetti, Claudio and Lossi, Leonardo and Mingozzi, Enzo and Passarella, Andrea},
  booktitle={2021 IEEE 22nd International Symposium on a World of Wireless, Mobile and Multimedia Networks (WoWMoM)},
  pages={268--273},
  year={2021},
  organization={IEEE}
}
@inproceedings{jeon2021deep-73,
  title={Deep Reinforcement Learning for QoS-Aware Package Caching in Serverless Edge Computing},
  author={Jeon, Hongseok and Shin, Seungjae and Cho, Chunglae and Yoon, Seunghyun},
  booktitle={2021 IEEE Global Communications Conference (GLOBECOM)},
  pages={1--6},
  year={2021},
  organization={IEEE}
}
@inproceedings{rajput2022edgefaasbench-74,
  title={EdgeFaaSBench: Benchmarking Edge Devices Using Serverless Computing},
  author={Rajput, Kaustubh Rajendra and Kulkarni, Chinmay Dilip and Cho, Byungjin and Wang, Wei and Kim, In Kee},
  booktitle={2022 IEEE International Conference on Edge Computing and Communications (EDGE)},
  pages={93--103},
  year={2022},
  organization={IEEE}
}
@inproceedings{aslanpour2022energy-75,
  title={Energy-Aware Resource Scheduling for Serverless Edge Computing},
  author={Aslanpour, Mohammad Sadegh and Toosi, Adel N and Cheema, Muhammad Aamir and Gaire, Raj},
  booktitle={2022 22nd IEEE International Symposium on Cluster, Cloud and Internet Computing (CCGrid)},
  pages={190--199},
  year={2022},
  organization={IEEE}
}
@inproceedings{smith2022fado-76,
  title={Fado: Faas functions and data orchestrator for multiple serverless edge-cloud clusters},
  author={Smith, Christopher Peter and Jindal, Anshul and Chadha, Mohak and Gerndt, Michael and Benedict, Shajulin},
  booktitle={2022 IEEE 6th International Conference on Fog and Edge Computing (ICFEC)},
  pages={17--25},
  year={2022},
  organization={IEEE}
}
@inproceedings{rausch2019towards-77,
  title={Towards a serverless platform for edge $\{$AI$\}$},
  author={Rausch, Thomas and Hummer, Waldemar and Muthusamy, Vinod and Rashed, Alexander and Dustdar, Schahram},
  booktitle={2nd USENIX Workshop on Hot Topics in Edge Computing (HotEdge 19)},
  year={2019}
}
@article{chaudhry2020improved-78,
  title={Improved QoS at the edge using serverless computing to deploy virtual network functions},
  author={Chaudhry, Saqib Rasool and Palade, Andrei and Kazmi, Aqeel and Clarke, Siobh{\'a}n},
  journal={IEEE Internet of Things Journal},
  volume={7},
  number={10},
  pages={10673--10683},
  year={2020},
  publisher={IEEE}
}
@inproceedings{yadav2021browser-79,
  title={In-Browser Attendance System using Face Recognition and Serverless Edge Computing},
  author={Yadav, Deepak and Maniar, Sarthak and Sukhani, Krish and Devadkar, Kailas},
  booktitle={2021 12th International Conference on Computing Communication and Networking Technologies (ICCCNT)},
  pages={01--06},
  year={2021},
  organization={IEEE}
}
@article{gill2021quantum-80,
  title={Quantum and blockchain based Serverless edge computing: A vision, model, new trends and future directions},
  author={Gill, Sukhpal Singh},
  journal={Internet Technology Letters},
  pages={e275},
  year={2021},
  publisher={Wiley Online Library}
}
@inproceedings{li2022kneescale-81,
  title={KneeScale: Efficient Resource Scaling for Serverless Computing at the Edge},
  author={Li, Xue and Kang, Peng and Molone, Jordan and Wang, Wei and Lama, Palden},
  booktitle={2022 22nd IEEE International Symposium on Cluster, Cloud and Internet Computing (CCGrid)},
  pages={180--189},
  year={2022},
  organization={IEEE}
}
@inproceedings{paraskevoulakou2021leveraging-82,
  title={Leveraging the serverless paradigm for realizing machine learning pipelines across the edge-cloud continuum},
  author={Paraskevoulakou, Efterpi and Kyriazis, Dimosthenis},
  booktitle={2021 24th Conference on Innovation in Clouds, Internet and Networks and Workshops (ICIN)},
  pages={110--117},
  year={2021},
  organization={IEEE}
}
@inproceedings{huang2022mobility-83,
  title={Mobility-aware Seamless Virtual Function Migration in Deviceless Edge Computing Environments},
  author={Huang, Yaodong and Lin, Zelin and Yao, Tingting and Shang, Xiaojun and Cui, Laizhong and Huang, Joshua Zhexue},
  booktitle={2022 IEEE 42nd International Conference on Distributed Computing Systems (ICDCS)},
  pages={447--457},
  year={2022},
  organization={IEEE}
}
@inproceedings{sethunath2021joint-84,
  title={A Joint Resource Allocation and Request Dispatch Scheme for Performing Serverless Computing over Edge and Cloud},
  author={Sethunath, Meenakshi and Peng, Yang},
  booktitle={2021 IEEE 7th World Forum on Internet of Things (WF-IoT)},
  pages={575--580},
  year={2021},
  organization={IEEE}
}
@inproceedings{mistry2020demonstrating-85,
  title={Demonstrating the practicality of unikernels to build a serverless platform at the edge},
  author={Mistry, Chetankumar and Stelea, Bogdan and Kumar, Vijay and Pasquier, Thomas},
  booktitle={2020 IEEE International Conference on Cloud Computing Technology and Science (CloudCom)},
  pages={25--32},
  year={2020},
  organization={IEEE}
}
@inproceedings{leppanen2019energy-86,
  title={Energy efficient opportunistic edge computing for the Internet of Things},
  author={Lepp{\"a}nen, Teemu and Riekki, Jukka},
  booktitle={Web Intelligence},
  volume={17},
  number={3},
  pages={209--227},
  year={2019},
  organization={IOS Press}
}
@article{baresi2022neptune-87,
  title={NEPTUNE: Network-and GPU-aware Management of Serverless Functions at the Edge},
  author={Baresi, Luciano and Hu, Davide Yi Xian and Quattrocchi, Giovanni and Terracciano, Luca},
  journal={arXiv preprint arXiv:2205.04320},
  year={2022}
}
@inproceedings{li2022joint-88,
  title={On the Joint Optimization of Function Assignment and Communication Scheduling toward Performance Efficient Serverless Edge Computing},
  author={Li, Yuepeng and Zeng, Deze and Gu, Lin and Wang, Kun and Guo, Song},
  booktitle={2022 IEEE/ACM 30th International Symposium on Quality of Service (IWQoS)},
  pages={1--9},
  year={2022},
  organization={IEEE}
}
@article{tutuncuouglu2022online-90,
  title={Online Learning for Rate-Adaptive Task Offloading Under Latency Constraints in Serverless Edge Computing},
  author={T{\"u}t{\"u}nc{\"u}o{\u{g}}lu, Feridun and Jo{\v{s}}ilo, Sla{\dj}ana and D{\'a}n, Gy{\"o}rgy},
  journal={IEEE/ACM Transactions on Networking},
  year={2022},
  publisher={IEEE}
}
@article{pelle2020operating-91,
  title={Operating latency sensitive applications on public serverless edge cloud platforms},
  author={Pelle, Istv{\'a}n and Czentye, J{\'a}nos and D{\'o}ka, J{\'a}nos and Kern, Andr{\'a}s and Ger{\H{o}}, Bal{\'a}zs P and Sonkoly, Bal{\'a}zs},
  journal={IEEE Internet of Things Journal},
  volume={8},
  number={10},
  pages={7954--7972},
  year={2020},
  publisher={IEEE}
}
@article{pan2022retention-92,
  title={Retention-aware container caching for serverless edge computing},
  author={Pan, Li and Wang, Lin and Chen, Shutong and Liu, Fangming},
  journal={Proc. of IEEE INFOCOM, IEEE},
  year={2022}
}
@article{kjorveziroski2022kubernetes-92,
  title={Kubernetes distributions for the edge: serverless performance evaluation},
  author={Kjorveziroski, Vojdan and Filiposka, Sonja},
  journal={The Journal of Supercomputing},
  pages={1--28},
  year={2022},
  publisher={Springer}
}
@inproceedings{bac2022serverless-93,
  title={Serverless Computing Approach for Deploying Machine Learning Applications in Edge Layer},
  author={Bac, Ta Phuong and Tran, Minh Ngoc and Kim, YoungHan},
  booktitle={2022 International Conference on Information Networking (ICOIN)},
  pages={396--401},
  year={2022},
  organization={IEEE}
}
@inproceedings{hussain2019serverless-94,
  title={Serverless edge computing for green oil and gas industry},
  author={Hussain, Razin Farhan and Salehi, Mohsen Amini and Semiari, Omid},
  booktitle={2019 IEEE Green Technologies Conference (GreenTech)},
  pages={1--4},
  year={2019},
  organization={IEEE}
}
@inproceedings{zhang2020stoic-95,
  title={Stoic: Serverless teleoperable hybrid cloud for machine learning applications on edge device},
  author={Zhang, Michael and Krintz, Chandra and Wolski, Rich},
  booktitle={2020 IEEE International Conference on Pervasive Computing and Communications Workshops (PerCom Workshops)},
  pages={1--6},
  year={2020},
  organization={IEEE}
}
@inproceedings{baresi2019towards-96,
  title={Towards a serverless platform for edge computing},
  author={Baresi, Luciano and Mendon{\c{c}}a, Danilo Filgueira},
  booktitle={2019 IEEE International Conference on Fog Computing (ICFC)},
  pages={1--10},
  year={2019},
  organization={IEEE}
}
@inproceedings{xie2022workflow-97,
  title={Workflow Scheduling Using Hybrid PSO-GA Algorithm in Serverless Edge Computing for the Internet of Things},
  author={Xie, Renchao and Gu, Dier and Tang, Qinqin and Huang, Tao and Yu, F Richard},
  booktitle={2022 IEEE 95th Vehicular Technology Conference:(VTC2022-Spring)},
  pages={1--7},
  year={2022},
  organization={IEEE}
}
@techreport{keele2007guidelines-98,
  title={Guidelines for performing systematic literature reviews in software engineering},
  author={Keele, Staffs and others},
  year={2007},
  institution={Technical report, ver. 2.3 ebse technical report. ebse}
}
@article{chen2019deep-99,
  title={Deep learning with edge computing: A review},
  author={Chen, Jiasi and Ran, Xukan},
  journal={Proceedings of the IEEE},
  volume={107},
  number={8},
  pages={1655--1674},
  year={2019},
  publisher={IEEE}
}
@inproceedings{mcgrath2017serverless-100,
  title={Serverless computing: Design, implementation, and performance},
  author={McGrath, Garrett and Brenner, Paul R},
  booktitle={2017 IEEE 37th International Conference on Distributed Computing Systems Workshops (ICDCSW)},
  pages={405--410},
  year={2017},
  organization={IEEE}
}
@article{antonopoulos2020bankruptcy-101,
  title={Bankruptcy problem in network sharing: Fundamentals, applications and challenges},
  author={Antonopoulos, Angelos},
  journal={IEEE Wireless Communications},
  volume={27},
  number={4},
  pages={81--87},
  year={2020},
  publisher={IEEE}
}
@article{shafiei2019serverless-102,
  title={Serverless Computing: A Survey of Opportunities, Challenges, and Applications},
  author={Shafiei, Hossein and Khonsari, Ahmad and Mousavi, Payam},
  journal={ACM Computing Surveys (CSUR)},
  year={2019},
  publisher={ACM New York, NY}
}
@article{fraga2016review-103,
  title={A review on internet of things for defense and public safety},
  author={Fraga-Lamas, Paula and Fern{\'a}ndez-Caram{\'e}s, Tiago M and Su{\'a}rez-Albela, Manuel and Castedo, Luis and Gonz{\'a}lez-L{\'o}pez, Miguel},
  journal={Sensors},
  volume={16},
  number={10},
  pages={1644},
  year={2016},
  publisher={MDPI}
}
@article{raith2023serverless,
  title={Serverless edge computing—where we are and what lies ahead},
  author={Raith, Philipp and Nastic, Stefan and Dustdar, Schahram},
  journal={IEEE Internet Computing},
  volume={27},
  number={3},
  pages={50--64},
  year={2023},
  publisher={IEEE}
}