@article{aslanpour2020performance-17,
  title={Performance evaluation metrics for cloud, fog and edge computing: A review, taxonomy, benchmarks and standards for future research},
  author={Aslanpour, Mohammad S and Gill, Sukhpal Singh and Toosi, Adel N},
  journal={Internet of Things},
  volume={12},
  pages={100273},
  year={2020},
  publisher={Elsevier}
}

@inproceedings{aslanpour2021serverless-21,
  title={Serverless edge computing: vision and challenges},
  author={Aslanpour, Mohammad S and Toosi, Adel N and Cicconetti, Claudio and Javadi, Bahman and Sbarski, Peter and Taibi, Davide and Assuncao, Marcos and Gill, Sukhpal Singh and Gaire, Raj and Dustdar, Schahram},
  booktitle={2021 Australasian Computer Science Week Multiconference},
  pages={1--10},
  year={2021}
}

@inproceedings{aslanpour2021serverless-8,
  title={Serverless edge computing: vision and challenges},
  author={Aslanpour, Mohammad S and Toosi, Adel N and Cicconetti, Claudio and Javadi, Bahman and Sbarski, Peter and Taibi, Davide and Assuncao, Marcos and Gill, Sukhpal Singh and Gaire, Raj and Dustdar, Schahram},
  booktitle={2021 Australasian Computer Science Week Multiconference},
  pages={1--10},
  year={2021}
}

@article{cassel2022serverless-20,
  title={Serverless computing for Internet of Things: A systematic literature review},
  author={Cassel, Gustavo Andr{\'e} Setti and Rodrigues, Vinicius Facco and da Rosa Righi, Rodrigo and Bez, Marta Rosecler and Nepomuceno, Andressa Cruz and da Costa, Cristiano Andr{\'e}},
  journal={Future Generation Computer Systems},
  volume={128},
  pages={299--316},
  year={2022},
  publisher={Elsevier}
}

@article{eismann2020review-25,
  title={A review of serverless use cases and their characteristics},
  author={Eismann, Simon and Scheuner, Joel and Van Eyk, Erwin and Schwinger, Maximilian and Grohmann, Johannes and Herbst, Nikolas and Abad, Cristina L and Iosup, Alexandru},
  journal={arXiv preprint arXiv:2008.11110},
  year={2020}
}

@inproceedings{gadepalli2019challenges-49,
  title={Challenges and opportunities for efficient serverless computing at the edge},
  author={Gadepalli, Phani Kishore and Peach, Gregor and Cherkasova, Ludmila and Aitken, Rob and Parmer, Gabriel},
  booktitle={2019 38th Symposium on Reliable Distributed Systems (SRDS)},
  pages={261--2615},
  year={2019},
  organization={IEEE}
}

@inproceedings{ioini2020platforms-22,
  title={Platforms for serverless at the edge: a review},
  author={Ioini, Nabil El and H{\"a}stbacka, David and Pahl, Claus and Taibi, Davide},
  booktitle={European Conference on Service-Oriented and Cloud Computing},
  pages={29--40},
  year={2020},
  organization={Springer}
}

@article{kjorveziroski2021iot-48,
  title={IoT Serverless Computing at the Edge: Open Issues and Research Direction},
  author={Kjorveziroski, Vojdan and Bernad Canto, Cristina and Juan Roig, Pedro and Gilly, Katja and Mishev, Anastas and Trajkovik, Vladimir and Filiposka, Sonja},
  journal={Transactions on Networks and Communications},
  year={2021},
  publisher={Scholar Publishing}
}

@article{li2022serverless-38,
  title={The serverless computing survey: A technical primer for design architecture},
  author={Li, Zijun and Guo, Linsong and Cheng, Jiagan and Chen, Quan and He, BingSheng and Guo, Minyi},
  journal={ACM Computing Surveys (CSUR)},
  volume={54},
  number={10s},
  pages={1--34},
  year={2022},
  publisher={ACM New York, NY}
}

@article{mampage2022holistic-18,
  title={A holistic view on resource management in serverless computing environments: Taxonomy and future directions},
  author={Mampage, Anupama and Karunasekera, Shanika and Buyya, Rajkumar},
  journal={ACM Computing Surveys (CSUR)},
  volume={54},
  number={11s},
  pages={1--36},
  year={2022},
  publisher={ACM New York, NY}
}

@article{raith2023serverless,
  title={Serverless edge computingâ€”where we are and what lies ahead},
  author={Raith, Philipp and Nastic, Stefan and Dustdar, Schahram},
  journal={IEEE Internet Computing},
  volume={27},
  number={3},
  pages={50--64},
  year={2023},
  publisher={IEEE}
}

@article{scheuner2020function-27,
  title={Function-as-a-service performance evaluation: A multivocal literature review},
  author={Scheuner, Joel and Leitner, Philipp},
  journal={Journal of Systems and Software},
  volume={170},
  pages={110708},
  year={2020},
  publisher={Elsevier}
}

@article{taibi2020patterns-24,
  title={Patterns for serverless functions (function-as-a-service): A multivocal literature review},
  author={Taibi, Davide and El Ioini, Nabil and Pahl, Claus and Niederkofler, Jan Raphael Schmid},
  year={2020},
  publisher={Science and Technology Publications (SciTePress)}
}

@article{xie2021serverless-15,
  title={When serverless computing meets edge computing: architecture, challenges, and open issues},
  author={Xie, Renchao and Tang, Qinqin and Qiao, Shi and Zhu, Han and Yu, F Richard and Huang, Tao},
  journal={IEEE Wireless Communications},
  volume={28},
  number={5},
  pages={126--133},
  year={2021},
  publisher={IEEE}
}

@inproceedings{yussupov2019systematic-26,
  title={A systematic mapping study on engineering function-as-a-service platforms and tools},
  author={Yussupov, Vladimir and Breitenb{\"u}cher, Uwe and Leymann, Frank and Wurster, Michael},
  booktitle={Proceedings of the 12th IEEE/ACM International Conference on Utility and Cloud Computing},
  pages={229--240},
  year={2019}
}

