@INPROCEEDINGS{Ciucu2010,
  author={Ciucu, Florin and Hohlfeld, Oliver and Hui, Pan},
  booktitle={2010 48th Annual Allerton Conference on Communication, Control, and Computing (Allerton)}, 
  title={Non-asymptotic throughput and delay distributions in multi-hop wireless networks}, 
  year={2010},
  volume={},
  number={},
  pages={662-669},
  keywords={Delay;Throughput;Spread spectrum communication;Stability analysis;Calculus;Approximation methods;Markov processes},
  doi={10.1109/ALLERTON.2010.5706970}}

@incollection{DAHLMAN2014299,
title = {Chapter 12 - Retransmission Protocols},
booktitle = {4G: LTE/LTE-Advanced for Mobile Broadband},
publisher = {Academic Press},
edition = {Second},
address = {Oxford},
pages = {299-319},
year = {2014},
isbn = {978-0-12-419985-9},
doi = {https://doi.org/10.1016/B978-0-12-419985-9.00012-X},
author = {Erik Dahlman and Stefan Parkvall and Johan Sköld}
}

@INPROCEEDINGS{Sahin2014Harq,
  author={Sahin, Cenk and Liu, Lingjia and Perrins, Erik},
  booktitle={2014 IEEE Global Communications Conference}, 
  title={On the finite blocklength performance of HARQ in modern wireless systems}, 
  year={2014},
  volume={},
  number={},
  pages={3513-3519},
  keywords={Wireless communication;Markov processes;Fading;Decoding;Modulation;Approximation methods;Signal to noise ratio},
  doi={10.1109/GLOCOM.2014.7037352}}

@INPROCEEDINGS{Sahin2015Harq,
  author={Sahin, Cenk and Liu, Lingjia and Perrins, Erik},
  booktitle={2015 IEEE Globecom Workshops (GC Wkshps)}, 
  title={On the Queueing Performance of HARQ Systems with Coding over Finite Transport Blocks}, 
  year={2015},
  volume={},
  number={},
  pages={1-7},
  keywords={Fading channels;Markov processes;Wireless communication;Delays;Modulation;Decoding;Encoding},
  doi={10.1109/GLOCOMW.2015.7414215}}

@ARTICLE{Sahin2019Harq,
  author={Sahin, Cenk and Liu, Lingjia and Perrins, Erik and Ma, Liangping},
  journal={IEEE Journal on Selected Areas in Communications}, 
  title={Delay-Sensitive Communications Over IR-HARQ: Modulation, Coding Latency, and Reliability}, 
  year={2019},
  volume={37},
  number={4},
  pages={749-764},
  keywords={Wireless communication;Throughput;Encoding;Fading channels;Reliability;Modulation;Markov processes;5G;URLLC;delay-violation probability;delay-sensitive;IR-HARQ;finite blocklength coding},
  doi={10.1109/JSAC.2019.2898784}}

@article{Shannon,
  title={A mathematical theory of communication},
  author={Shannon, Claude Elwood},
  journal={The Bell system technical journal},
  volume={27},
  number={3},
  pages={379--423},
  year={1948},
  publisher={Nokia Bell Labs}
}

@inproceedings{Wei2013FBLblockfading,
  title={Block-fading channels at finite blocklength},
  author={Yang, Wei and Durisi, Giuseppe and Koch, Tobias and Polyanskiy, Yury},
  booktitle={ISWCS 2013; The Tenth International Symposium on Wireless Communication Systems},
  pages={1--4},
  year={2013},
  organization={VDE}
}

@ARTICLE{Zubaidi2016,
  author={Al-Zubaidy, Hussein and Liebeherr, Jörg and Burchard, Almut},
  journal={IEEE/ACM Transactions on Networking}, 
  title={Network-Layer Performance Analysis of Multihop Fading Channels}, 
  year={2016},
  volume={24},
  number={1},
  pages={204-217},
  keywords={Fading;Signal to noise ratio;Calculus;Delays;Wireless communication;Algebra;Spread spectrum communication;Communications technology;control systems;fading;queueing analysis;Rayleigh channels;signal processing;traffic control;wireless communication;wireless networks},
  doi={10.1109/TNET.2014.2360675}}

@inproceedings{akin2015backlog,
  title={Backlog and delay reasoning in HARQ system},
  author={Akin, Sami and Fidler, Markus},
  booktitle={2015 27th International Teletraffic Congress},
  pages={185--193},
  year={2015},
  organization={IEEE}
}

@inproceedings{bisnik2006queuing,
  title={Queuing network models for delay analysis of multihop wireless ad hoc networks},
  author={Bisnik, Nabhendra and Abouzeid, Alhussein},
  booktitle={Proceedings of the 2006 international conference on Wireless communications and mobile computing},
  pages={773--778},
  year={2006}
}

@article{caire2000modulation,
  title={Modulation and coding for the Gaussian collision channel},
  author={Caire, Giuseppe and Leonardi, Emilio and Viterbo, Emanuele},
  journal={IEEE Transactions on Information Theory},
  volume={46},
  number={6},
  pages={2007--2026},
  year={2000},
  publisher={IEEE}
}

@article{caire2001throughput,
  title={The throughput of hybrid-ARQ protocols for the Gaussian collision channel},
  author={Caire, Giuseppe and Tuninetti, Daniela},
  journal={IEEE Transactions on Information Theory},
  volume={47},
  number={5},
  pages={1971--1988},
  year={2001},
  publisher={IEEE}
}

@article{chang1995EB,
  title={Effective bandwidth in high-speed digital networks},
  author={Chang, Chen-Shang and Thomas, Joy A.},
  journal={IEEE Journal on Selected areas in Communications},
  volume={13},
  number={6},
  pages={1091--1100},
  year={1995},
  publisher={IEEE}
}

@inproceedings{devassy2014finite,
  title={Finite-blocklength analysis of the ARQ-protocol throughput over the Gaussian collision channel},
  author={Devassy, Rahul and Durisi, Giuseppe and Popovski, Petar and Str{\"o}m, Erik G},
  booktitle={2014 6th International Symposium on Communications, Control and Signal Processing (ISCCSP)},
  pages={173--177},
  year={2014},
  organization={IEEE}
}

@inproceedings{devassy2018delay,
  title={Delay and peak-age violation probability in short-packet transmissions},
  author={Devassy, Rahul and Durisi, Giuseppe and Ferrante, Guido Carlo and Simeone, Oswaldo and Uysal-Biyikoglu, Elif},
  booktitle={2018 IEEE International Symposium on Information Theory (ISIT)},
  pages={2471--2475},
  year={2018},
  organization={IEEE}
}

@article{devassy2019reliable,
  title={Reliable transmission of short packets through queues and noisy channels under latency and peak-age violation guarantees},
  author={Devassy, Rahul and Durisi, Giuseppe and Ferrante, Guido Carlo and Simeone, Osvaldo and Uysal, Elif},
  journal={IEEE Journal on Selected Areas in Communications},
  volume={37},
  number={4},
  pages={721--734},
  year={2019},
  publisher={IEEE}
}

@article{durisi2016URLLC,
  title={Toward massive, ultrareliable, and low-latency wireless communication with short packets},
  author={Durisi, Giuseppe and Koch, Tobias and Popovski, Petar},
  journal={Proceedings of the IEEE},
  volume={104},
  number={9},
  pages={1711--1726},
  year={2016},
  publisher={IEEE}
}

@inproceedings{fidler2006wlc15,
  title={WLC15-2: A network calculus approach to probabilistic quality of service analysis of fading channels},
  author={Fidler, Markus},
  booktitle={IEEE Globecom 2006},
  pages={1--6},
  year={2006},
  organization={IEEE}
}

@article{hassan2004markov,
  title={Markov-based channel characterization for tractable performance analysis in wireless packet networks},
  author={Hassan, Mohamed and Krunz, Marwan M and Matta, Ibrahim},
  journal={IEEE Transactions on Wireless Communications},
  volume={3},
  number={3},
  pages={821--831},
  year={2004},
  publisher={IEEE}
}

@book{jiang2008SNC,
  title={Stochastic network calculus},
  author={Jiang, Yuming and Liu, Yong},
  year={2008},
  publisher={Springer}
}

@article{larsson2016HARQ,
  title={Effective capacity of retransmission schemes: A recurrence relation approach},
  author={Larsson, Peter and Gross, James and Al-Zubaidy, Hussein and Rasmussen, Lars Kildeh{\o}j and Skoglund, Mikael},
  journal={IEEE Transactions on Communications},
  volume={64},
  number={11},
  pages={4817--4835},
  year={2016},
  publisher={IEEE}
}

@article{petreska2019bound,
  title={Bound-based power optimization for multi-hop heterogeneous wireless industrial networks under statistical delay constraints},
  author={Petreska, Neda and Al-Zubaidy, Hussein and Knorr, Rudi and Gross, James},
  journal={Computer networks},
  volume={148},
  pages={262--279},
  year={2019},
  publisher={Elsevier}
}

@article{polyanskiy2010FBL,
  title={Channel coding rate in the finite blocklength regime},
  author={Polyanskiy, Yury and Poor, H Vincent and Verd{\'u}, Sergio},
  journal={IEEE Transactions on Information Theory},
  volume={56},
  number={5},
  pages={2307--2359},
  year={2010},
  publisher={IEEE}
}

@article{polyanskiy2011feedback,
  title={Feedback in the non-asymptotic regime},
  author={Polyanskiy, Yury and Poor, H Vincent and Verd{\'u}, Sergio},
  journal={IEEE Transactions on Information Theory},
  volume={57},
  number={8},
  pages={4903--4925},
  year={2011},
  publisher={IEEE}
}

@inproceedings{schiessl2015delay,
  title={Delay analysis for wireless fading channels with finite blocklength channel coding},
  author={Schiessl, Sebastian and Gross, James and Al-Zubaidy, Hussein},
  booktitle={Proceedings of the 18th ACM International Conference on Modeling, Analysis and Simulation of Wireless and Mobile Systems},
  pages={13--22},
  year={2015}
}

@article{schiessl2018delay,
  title={Delay performance of wireless communications with imperfect CSI and finite-length coding},
  author={Schiessl, Sebastian and Al-Zubaidy, Hussein and Skoglund, Mikael and Gross, James},
  journal={IEEE Transactions on Communications},
  volume={66},
  number={12},
  pages={6527--6541},
  year={2018},
  publisher={IEEE}
}

@inproceedings{verticale2009closed,
  title={A closed-form expression for queuing delay in Rayleigh fading channels using stochastic network calculus},
  author={Verticale, Giacomo},
  booktitle={Proceedings of the 5th ACM symposium on QoS and security for wireless and mobile networks},
  pages={8--12},
  year={2009}
}

@article{wu2003effectiveCap,
  title={Effective capacity: a wireless link model for support of quality of service},
  author={Wu, Dapeng and Negi, Rohit},
  journal={IEEE Transactions on wireless communications},
  volume={2},
  number={4},
  pages={630--643},
  year={2003},
  publisher={IEEE}
}

@article{yeh2012fundamental,
  title={Fundamental performance limits in cross-layer wireless optimization: throughput, delay, and energy},
  author={Yeh, Edmund M and others},
  journal={Foundations and Trends{\textregistered} in Communications and Information Theory},
  volume={9},
  number={1},
  pages={1--112},
  year={2012},
  publisher={Now Publishers, Inc.}
}

