
% Journals

% First the Full Name is given, then the abbreviation used in the AMS Math
% Reviews, with an indication if it could not be found there.
% Note the 2nd overwrites the 1st, so swap them if you want the full name.

 %{AMS}
 @String{AMSTrans = "American Mathematical Society Translations" }
 @String{AMSTrans = "Amer. Math. Soc. Transl." }
 @String{BullAMS = "Bulletin of the American Mathematical Society" }
 @String{BullAMS = "Bull. Amer. Math. Soc." }
 @String{ProcAMS = "Proceedings of the American Mathematical Society" }
 @String{ProcAMS = "Proc. Amer. Math. Soc." }
 @String{TransAMS = "Transactions of the American Mathematical Society" }
 @String{TransAMS = "Trans. Amer. Math. Soc." }

 %ACM
 @String{CACM = "Communications of the {ACM}" }
 @String{CACM = "Commun. {ACM}" }
 @String{CompServ = "Comput. Surveys" }
 @String{JACM = "J. ACM" }
 @String{ACMMathSoft = "{ACM} Transactions on Mathematical Software" }
 @String{ACMMathSoft = "{ACM} Trans. Math. Software" }
 @String{SIGNUM = "{ACM} {SIGNUM} Newsletter" }
 @String{SIGNUM = "{ACM} {SIGNUM} Newslett." }

 @String{AmerSocio = "American Journal of Sociology" }
 @String{AmerStatAssoc = "Journal of the American Statistical Association" }
 @String{AmerStatAssoc = "J. Amer. Statist. Assoc." }
 @String{ApplMathComp = "Applied Mathematics and Computation" }
 @String{ApplMathComp = "Appl. Math. Comput." }
 @String{AmerMathMonthly = "American Mathematical Monthly" }
 @String{AmerMathMonthly = "Amer. Math. Monthly" }
 @String{BIT = "{BIT}" }
 @String{BritStatPsych = "British Journal of Mathematical and Statistical
          Psychology" }
 @String{BritStatPsych = "Brit. J. Math. Statist. Psych." }
 @String{CanMathBull = "Canadian Mathematical Bulletin" }
 @String{CanMathBull = "Canad. Math. Bull." }
 @String{CompApplMath = "Journal of Computational and Applied Mathematics" }
 @String{CompApplMath = "J. Comput. Appl. Math." }
 @String{CompPhys = "Journal of Computational Physics" }
 @String{CompPhys = "J. Comput. Phys." }
 @String{CompStruct = "Computers and Structures" }
 @String{CompStruct = "Comput. \& Structures" }
 @String{CompJour = "The Computer Journal" }
 @String{CompJour = "Comput. J." }
 @String{CompSysSci = "Journal of Computer and System Sciences" }
 @String{CompSysSci = "J. Comput. System Sci." }
 @String{Computing = "Computing" }
 @String{ContempMath = "Contemporary Mathematics" }
 @String{ContempMath = "Contemp. Math." }
 @String{Crelle = "Crelle's Journal" }
 @String{GiornaleMath = "Giornale di Mathematiche" }
 @String{GiornaleMath = "Giorn. Mat." } % didn't find in AMS MR., ibid.

 %IEEE
 @String{Computer = "{IEEE} Computer" }
 @String{IEEETransComp = "{IEEE} Transactions on Computers" }
 @String{IEEETransComp = "{IEEE} Trans. Comput." }
 @String{IEEETransAC = "{IEEE} Transactions on Automatic Control" }
 @String{IEEETransAC = "{IEEE} Trans. Automat. Control" }
 @String{IEEESpec = "{IEEE} Spectrum" } % didn't find in AMS MR
 @String{ProcIEEE = "Proceedings of the {IEEE}" }
 @String{ProcIEEE = "Proc. {IEEE}" } % didn't find in AMS MR
 @String{IEEETransAeroElec = "{IEEE} Transactions on Aerospace and Electronic
     Systems" }
 @String{IEEETransAeroElec = "{IEEE} Trans. Aerospace Electron. Systems" }

 @String{IMANumerAna = "{IMA} Journal of Numerical Analysis" }
 @String{IMANumerAna = "{IMA} J. Numer. Anal." }
 @String{InfProcLet = "Information Processing Letters" }
 @String{InfProcLet = "Inform. Process. Lett." }
 @String{InstMathApp = "Journal of the Institute of Mathematics and
     its Applications" }
 @String{InstMathApp = "J. Inst. Math. Appl." }
 @String{IntControl = "International Journal of Control" }
 @String{IntControl = "Internat. J. Control" }
 @String{IntNumerEng = "International Journal for Numerical Methods in
     Engineering" }
 @String{IntNumerEng = "Internat. J. Numer. Methods Engrg." }
 @String{IntSuper = "International Journal of Supercomputing Applications" }
 @String{IntSuper = "Internat. J. Supercomputing Applic." } % didn't find
%% in AMS MR
 @String{Kibernetika = "Kibernetika" }
 @String{JResNatBurStand = "Journal of Research of the National Bureau
     of Standards" }
 @String{JResNatBurStand = "J. Res. Nat. Bur. Standards" }
 @String{LinAlgApp = "Linear Algebra and its Applications" }
 @String{LinAlgApp = "Linear Algebra Appl." }
 @String{MathAnaAppl = "Journal of Mathematical Analysis and Applications" }
 @String{MathAnaAppl = "J. Math. Anal. Appl." }
 @String{MathAnnalen = "Mathematische Annalen" }
 @String{MathAnnalen = "Math. Ann." }
 @String{MathPhys = "Journal of Mathematical Physics" }
 @String{MathPhys = "J. Math. Phys." }
 @String{MathComp = "Mathematics of Computation" }
 @String{MathComp = "Math. Comp." }
 @String{MathScand = "Mathematica Scandinavica" }
 @String{MathScand = "Math. Scand." }
 @String{TablesAidsComp = "Mathematical Tables and Other Aids to Computation" }
 @String{TablesAidsComp = "Math. Tables Aids Comput." }
 @String{NumerMath = "Numerische Mathematik" }
 @String{NumerMath = "Numer. Math." }
 @String{PacificMath = "Pacific Journal of Mathematics" }
 @String{PacificMath = "Pacific J. Math." }
 @String{ParDistComp = "Journal of Parallel and Distributed Computing" }
 @String{ParDistComp = "J. Parallel and Distrib. Comput." } % didn't find
%% in AMS MR
 @String{ParComputing = "Parallel Computing" }
 @String{ParComputing = "Parallel Comput." }
 @String{PhilMag = "Philosophical Magazine" }
 @String{PhilMag = "Philos. Mag." }
 @String{ProcNAS = "Proceedings of the National Academy of Sciences
                    of the USA" }
 @String{ProcNAS = "Proc. Nat. Acad. Sci. U. S. A." }
 @String{Psychometrika = "Psychometrika" }
 @String{QuartMath = "Quarterly Journal of Mathematics, Oxford, Series (2)" }
 @String{QuartMath = "Quart. J. Math. Oxford Ser. (2)" }
 @String{QuartApplMath = "Quarterly of Applied Mathematics" }
 @String{QuartApplMath = "Quart. Appl. Math." }
 @String{RevueInstStat = "Review of the International Statisical Institute" }
 @String{RevueInstStat = "Rev. Inst. Internat. Statist." }

 %SIAM
 @String{JSIAM = "Journal of the Society for Industrial and Applied
     Mathematics" }
 @String{JSIAM = "J. Soc. Indust. Appl. Math." }
 @String{JSIAMB = "Journal of the Society for Industrial and Applied
     Mathematics, Series B, Numerical Analysis" }
 @String{JSIAMB = "J. Soc. Indust. Appl. Math. Ser. B Numer. Anal." }
 @String{SIAMAlgMeth = "{SIAM} Journal on Algebraic and Discrete Methods" }
 @String{SIAMAlgMeth = "{SIAM} J. Algebraic Discrete Methods" }
 @String{SIAMAppMath = "{SIAM} Journal on Applied Mathematics" }
 @String{SIAMAppMath = "{SIAM} J. Appl. Math." }
 @String{SIAMComp = "{SIAM} Journal on Computing" }
 @String{SIAMComp = "{SIAM} J. Comput." }
 @String{SIAMMatrix = "{SIAM} Journal on Matrix Analysis and Applications" }
 @String{SIAMMatrix = "{SIAM} J. Matrix Anal. Appl." }
 @String{SIAMNumAnal = "{SIAM} Journal on Numerical Analysis" }
 @String{SIAMNumAnal = "{SIAM} J. Numer. Anal." }
 @String{SIAMReview = "{SIAM} Review" }
 @String{SIAMReview = "{SIAM} Rev." }
 @String{SIAMSciStat = "{SIAM} Journal on Scientific and Statistical
     Computing" }
 @String{SIAMSciStat = "{SIAM} J. Sci. Statist. Comput." }

 @String{SoftPracExp = "Software Practice and Experience" }
 @String{SoftPracExp = "Software Prac. Experience" } % didn't find in AMS MR
 @String{StatScience = "Statistical Science" }
 @String{StatScience = "Statist. Sci." }
 @String{Techno = "Technometrics" }
 @String{USSRCompMathPhys = "{USSR} Computational Mathematics and Mathematical
     Physics" }
 @String{USSRCompMathPhys = "{U. S. S. R.} Comput. Math. and Math. Phys." }
 @String{VLSICompSys = "Journal of {VLSI} and Computer Systems" }
 @String{VLSICompSys = "J. {VLSI} Comput. Syst." }
 @String{ZAngewMathMech = "Zeitschrift fur Angewandte Mathematik und
     Mechanik" }
 @String{ZAngewMathMech = "Z. Angew. Math. Mech." }
 @String{ZAngewMathPhys = "Zeitschrift fur Angewandte Mathematik und Physik" }
 @String{ZAngewMathPhys = "Z. Angew. Math. Phys." }

% Publishers % ================================================= |

 @String{Academic = "Academic Press" }
 @String{ACMPress = "{ACM} Press" }
 @String{AdamHilger = "Adam Hilger" }
 @String{AddisonWesley = "Addison-Wesley" }
 @String{AllynBacon = "Allyn and Bacon" }
 @String{AMS = "American Mathematical Society" }
 @String{Birkhauser = "Birkha{\"u}ser" }
 @String{CambridgePress = "Cambridge University Press" }
 @String{Chelsea = "Chelsea" }
 @String{ClaredonPress = "Claredon Press" }
 @String{DoverPub = "Dover Publications" }
 @String{Eyolles = "Eyolles" }
 @String{HoltRinehartWinston = "Holt, Rinehart and Winston" }
 @String{Interscience = "Interscience" }
 @String{JohnsHopkinsPress = "The Johns Hopkins University Press" }
 @String{JohnWileySons = "John Wiley and Sons" }
 @String{Macmillan = "Macmillan" }
 @String{MathWorks = "The Math Works Inc." }
 @String{McGrawHill = "McGraw-Hill" }
 @String{NatBurStd = "National Bureau of Standards" }
 @String{NorthHolland = "North-Holland" }
 @String{OxfordPress = "Oxford University Press" }  %address Oxford or London?
 @String{PergamonPress = "Pergamon Press" }
 @String{PlenumPress = "Plenum Press" }
 @String{PrenticeHall = "Prentice-Hall" }
 @String{SIAMPub = "{SIAM} Publications" }
 @String{Springer = "Springer-Verlag" }
 @String{TexasPress = "University of Texas Press" }
 @String{VanNostrand = "Van Nostrand" }
 @String{WHFreeman = "W. H. Freeman and Co." }

%Entries
@ARTICLE{Telatar1995,
  author={Telatar, I.E. and Gallager, R.G.},
  journal={IEEE Journal on Selected Areas in Communications}, 
  title={Combining queueing theory with information theory for multiaccess}, 
  year={1995},
  volume={13},
  number={6},
  pages={963-969},
  keywords={Queueing analysis;Information theory;Transmitters;Additive noise;Information analysis;Interference;Delay;Decoding;Gaussian noise;Multiaccess communication},
  doi={10.1109/49.400652}}

@inproceedings{bisnik2006queuing,
  title={Queuing network models for delay analysis of multihop wireless ad hoc networks},
  author={Bisnik, Nabhendra and Abouzeid, Alhussein},
  booktitle={Proceedings of the 2006 international conference on Wireless communications and mobile computing},
  pages={773--778},
  year={2006}
}

@ARTICLE{Zubaidi2016,
  author={Al-Zubaidy, Hussein and Liebeherr, Jörg and Burchard, Almut},
  journal={IEEE/ACM Transactions on Networking}, 
  title={Network-Layer Performance Analysis of Multihop Fading Channels}, 
  year={2016},
  volume={24},
  number={1},
  pages={204-217},
  keywords={Fading;Signal to noise ratio;Calculus;Delays;Wireless communication;Algebra;Spread spectrum communication;Communications technology;control systems;fading;queueing analysis;Rayleigh channels;signal processing;traffic control;wireless communication;wireless networks},
  doi={10.1109/TNET.2014.2360675}}

@INPROCEEDINGS{Ciucu2010,
  author={Ciucu, Florin and Hohlfeld, Oliver and Hui, Pan},
  booktitle={2010 48th Annual Allerton Conference on Communication, Control, and Computing (Allerton)}, 
  title={Non-asymptotic throughput and delay distributions in multi-hop wireless networks}, 
  year={2010},
  volume={},
  number={},
  pages={662-669},
  keywords={Delay;Throughput;Spread spectrum communication;Stability analysis;Calculus;Approximation methods;Markov processes},
  doi={10.1109/ALLERTON.2010.5706970}}


@article{wu2003effectiveCap,
  title={Effective capacity: a wireless link model for support of quality of service},
  author={Wu, Dapeng and Negi, Rohit},
  journal={IEEE Transactions on wireless communications},
  volume={2},
  number={4},
  pages={630--643},
  year={2003},
  publisher={IEEE}
}

@article{hassan2004markov,
  title={Markov-based channel characterization for tractable performance analysis in wireless packet networks},
  author={Hassan, Mohamed and Krunz, Marwan M and Matta, Ibrahim},
  journal={IEEE Transactions on Wireless Communications},
  volume={3},
  number={3},
  pages={821--831},
  year={2004},
  publisher={IEEE}
}

@inproceedings{fidler2006wlc15,
  title={WLC15-2: A network calculus approach to probabilistic quality of service analysis of fading channels},
  author={Fidler, Markus},
  booktitle={IEEE Globecom 2006},
  pages={1--6},
  year={2006},
  organization={IEEE}
}

@inproceedings{verticale2009closed,
  title={A closed-form expression for queuing delay in Rayleigh fading channels using stochastic network calculus},
  author={Verticale, Giacomo},
  booktitle={Proceedings of the 5th ACM symposium on QoS and security for wireless and mobile networks},
  pages={8--12},
  year={2009}
}
@article{durisi2016URLLC,
  title={Toward massive, ultrareliable, and low-latency wireless communication with short packets},
  author={Durisi, Giuseppe and Koch, Tobias and Popovski, Petar},
  journal={Proceedings of the IEEE},
  volume={104},
  number={9},
  pages={1711--1726},
  year={2016},
  publisher={IEEE}
}

@inproceedings{akin2015backlog,
  title={Backlog and delay reasoning in HARQ system},
  author={Akin, Sami and Fidler, Markus},
  booktitle={2015 27th International Teletraffic Congress},
  pages={185--193},
  year={2015},
  organization={IEEE}
}

@inproceedings{schiessl2015delay,
  title={Delay analysis for wireless fading channels with finite blocklength channel coding},
  author={Schiessl, Sebastian and Gross, James and Al-Zubaidy, Hussein},
  booktitle={Proceedings of the 18th ACM International Conference on Modeling, Analysis and Simulation of Wireless and Mobile Systems},
  pages={13--22},
  year={2015}
}

@inproceedings{devassy2018delay,
  title={Delay and peak-age violation probability in short-packet transmissions},
  author={Devassy, Rahul and Durisi, Giuseppe and Ferrante, Guido Carlo and Simeone, Oswaldo and Uysal-Biyikoglu, Elif},
  booktitle={2018 IEEE International Symposium on Information Theory (ISIT)},
  pages={2471--2475},
  year={2018},
  organization={IEEE}
}
@article{schiessl2018delay,
  title={Delay performance of wireless communications with imperfect CSI and finite-length coding},
  author={Schiessl, Sebastian and Al-Zubaidy, Hussein and Skoglund, Mikael and Gross, James},
  journal={IEEE Transactions on Communications},
  volume={66},
  number={12},
  pages={6527--6541},
  year={2018},
  publisher={IEEE}
}

@book{jiang2008SNC,
  title={Stochastic network calculus},
  author={Jiang, Yuming and Liu, Yong},
  year={2008},
  publisher={Springer}
}

@article{chang1995EB,
  title={Effective bandwidth in high-speed digital networks},
  author={Chang, Chen-Shang and Thomas, Joy A.},
  journal={IEEE Journal on Selected areas in Communications},
  volume={13},
  number={6},
  pages={1091--1100},
  year={1995},
  publisher={IEEE}
}


@article{larsson2016HARQ,
  title={Effective capacity of retransmission schemes: A recurrence relation approach},
  author={Larsson, Peter and Gross, James and Al-Zubaidy, Hussein and Rasmussen, Lars Kildeh{\o}j and Skoglund, Mikael},
  journal={IEEE Transactions on Communications},
  volume={64},
  number={11},
  pages={4817--4835},
  year={2016},
  publisher={IEEE}
}


@article{devassy2019reliable,
  title={Reliable transmission of short packets through queues and noisy channels under latency and peak-age violation guarantees},
  author={Devassy, Rahul and Durisi, Giuseppe and Ferrante, Guido Carlo and Simeone, Osvaldo and Uysal, Elif},
  journal={IEEE Journal on Selected Areas in Communications},
  volume={37},
  number={4},
  pages={721--734},
  year={2019},
  publisher={IEEE}
}

@inproceedings{sac2018age,
  title={Age-optimal channel coding blocklength for an M/G/1 queue with HARQ},
  author={Sac, Hakan and Bacinoglu, Tan and Uysal-Biyikoglu, Elif and Durisi, Giuseppe},
  booktitle={2018 IEEE 19th International Workshop on Signal Processing Advances in Wireless Communications (SPAWC)},
  pages={1--5},
  year={2018},
  organization={IEEE}
}

@inproceedings{najm2017status,
  title={Status updates through M/G/1/1 queues with HARQ},
  author={Najm, Elie and Yates, Roy and Soljanin, Emina},
  booktitle={2017 IEEE International Symposium on Information Theory (ISIT)},
  pages={131--135},
  year={2017},
  organization={IEEE}
}


@inproceedings{she2016cross,
  title={Cross-layer transmission design for tactile internet},
  author={She, Changyang and Yang, Chenyang and Quek, Tony QS},
  booktitle={2016 IEEE Global Communications Conference (GLOBECOM)},
  pages={1--6},
  year={2016},
  organization={IEEE}
}

@inproceedings{singh2015decentralized,
  title={Decentralized throughput maximizing policies for deadline-constrained wireless networks},
  author={Singh, Rahul and Kumar, Panganamala Ramana},
  booktitle={2015 54th IEEE Conference on Decision and Control (CDC)},
  pages={3759--3766},
  year={2015},
  organization={IEEE}
}

@article{zafer2009minimum,
  title={Minimum energy transmission over a wireless channel with deadline and power constraints},
  author={Zafer, Murtaza and Modiano, Eytan},
  journal={IEEE Transactions on Automatic Control},
  volume={54},
  number={12},
  pages={2841--2852},
  year={2009},
  publisher={IEEE}
}

@article{celebi2021multi,
  title={A multi-objective optimization framework for URLLC with decoding complexity constraints},
  author={Celebi, Hasan Basri and Pitarokoilis, Antonios and Skoglund, Mikael},
  journal={IEEE Transactions on Wireless Communications},
  volume={21},
  number={4},
  pages={2786--2798},
  year={2021},
  publisher={IEEE}
}
@article{celebi2021latency,
  title={Latency and reliability trade-off with computational complexity constraints: OS decoders and generalizations},
  author={Celebi, Hasan Basri and Pitarokoilis, Antonios and Skoglund, Mikael},
  journal={IEEE Transactions on Communications},
  volume={69},
  number={4},
  pages={2080--2092},
  year={2021},
  publisher={IEEE}
}
@article{polyanskiy2010FBL,
  title={Channel coding rate in the finite blocklength regime},
  author={Polyanskiy, Yury and Poor, H Vincent and Verd{\'u}, Sergio},
  journal={IEEE Transactions on Information Theory},
  volume={56},
  number={5},
  pages={2307--2359},
  year={2010},
  publisher={IEEE}
}


@book{zaidi20185g,
  title={5G Physical Layer: principles, models and technology components},
  author={Zaidi, Ali and Athley, Fredrik and Medbo, Jonas and Gustavsson, Ulf and Durisi, Giuseppe and Chen, Xiaoming},
  year={2018},
  publisher={Academic Press}
}

@article{shirvanimoghaddam2018short,
  title={Short block-length codes for ultra-reliable low latency communications},
  author={Shirvanimoghaddam, Mahyar and Mohammadi, Mohammad Sadegh and Abbas, Rana and Minja, Aleksandar and Yue, Chentao and Matuz, Balazs and Han, Guojun and Lin, Zihuai and Liu, Wanchun and Li, Yonghui and others},
  journal={IEEE Communications Magazine},
  volume={57},
  number={2},
  pages={130--137},
  year={2018},
  publisher={IEEE}
}


@article{fossorier2002soft,
  title={Soft-decision decoding of linear block codes based on ordered statistics},
  author={Fossorier, Marc PC and Lin, Shu},
  journal={IEEE Transactions on information Theory},
  volume={41},
  number={5},
  pages={1379--1396},
  year={2002},
  publisher={IEEE}
}
@article{saeedi2007performance,
  title={Performance of belief propagation for decoding LDPC codes in the presence of channel estimation error},
  author={Saeedi, Hamid and Banihashemi, Amir H},
  journal={IEEE transactions on communications},
  volume={55},
  number={1},
  pages={83--89},
  year={2007},
  publisher={IEEE}
}

@inproceedings{gaudio2017performance,
  title={On the performance of short tail-biting convolutional codes for ultra-reliable communications},
  author={Gaudio, Lorenzo and Ninacs, Tudor and Jerkovits, Thomas and Liva, Gianluigi},
  booktitle={SCC 2017; 11th International ITG Conference on Systems, Communications and Coding},
  pages={1--6},
  year={2017},
  organization={VDE}
}
@article{niu2012crc,
  title={CRC-aided decoding of polar codes},
  author={Niu, Kai and Chen, Kai},
  journal={IEEE communications letters},
  volume={16},
  number={10},
  pages={1668--1671},
  year={2012},
  publisher={IEEE}
}
@article{polyanskiy2011feedback,
  title={Feedback in the non-asymptotic regime},
  author={Polyanskiy, Yury and Poor, H Vincent and Verd{\'u}, Sergio},
  journal={IEEE Transactions on Information Theory},
  volume={57},
  number={8},
  pages={4903--4925},
  year={2011},
  publisher={IEEE}
}

@INPROCEEDINGS{Samie2021Dvp,
  author={Mostafavi, Seyed Samie and Dán, György and Gross, James},
  booktitle={2021 IEEE/ACM Symposium on Edge Computing (SEC)}, 
  title={Data-Driven End-to-End Delay Violation Probability Prediction with Extreme Value Mixture Models}, 
  year={2021},
  volume={},
  number={},
  pages={416-422},
  keywords={Training;Wireless networks;Training data;Mixture models;Spread spectrum communication;Predictive models;Delays;edge computing;delay violation probability;time sensitive networks;extreme value mixture models},
  doi={10.1145/3453142.3493506}}

@INPROCEEDINGS{Wang2020Dvp,
  author={Wang, Yalei and Chen, Wei},
  booktitle={GLOBECOM 2020 - 2020 IEEE Global Communications Conference}, 
  title={Minimizing Delay Violation Probability in URLLC over Fading Channels: A Cross-Layer Approach}, 
  year={2020},
  volume={},
  number={},
  pages={1-6},
  keywords={Fading channels;Wireless communication;Optimal scheduling;Ultra reliable low latency communication;Probabilistic logic;Physical layer;Delays},
  doi={10.1109/GLOBECOM42002.2020.9348180}}

@ARTICLE{Kumar2020Dvp,
  author={Kumar, Vaibhav and Cardiff, Barry and Prakriya, Shankar and Flanagan, Mark F.},
  journal={IEEE Transactions on Vehicular Technology}, 
  title={Delay Violation Probability and Effective Rate of Downlink NOMA Over $\alpha$-$\mu$ Fading Channels}, 
  year={2020},
  volume={69},
  number={10},
  pages={11241-11252},
  keywords={NOMA;Fading channels;Erbium;Downlink;Delays;Signal to noise ratio;MISO communication;NOMA;effective rate;ergodic rate;delay violation probability;α-μ fading},
  doi={10.1109/TVT.2020.3008646}}


@inproceedings{devassy2014finite,
  title={Finite-blocklength analysis of the ARQ-protocol throughput over the Gaussian collision channel},
  author={Devassy, Rahul and Durisi, Giuseppe and Popovski, Petar and Str{\"o}m, Erik G},
  booktitle={2014 6th International Symposium on Communications, Control and Signal Processing (ISCCSP)},
  pages={173--177},
  year={2014},
  organization={IEEE}
}


@article{Shannon,
  title={A mathematical theory of communication},
  author={Shannon, Claude Elwood},
  journal={The Bell system technical journal},
  volume={27},
  number={3},
  pages={379--423},
  year={1948},
  publisher={Nokia Bell Labs}
}

@inproceedings{Wei2013FBLblockfading,
  title={Block-fading channels at finite blocklength},
  author={Yang, Wei and Durisi, Giuseppe and Koch, Tobias and Polyanskiy, Yury},
  booktitle={ISWCS 2013; The Tenth International Symposium on Wireless Communication Systems},
  pages={1--4},
  year={2013},
  organization={VDE}
}

@ARTICLE{Sahin2019Harq,
  author={Sahin, Cenk and Liu, Lingjia and Perrins, Erik and Ma, Liangping},
  journal={IEEE Journal on Selected Areas in Communications}, 
  title={Delay-Sensitive Communications Over IR-HARQ: Modulation, Coding Latency, and Reliability}, 
  year={2019},
  volume={37},
  number={4},
  pages={749-764},
  keywords={Wireless communication;Throughput;Encoding;Fading channels;Reliability;Modulation;Markov processes;5G;URLLC;delay-violation probability;delay-sensitive;IR-HARQ;finite blocklength coding},
  doi={10.1109/JSAC.2019.2898784}}


@INPROCEEDINGS{Sahin2014Harq,
  author={Sahin, Cenk and Liu, Lingjia and Perrins, Erik},
  booktitle={2014 IEEE Global Communications Conference}, 
  title={On the finite blocklength performance of HARQ in modern wireless systems}, 
  year={2014},
  volume={},
  number={},
  pages={3513-3519},
  keywords={Wireless communication;Markov processes;Fading;Decoding;Modulation;Approximation methods;Signal to noise ratio},
  doi={10.1109/GLOCOM.2014.7037352}}

@INPROCEEDINGS{Sahin2015Harq,
  author={Sahin, Cenk and Liu, Lingjia and Perrins, Erik},
  booktitle={2015 IEEE Globecom Workshops (GC Wkshps)}, 
  title={On the Queueing Performance of HARQ Systems with Coding over Finite Transport Blocks}, 
  year={2015},
  volume={},
  number={},
  pages={1-7},
  keywords={Fading channels;Markov processes;Wireless communication;Delays;Modulation;Decoding;Encoding},
  doi={10.1109/GLOCOMW.2015.7414215}}

@INPROCEEDINGS{Ostman2018Harq,
  author={Östman, Johan and Devassy, Rahul and Ferrante, Guido Carlo and Durisi, Giuseppe},
  booktitle={2018 IEEE Globecom Workshops (GC Wkshps)}, 
  title={Low-Latency Short-Packet Transmissions: Fixed Length or HARQ?}, 
  year={2018},
  volume={},
  number={},
  pages={1-6},
  keywords={Decoding;Receivers;Fading channels;Coherence;Reliability;Error probability;Wireless communication},
  doi={10.1109/GLOCOMW.2018.8644397}}

@article{caire2001throughput,
  title={The throughput of hybrid-ARQ protocols for the Gaussian collision channel},
  author={Caire, Giuseppe and Tuninetti, Daniela},
  journal={IEEE Transactions on Information Theory},
  volume={47},
  number={5},
  pages={1971--1988},
  year={2001},
  publisher={IEEE}
}

@article{caire2000modulation,
  title={Modulation and coding for the Gaussian collision channel},
  author={Caire, Giuseppe and Leonardi, Emilio and Viterbo, Emanuele},
  journal={IEEE Transactions on Information Theory},
  volume={46},
  number={6},
  pages={2007--2026},
  year={2000},
  publisher={IEEE}
}

@ARTICLE{popovski20185G,
  author={Popovski, Petar and Trillingsgaard, Kasper Fløe and Simeone, Osvaldo and Durisi, Giuseppe},
  journal={IEEE Access}, 
  title={5G Wireless Network Slicing for eMBB, URLLC, and mMTC: A Communication-Theoretic View}, 
  year={2018},
  volume={6},
  number={},
  pages={55765-55779},
  keywords={NOMA;Reliability;Wireless communication;Resource management;Radio spectrum management;Time-frequency analysis;5G mobile communication;5G mobile communication;machine-to-machine communications;multiaccess communication;NOMA;wireless communication},
  doi={10.1109/ACCESS.2018.2872781}}


@article{3gpp2017study,
  title={Study on New Radio (NR) Access Technology-Physical Layer Aspects-Release 14},
  author={3GPP, T},
  journal={TR 38.802},
  year={2017}
}

@article{sisinni2018industrial,
  title={Industrial internet of things: Challenges, opportunities, and directions},
  author={Sisinni, Emiliano and Saifullah, Abusayeed and Han, Song and Jennehag, Ulf and Gidlund, Mikael},
  journal={IEEE transactions on industrial informatics},
  volume={14},
  number={11},
  pages={4724--4734},
  year={2018},
  publisher={IEEE}
}

@ARTICLE{popovski20226g,
  author={Popovski, Petar and Chiariotti, Federico and Huang, Kaibin and Kalør, Anders E. and Kountouris, Marios and Pappas, Nikolaos and Soret, Beatriz},
  journal={Proceedings of the IEEE}, 
  title={A Perspective on Time Toward Wireless 6G}, 
  year={2022},
  volume={110},
  number={8},
  pages={1116-1146},
  keywords={Complexity theory;Wireless communication;Real-time systems;6G mobile communication;Ultra reliable low latency communication;5G mobile communication;Wireless sensor networks;Next generation networking;Systematics;Receivers;6G mobile communication;cellular technology;low latency communication;real-time systems},
  doi={10.1109/JPROC.2022.3190205}}

@ARTICLE{Peng2011ReliabilityPHY,
  author={Wu, Peng and Jindal, Nihar},
  journal={IEEE Transactions on Communications}, 
  title={Coding versus ARQ in Fading Channels: How Reliable Should the PHY Be?}, 
  year={2011},
  volume={59},
  number={12},
  pages={3363-3374},
  keywords={Signal to noise ratio;Automatic repeat request;Fading;Reliability;Error probability;Approximation methods;Optimization;ARQ;coding;reliability;outage probability},
  doi={10.1109/TCOMM.2011.102011.100152}}


@article{yeh2012fundamental,
  title={Fundamental performance limits in cross-layer wireless optimization: throughput, delay, and energy},
  author={Yeh, Edmund M and others},
  journal={Foundations and Trends{\textregistered} in Communications and Information Theory},
  volume={9},
  number={1},
  pages={1--112},
  year={2012},
  publisher={Now Publishers, Inc.}
}

@INPROCEEDINGS{Frenger2001HarqHSDPA,
  author={Frenger, P. and Parkvall, S. and Dahlman, E.},
  booktitle={IEEE 54th Vehicular Technology Conference. VTC Fall 2001. Proceedings (Cat. No.01CH37211)}, 
  title={Performance comparison of HARQ with Chase combining and incremental redundancy for HSDPA}, 
  year={2001},
  volume={3},
  number={},
  pages={1829-1833 vol.3},
  keywords={Multiaccess communication;Downlink;Redundancy;Automatic repeat request;Delay;Fading;Modulation coding;Power control;Protocols;Radio link},
  doi={10.1109/VTC.2001.956516}}

@incollection{DAHLMAN2014299,
title = {Chapter 12 - Retransmission Protocols},
booktitle = {4G: LTE/LTE-Advanced for Mobile Broadband},
publisher = {Academic Press},
edition = {Second},
address = {Oxford},
pages = {299-319},
year = {2014},
isbn = {978-0-12-419985-9},
doi = {https://doi.org/10.1016/B978-0-12-419985-9.00012-X},
author = {Erik Dahlman and Stefan Parkvall and Johan Sköld}
}


@incollection{HarqIRCommEngDeskRef,
title = {Chapter 4.5 - Scheduling, link adaptation and hybrid ARQ},
booktitle = {Communications Engineering Desk Reference},
publisher = {Academic Press},
edition = {First},
year = {2009},
isbn = {978-0-12-374648-1},
author = {Erik Dahlman and Stefan Parkvall and Johan Sköld and Per Beming}
}

@incollection{ArqCommEngDeskRef,
title = {Chapter 3.4 - Channel protection fundamentals},
booktitle = {Communications Engineering Desk Reference},
publisher = {Academic Press},
edition = {First},
year = {2009},
isbn = {978-0-12-374648-1},
author = {Raouf Hamzaoui and Vladimir Stanković and Zixiang Xiong and Kannan Ramchandran and Rohit Puri and Abhik Majumdar and Jim Chou}
}

%url = {https://portal.3gpp.org/desktopmodules/Specifications/SpecificationDetails.aspx?specificationId=3216},
@techreport{3gpp.38.214,
 author = {3GPP},
 institution = {{3rd Generation Partnership Project (3GPP)}},
 month = {10},
 note = {Version 18.4.0},
 number = {38.214},
 title = {{5G; NR; Physical layer procedures for data }},
 type = {Technical Specification (TS)},
 year = {2024}
}


@techreport{3gpp.38.212,
 author = {3GPP},
 institution = {{3rd Generation Partnership Project (3GPP)}},
 month = {10},
 note = {Version 18.4.0},
 number = {38.212},
 title = {{5G; NR; Multiplexing and channel coding }},
 type = {Technical Specification (TS)},
 year = {2024}
}

%url = {https://portal.3gpp.org/desktopmodules/Specifications/SpecificationDetails.aspx?specificationId=3213},
@techreport{3gpp.38.211,
 author = {3GPP},
 institution = {{3rd Generation Partnership Project (3GPP)}},
 month = {10},
 note = {Version 18.4.0},
 number = {38.211},
 title = {{5G; NR; Physical channels and modulation}},
 type = {Technical Specification (TS)},
 year = {2024}
}3528

%url = {https://portal.3gpp.org/desktopmodules/Specifications/SpecificationDetails.aspx?specificationId=3213},
@techreport{3gpp.22.104,
 author = {3GPP},
 institution = {{3rd Generation Partnership Project (3GPP)}},
 month = {6},
 note = {Version 18.4.0},
 number = {22.104},
 title = {{5G; Service requirements for cyber-physical control applications in vertical domains }},
 type = {Technical Specification (TS)},
 year = {2024}
}

%url = {https://portal.3gpp.org/desktopmodules/Specifications/SpecificationDetails.aspx?specificationId=2996},
@techreport{3gpp.38.913,
 author = {3GPP},
 institution = {{3rd Generation Partnership Project (3GPP)}},
 month = {5},
 note = {Version 18.0.0},
 number = {38.913-7.9},
 title = {{5G; Study on Scenarios and Requirements for Next Generation Access Technologies}},
 type = {Technical Specification (TS)},
 year = {2024}
}

@techreport{3gpp.22.261,
 author = {3GPP},
 institution = {{3rd Generation Partnership Project (3GPP)}},
 month = {9},
 note = {Version 17.11.0},
 number = {22.261-7.6.1-1},
 title = {{Technical Specification Group Services and System Aspects; Stage 1 (Release 17)}},
 type = {Technical Specification (TS)},
 year = {2022}
}

%url={https://books.google.se/books?id=oMd6DwAAQBAJ},
@book{whang2019econometric,
  title={Econometric Analysis of Stochastic Dominance: Concepts, Methods, Tools, and Applications},
  author={Whang, Y.J.},
  isbn={9781108472791},
  lccn={2018012045},
  series={Themes in Modern Econometrics},
  year={2019},
  publisher={Cambridge University Press}
}


@article{szczecinski2013rate,
  title={Rate allocation and adaptation for incremental redundancy truncated HARQ},
  author={Szczecinski, Leszek and Khosravirad, Saeed R and Duhamel, Pierre and Rahman, Moshiur},
  journal={IEEE Transactions on Communications},
  volume={61},
  number={6},
  pages={2580--2590},
  year={2013},
  publisher={IEEE}
}

@article{heidarzadeh2018systematic,
  title={A systematic approach to incremental redundancy with application to erasure channels},
  author={Heidarzadeh, Anoosheh and Chamberland, Jean-Francois and Wesel, Richard D and Parag, Parimal},
  journal={IEEE Transactions on Communications},
  volume={67},
  number={4},
  pages={2620--2631},
  year={2018},
  publisher={IEEE}
}


@article{petreska2019bound,
  title={Bound-based power optimization for multi-hop heterogeneous wireless industrial networks under statistical delay constraints},
  author={Petreska, Neda and Al-Zubaidy, Hussein and Knorr, Rudi and Gross, James},
  journal={Computer networks},
  volume={148},
  pages={262--279},
  year={2019},
  publisher={Elsevier}
}

@book{johnson2005univariate,
  title={Univariate discrete distributions},
  author={Johnson, Norman L and Kemp, Adrienne W and Kotz, Samuel},
  volume={444},
  year={2005},
  publisher={John Wiley \& Sons}
}