@incollection{Bengio+chapter2007,
author = {Bengio, Yoshua and LeCun, Yann},
booktitle = {Large Scale Kernel Machines},
publisher = {MIT Press},
title = {Scaling Learning Algorithms Towards {AI}},
year = {2007}
}

@article{lavoie2024modeling,
  title={Modeling caption diversity in contrastive vision-language pretraining},
  author={Lavoie, Samuel and Kirichenko, Polina and Ibrahim, Mark and Assran, Mahmoud and Wilson, Andrew Gordon and Courville, Aaron and Ballas, Nicolas},
  journal={arXiv preprint arXiv:2405.00740},
  year={2024}
}

@article{li2022fine,
  title={Fine-grained semantically aligned vision-language pre-training},
  author={Li, Juncheng and He, Xin and Wei, Longhui and Qian, Long and Zhu, Linchao and Xie, Lingxi and Zhuang, Yueting and Tian, Qi and Tang, Siliang},
  journal={Advances in neural information processing systems},
  volume={35},
  pages={7290--7303},
  year={2022}
}

@article{irwin2012zinc,
  title={ZINC: a free tool to discover chemistry for biology},
  author={Irwin, John J and Sterling, Teague and Mysinger, Michael M and Bolstad, Erin S and Coleman, Ryan G},
  journal={Journal of chemical information and modeling},
  volume={52},
  number={7},
  pages={1757--1768},
  year={2012},
  publisher={ACS Publications}
}

@article{wei2022chain,
  title={Chain-of-thought prompting elicits reasoning in large language models},
  author={Wei, Jason and Wang, Xuezhi and Schuurmans, Dale and Bosma, Maarten and Xia, Fei and Chi, Ed and Le, Quoc V and Zhou, Denny and others},
  journal={Advances in neural information processing systems},
  volume={35},
  pages={24824--24837},
  year={2022}
}

@article{Hinton06,
author = {Hinton, Geoffrey E. and Osindero, Simon and Teh, Yee Whye},
journal = {Neural Computation},
pages = {1527--1554},
title = {A Fast Learning Algorithm for Deep Belief Nets},
volume = {18},
year = {2006}
}

@book{goodfellow2016deep,
title={Deep learning},
author={Goodfellow, Ian and Bengio, Yoshua and Courville, Aaron and Bengio, Yoshua},
volume={1},
year={2016},
publisher={MIT Press}
}

@article{edwards2022translation,
  title={Translation between molecules and natural language},
  author={Edwards, Carl and Lai, Tuan and Ros, Kevin and Honke, Garrett and Cho, Kyunghyun and Ji, Heng},
  journal={arXiv preprint arXiv:2204.11817},
  year={2022}
}

@article{taylor2022galactica,
  title={Galactica: A large language model for science},
  author={Taylor, Ross and Kardas, Marcin and Cucurull, Guillem and Scialom, Thomas and Hartshorn, Anthony and Saravia, Elvis and Poulton, Andrew and Kerkez, Viktor and Stojnic, Robert},
  journal={arXiv preprint arXiv:2211.09085},
  year={2022}
}

@article{li2024towards,
  title={Towards 3d molecule-text interpretation in language models},
  author={Li, Sihang and Liu, Zhiyuan and Luo, Yanchen and Wang, Xiang and He, Xiangnan and Kawaguchi, Kenji and Chua, Tat-Seng and Tian, Qi},
  journal={arXiv preprint arXiv:2401.13923},
  year={2024}
}

@article{merullo2022linearly,
  title={Linearly mapping from image to text space},
  author={Merullo, Jack and Castricato, Louis and Eickhoff, Carsten and Pavlick, Ellie},
  journal={arXiv preprint arXiv:2209.15162},
  year={2022}
}

@article{alayrac2022flamingo,
  title={Flamingo: a visual language model for few-shot learning},
  author={Alayrac, Jean-Baptiste and Donahue, Jeff and Luc, Pauline and Miech, Antoine and Barr, Iain and Hasson, Yana and Lenc, Karel and Mensch, Arthur and Millican, Katherine and Reynolds, Malcolm and others},
  journal={Advances in neural information processing systems},
  volume={35},
  pages={23716--23736},
  year={2022}
}

@article{liu2023multi,
  title={Multi-modal molecule structure--text model for text-based retrieval and editing},
  author={Liu, Shengchao and Nie, Weili and Wang, Chengpeng and Lu, Jiarui and Qiao, Zhuoran and Liu, Ling and Tang, Jian and Xiao, Chaowei and Anandkumar, Animashree},
  journal={Nature Machine Intelligence},
  volume={5},
  number={12},
  pages={1447--1457},
  year={2023},
  publisher={Nature Publishing Group UK London}
}

@article{liu2023molca,
  title={MolCA: Molecular graph-language modeling with cross-modal projector and uni-modal adapter},
  author={Liu, Zhiyuan and Li, Sihang and Luo, Yanchen and Fei, Hao and Cao, Yixin and Kawaguchi, Kenji and Wang, Xiang and Chua, Tat-Seng},
  journal={arXiv preprint arXiv:2310.12798},
  year={2023}
}

@inproceedings{luo2024learning,
  title={Learning Multi-view Molecular Representations with Structured and Unstructured Knowledge},
  author={Luo, Yizhen and Yang, Kai and Hong, Massimo and Liu, Xing Yi and Nie, Zikun and Zhou, Hao and Nie, Zaiqing},
  booktitle={Proceedings of the 30th ACM SIGKDD Conference on Knowledge Discovery and Data Mining},
  pages={2082--2093},
  year={2024}
}

@article{guo2022graph,
  title={Graph-based molecular representation learning},
  author={Guo, Zhichun and Guo, Kehan and Nan, Bozhao and Tian, Yijun and Iyer, Roshni G and Ma, Yihong and Wiest, Olaf and Zhang, Xiangliang and Wang, Wei and Zhang, Chuxu and others},
  journal={arXiv preprint arXiv:2207.04869},
  year={2022}
}

@article{irwin2022chemformer,
  title={Chemformer: a pre-trained transformer for computational chemistry},
  author={Irwin, Ross and Dimitriadis, Spyridon and He, Jiazhen and Bjerrum, Esben Jannik},
  journal={Machine Learning: Science and Technology},
  volume={3},
  number={1},
  pages={015022},
  year={2022},
  publisher={IOP Publishing}
}

@article{hu2019strategies,
  title={Strategies for pre-training graph neural networks},
  author={Hu, Weihua and Liu, Bowen and Gomes, Joseph and Zitnik, Marinka and Liang, Percy and Pande, Vijay and Leskovec, Jure},
  journal={arXiv preprint arXiv:1905.12265},
  year={2019}
}

@article{you2020graph,
  title={Graph contrastive learning with augmentations},
  author={You, Yuning and Chen, Tianlong and Sui, Yongduo and Chen, Ting and Wang, Zhangyang and Shen, Yang},
  journal={Advances in neural information processing systems},
  volume={33},
  pages={5812--5823},
  year={2020}
}

@article{wang2022molecular,
  title={Molecular contrastive learning of representations via graph neural networks},
  author={Wang, Yuyang and Wang, Jianren and Cao, Zhonglin and Barati Farimani, Amir},
  journal={Nature Machine Intelligence},
  volume={4},
  number={3},
  pages={279--287},
  year={2022},
  publisher={Nature Publishing Group UK London}
}

@inproceedings{
zhou2023unimol,
title={Uni-Mol: A Universal 3D Molecular Representation Learning Framework},
author={Gengmo Zhou and Zhifeng Gao and Qiankun Ding and Hang Zheng and Hongteng Xu and Zhewei Wei and Linfeng Zhang and Guolin Ke},
booktitle={The Eleventh International Conference on Learning Representations },
year={2023},
url={https://openreview.net/forum?id=6K2RM6wVqKu}
}

@article{kim2024diffusion,
  title={Diffusion-based generative AI for exploring transition states from 2D molecular graphs},
  author={Kim, Seonghwan and Woo, Jeheon and Kim, Woo Youn},
  journal={Nature Communications},
  volume={15},
  number={1},
  pages={341},
  year={2024},
  publisher={Nature Publishing Group UK London}
}


@article{du2023fusing,
  title={Fusing 2D and 3D molecular graphs as unambiguous molecular descriptors for conformational and chiral stereoisomers},
  author={Du, Wenjie and Yang, Xiaoting and Wu, Di and Ma, FenFen and Zhang, Baicheng and Bao, Chaochao and Huo, Yaoyuan and Jiang, Jun and Chen, Xin and Wang, Yang},
  journal={Briefings in Bioinformatics},
  volume={24},
  number={1},
  pages={bbac560},
  year={2023},
  publisher={Oxford University Press}
}


@inproceedings{li2023blip,
  title={Blip-2: Bootstrapping language-image pre-training with frozen image encoders and large language models},
  author={Li, Junnan and Li, Dongxu and Savarese, Silvio and Hoi, Steven},
  booktitle={International conference on machine learning},
  pages={19730--19742},
  year={2023},
  organization={PMLR}
}


@article{landrum2013rdkit,
  title={RDKit: A software suite for cheminformatics, computational chemistry, and predictive modeling},
  author={Landrum, Greg and others},
  journal={Greg Landrum},
  volume={8},
  number={31.10},
  pages={5281},
  year={2013}
}

@article{kim2021pubchem,
  title={PubChem in 2021: new data content and improved web interfaces},
  author={Kim, Sunghwan and Chen, Jie and Cheng, Tiejun and Gindulyte, Asta and He, Jia and He, Siqian and Li, Qingliang and Shoemaker, Benjamin A and Thiessen, Paul A and Yu, Bo and others},
  journal={Nucleic acids research},
  volume={49},
  number={D1},
  pages={D1388--D1395},
  year={2021},
  publisher={Oxford University Press}
}

@article{beltagy2019scibert,
  title={SciBERT: A pretrained language model for scientific text},
  author={Beltagy, Iz and Lo, Kyle and Cohan, Arman},
  journal={arXiv preprint arXiv:1903.10676},
  year={2019}
}

@article{zeng2022deep,
  title={A deep-learning system bridging molecule structure and biomedical text with comprehension comparable to human professionals},
  author={Zeng, Zheni and Yao, Yuan and Liu, Zhiyuan and Sun, Maosong},
  journal={Nature communications},
  volume={13},
  number={1},
  pages={862},
  year={2022},
  publisher={Nature Publishing Group UK London}
}

@article{su2022molecular,
  title={A molecular multimodal foundation model associating molecule graphs with natural language},
  author={Su, Bing and Du, Dazhao and Yang, Zhao and Zhou, Yujie and Li, Jiangmeng and Rao, Anyi and Sun, Hao and Lu, Zhiwu and Wen, Ji-Rong},
  journal={arXiv preprint arXiv:2209.05481},
  year={2022}
}


@article{maziarka2020molecule,
  title={Molecule attention transformer},
  author={Maziarka, {\L}ukasz and Danel, Tomasz and Mucha, S{\l}awomir and Rataj, Krzysztof and Tabor, Jacek and Jastrz{\k{e}}bski, Stanis{\l}aw},
  journal={arXiv preprint arXiv:2002.08264},
  year={2020}
}

@article{touvron2023llama,
  title={Llama 2: Open foundation and fine-tuned chat models},
  author={Touvron, Hugo and Martin, Louis and Stone, Kevin and Albert, Peter and Almahairi, Amjad and Babaei, Yasmine and Bashlykov, Nikolay and Batra, Soumya and Bhargava, Prajjwal and Bhosale, Shruti and others},
  journal={arXiv preprint arXiv:2307.09288},
  year={2023}
}

@article{yang2019analyzing,
  title={Analyzing learned molecular representations for property prediction},
  author={Yang, Kevin and Swanson, Kyle and Jin, Wengong and Coley, Connor and Eiden, Philipp and Gao, Hua and Guzman-Perez, Angel and Hopper, Timothy and Kelley, Brian and Mathea, Miriam and others},
  journal={Journal of chemical information and modeling},
  volume={59},
  number={8},
  pages={3370--3388},
  year={2019},
  publisher={ACS Publications}
}

@article{duvenaud2015convolutional,
  title={Convolutional networks on graphs for learning molecular fingerprints},
  author={Duvenaud, David K and Maclaurin, Dougal and Iparraguirre, Jorge and Bombarell, Rafael and Hirzel, Timothy and Aspuru-Guzik, Al{\'a}n and Adams, Ryan P},
  journal={Advances in neural information processing systems},
  volume={28},
  year={2015}
}
@article{vaswani2017attention,
  title={Attention is all you need},
  author={Vaswani, A},
  journal={Advances in Neural Information Processing Systems},
  year={2017}
}

@article{hu2021lora,
  title={Lora: Low-rank adaptation of large language models},
  author={Hu, Edward J and Shen, Yelong and Wallis, Phillip and Allen-Zhu, Zeyuan and Li, Yuanzhi and Wang, Shean and Wang, Lu and Chen, Weizhu},
  journal={arXiv preprint arXiv:2106.09685},
  year={2021}
}

@article{krenn2020self,
  title={Self-referencing embedded strings (SELFIES): A 100\% robust molecular string representation},
  author={Krenn, Mario and H{\"a}se, Florian and Nigam, AkshatKumar and Friederich, Pascal and Aspuru-Guzik, Alan},
  journal={Machine Learning: Science and Technology},
  volume={1},
  number={4},
  pages={045024},
  year={2020},
  publisher={IOP Publishing}
}

@inproceedings{
anonymous2024unimot,
title={UniMoT: Unified Molecule-Text Language Model with Discrete Token Representation},
author={Anonymous},
booktitle={Submitted to The Thirteenth International Conference on Learning Representations},
year={2024},
url={https://openreview.net/forum?id=Pgwpc0rzbM},
note={under review}
}

@article{macchiarulo2007exploring,
  title={Exploring the other side of biologically relevant chemical space: insights into carboxylic, sulfonic and phosphonic acid bioisosteric relationships},
  author={Macchiarulo, Antonio and Pellicciari, Roberto},
  journal={Journal of Molecular Graphics and Modelling},
  volume={26},
  number={4},
  pages={728--739},
  year={2007},
  publisher={Elsevier}
}

@inproceedings{wang2019smiles,
  title={Smiles-bert: large scale unsupervised pre-training for molecular property prediction},
  author={Wang, Sheng and Guo, Yuzhi and Wang, Yuhong and Sun, Hongmao and Huang, Junzhou},
  booktitle={Proceedings of the 10th ACM international conference on bioinformatics, computational biology and health informatics},
  pages={429--436},
  year={2019}
}

@article{raffel2020exploring,
  title={Exploring the limits of transfer learning with a unified text-to-text transformer},
  author={Raffel, Colin and Shazeer, Noam and Roberts, Adam and Lee, Katherine and Narang, Sharan and Matena, Michael and Zhou, Yanqi and Li, Wei and Liu, Peter J},
  journal={Journal of machine learning research},
  volume={21},
  number={140},
  pages={1--67},
  year={2020}
}

@article{liu2024git,
  title={Git-mol: A multi-modal large language model for molecular science with graph, image, and text},
  author={Liu, Pengfei and Ren, Yiming and Tao, Jun and Ren, Zhixiang},
  journal={Computers in biology and medicine},
  volume={171},
  pages={108073},
  year={2024},
  publisher={Elsevier}
}

@article{tang2024mollm,
  title={MolLM: a unified language model for integrating biomedical text with 2D and 3D molecular representations},
  author={Tang, Xiangru and Tran, Andrew and Tan, Jeffrey and Gerstein, Mark B},
  journal={Bioinformatics},
  volume={40},
  number={Supplement\_1},
  pages={i357--i368},
  year={2024},
  publisher={Oxford University Press}
}

@article{cao2023instructmol,
  title={Instructmol: Multi-modal integration for building a versatile and reliable molecular assistant in drug discovery},
  author={Cao, He and Liu, Zijing and Lu, Xingyu and Yao, Yuan and Li, Yu},
  journal={arXiv preprint arXiv:2311.16208},
  year={2023}
}

@article{li2021mol,
  title={Mol-BERT: An Effective Molecular Representation with BERT for Molecular Property Prediction},
  author={Li, Juncai and Jiang, Xiaofei},
  journal={Wireless Communications and Mobile Computing},
  volume={2021},
  number={1},
  pages={7181815},
  year={2021},
  publisher={Wiley Online Library}
}

@article{liu2021pre,
  title={Pre-training molecular graph representation with 3d geometry},
  author={Liu, Shengchao and Wang, Hanchen and Liu, Weiyang and Lasenby, Joan and Guo, Hongyu and Tang, Jian},
  journal={arXiv preprint arXiv:2110.07728},
  year={2021}
}

@inproceedings{wu2023molformer,
  title={Molformer: Motif-based transformer on 3d heterogeneous molecular graphs},
  author={Wu, Fang and Radev, Dragomir and Li, Stan Z},
  booktitle={Proceedings of the AAAI Conference on Artificial Intelligence},
  volume={37},
  pages={5312--5320},
  year={2023}
}

@article{fang2022geometry,
  title={Geometry-enhanced molecular representation learning for property prediction},
  author={Fang, Xiaomin and Liu, Lihang and Lei, Jieqiong and He, Donglong and Zhang, Shanzhuo and Zhou, Jingbo and Wang, Fan and Wu, Hua and Wang, Haifeng},
  journal={Nature Machine Intelligence},
  volume={4},
  number={2},
  pages={127--134},
  year={2022},
  publisher={Nature Publishing Group}
}

@inproceedings{tang2024graphgpt,
  title={Graphgpt: Graph instruction tuning for large language models},
  author={Tang, Jiabin and Yang, Yuhao and Wei, Wei and Shi, Lei and Su, Lixin and Cheng, Suqi and Yin, Dawei and Huang, Chao},
  booktitle={Proceedings of the 47th International ACM SIGIR Conference on Research and Development in Information Retrieval},
  pages={491--500},
  year={2024}
}

@article{zhang2024unimot,
  title={UniMoT: Unified Molecule-Text Language Model with Discrete Token Representation},
  author={Zhang, Juzheng and Bian, Yatao and Chen, Yongqiang and Yao, Quanming},
  journal={arXiv preprint arXiv:2408.00863},
  year={2024}
}

@article{degtyarenko2007chebi,
  title={ChEBI: a database and ontology for chemical entities of biological interest},
  author={Degtyarenko, Kirill and De Matos, Paula and Ennis, Marcus and Hastings, Janna and Zbinden, Martin and McNaught, Alan and Alc{\'a}ntara, Rafael and Darsow, Michael and Guedj, Micka{\"e}l and Ashburner, Michael},
  journal={Nucleic acids research},
  volume={36},
  number={suppl\_1},
  pages={D344--D350},
  year={2007},
  publisher={Oxford University Press}
}