@article{Twins,
  title={Twins: Revisiting the design of spatial attention in vision transformers},
  author={Chu, Xiangxiang and Tian, Zhi and Wang, Yuqing and Zhang, Bo and Ren, Haibing and Wei, Xiaolin and Xia, Huaxia and Shen, Chunhua},
  journal={arXiv preprint arXiv:2104.13840},
  year={2021}
}

@article{ViT,
  title={An image is worth 16x16 words: Transformers for image recognition at scale},
  author={Dosovitskiy, Alexey and Beyer, Lucas and Kolesnikov, Alexander and Weissenborn, Dirk and Zhai, Xiaohua and Unterthiner, Thomas and Dehghani, Mostafa and Minderer, Matthias and Heigold, Georg and Gelly, Sylvain and others},
  journal={arXiv preprint arXiv:2010.11929},
  year={2020}
}

@article{abueidda2024deepokan,
  title={Deepokan: Deep operator network based on kolmogorov arnold networks for mechanics problems},
  author={Abueidda, Diab W and Pantidis, Panos and Mobasher, Mostafa E},
  journal={arXiv preprint arXiv:2405.19143},
  year={2024}
}

@article{azad2024advances,
  title={Advances in medical image analysis with vision transformers: a comprehensive review},
  author={Azad, Reza and Kazerouni, Amirhossein and Heidari, Moein and Aghdam, Ehsan Khodapanah and Molaei, Amirali and Jia, Yiwei and Jose, Abin and Roy, Rijo and Merhof, Dorit},
  journal={Medical Image Analysis},
  volume={91},
  pages={103000},
  year={2024},
  publisher={Elsevier}
}

@article{cheon2024demonstrating,
  title={Demonstrating the efficacy of kolmogorov-arnold networks in vision tasks},
  author={Cheon, Minjong},
  journal={arXiv preprint arXiv:2406.14916},
  year={2024}
}

@article{elbatel2023fopro,
  title={FoPro-KD: fourier prompted effective knowledge distillation for long-tailed medical image recognition},
  author={Elbatel, Marawan and Mart{\'\i}, Robert and Li, Xiaomeng},
  journal={IEEE Transactions on Medical Imaging},
  year={2023},
  publisher={IEEE}
}

@article{ge2024tc,
  title={TC-KANRecon: High-Quality and Accelerated MRI Reconstruction via Adaptive KAN Mechanisms and Intelligent Feature Scaling},
  author={Ge, Ruiquan and Yu, Xiao and Chen, Yifei and Jia, Fan and Zhu, Shenghao and Zhou, Guanyu and Huang, Yiyu and Zhang, Chenyan and Zeng, Dong and Wang, Changmiao and others},
  journal={arXiv preprint arXiv:2408.05705},
  year={2024}
}

@inproceedings{gheflati2022vision,
  title={Vision transformers for classification of breast ultrasound images},
  author={Gheflati, Behnaz and Rivaz, Hassan},
  booktitle={2022 44th Annual International Conference of the IEEE Engineering in Medicine \& Biology Society (EMBC)},
  pages={480--483},
  year={2022},
  organization={IEEE}
}

@article{harirpoush2024architecture,
  title={Architecture Analysis and Benchmarking of 3D U-shaped Deep Learning Models for Thoracic Anatomical Segmentation},
  author={Harirpoush, Arash and Rasoulian, Amirhossein and Kersten-Oertel, Marta and Xiao, Yiming},
  journal={IEEE Access},
  year={2024},
  publisher={IEEE}
}

@article{hassan2024bayesian,
  title={Bayesian kolmogorov arnold networks (bayesian\_kans): A probabilistic approach to enhance accuracy and interpretability},
  author={Hassan, Masoud Muhammed},
  journal={arXiv preprint arXiv:2408.02706},
  year={2024}
}

@article{horst2024cellvit,
  title={Cellvit: Vision transformers for precise cell segmentation and classification},
  author={H{\"o}rst, Fabian and Rempe, Moritz and Heine, Lukas and Seibold, Constantin and Keyl, Julius and Baldini, Giulia and Ugurel, Selma and Siveke, Jens and Gr{\"u}nwald, Barbara and Egger, Jan and others},
  journal={Medical Image Analysis},
  volume={94},
  pages={103143},
  year={2024},
  publisher={Elsevier}
}

@article{jee2024automated,
  title={Automated real-world data integration improves cancer outcome prediction},
  author={Jee, Justin and Fong, Christopher and Pichotta, Karl and Tran, Thinh Ngoc and Luthra, Anisha and Waters, Michele and Fu, Chenlian and Altoe, Mirella and Liu, Si-Yang and Maron, Steven B and others},
  journal={Nature},
  pages={1--9},
  year={2024},
  publisher={Nature Publishing Group UK London}
}

@article{ju2023hierarchical,
  title={Hierarchical knowledge guided learning for real-world retinal disease recognition},
  author={Ju, Lie and Yu, Zhen and Wang, Lin and Zhao, Xin and Wang, Xin and Bonnington, Paul and Ge, Zongyuan},
  journal={IEEE Transactions on Medical Imaging},
  year={2023},
  publisher={IEEE}
}

@inproceedings{koleilat2024medclip,
  title={MedCLIP-SAM: Bridging text and image towards universal medical image segmentation},
  author={Koleilat, Taha and Asgariandehkordi, Hojat and Rivaz, Hassan and Xiao, Yiming},
  booktitle={International Conference on Medical Image Computing and Computer-Assisted Intervention},
  pages={643--653},
  year={2024},
  organization={Springer}
}

@article{kondepudi2024foundation,
  title={Foundation models for fast, label-free detection of glioma infiltration},
  author={Kondepudi, Akhil and Pekmezci, Melike and Hou, Xinhai and Scotford, Katie and Jiang, Cheng and Rao, Akshay and Harake, Edward S and Chowdury, Asadur and Al-Holou, Wajd and Wang, Lin and others},
  journal={Nature},
  pages={1--7},
  year={2024},
  publisher={Nature Publishing Group UK London}
}

@article{li2024kolmogorov,
  title={Kolmogorov-Arnold Networks are Radial Basis Function Networks},
  author={Li, Ziyao},
  journal={arXiv preprint arXiv:2405.06721},
  year={2024}
}

@article{li2024u,
  title={U-kan makes strong backbone for medical image segmentation and generation},
  author={Li, Chenxin and Liu, Xinyu and Li, Wuyang and Wang, Cheng and Liu, Hengyu and Liu, Yifan and Chen, Zhen and Yuan, Yixuan},
  journal={arXiv preprint arXiv:2406.02918},
  year={2024}
}

@article{manigrasso2025mammography,
  title={Mammography classification with multi-view deep learning techniques: Investigating graph and transformer-based architectures},
  author={Manigrasso, Francesco and Milazzo, Rosario and Russo, Alessandro Sebastian and Lamberti, Fabrizio and Strand, Fredrik and Pagnani, Andrea and Morra, Lia},
  journal={Medical Image Analysis},
  volume={99},
  pages={103320},
  year={2025},
  publisher={Elsevier}
}

@article{manzari2023robust,
  title={Robust transformer with locality inductive bias and feature normalization},
  author={Manzari, Omid Nejati and Kashiani, Hossein and Dehkordi, Hojat Asgarian and Shokouhi, Shahriar B},
  journal={Engineering Science and Technology, an International Journal},
  volume={38},
  pages={101320},
  year={2023},
  publisher={Elsevier}
}

@article{mobilevit_v2,
  title={Separable Self-attention for Mobile Vision Transformers},
  author={Mehta, Sachin and Rastegari, Mohammad},
  journal={arXiv preprint arXiv:2206.02680},
  year={2022}
}

@article{pei2023pets,
  title={PETS-Nets: Joint Pose Estimation and Tissue Segmentation of Fetal Brains Using Anatomy-Guided Networks},
  author={Pei, Yuchen and Zhao, Fenqiang and Zhong, Tao and Ma, Laifa and Liao, Lufan and Wu, Zhengwang and Wang, Li and Zhang, He and Wang, Lisheng and Li, Gang},
  journal={IEEE Transactions on Medical Imaging},
  year={2023},
  publisher={IEEE}
}

@article{ren2023ipsilateral,
  title={Ipsilateral Lesion Detection Refinement for Tomosynthesis},
  author={Ren, Yinhao and Liu, Xuan and Ge, Jun and Liang, Zisheng and Xu, Xiaoming and Grimm, Lars J and Go, Jonathan and Marks, Jeffrey R and Lo, Joseph Y},
  journal={IEEE Transactions on Medical Imaging},
  volume={42},
  number={10},
  pages={3080--3090},
  year={2023},
  publisher={IEEE}
}

@article{seydi2024unveiling,
  title={Unveiling the Power of Wavelets: A Wavelet-based Kolmogorov-Arnold Network for Hyperspectral Image Classification},
  author={Seydi, Seyd Teymoor},
  journal={arXiv preprint arXiv:2406.07869},
  year={2024}
}

@article{ta2024bsrbf,
  title={BSRBF-KAN: A combination of B-splines and Radial Basic Functions in Kolmogorov-Arnold Networks},
  author={Ta, Hoang-Thang},
  journal={arXiv preprint arXiv:2406.11173},
  year={2024}
}

@article{teymoor2024exploring,
  title={Exploring the Potential of Polynomial Basis Functions in Kolmogorov-Arnold Networks: A Comparative Study of Different Groups of Polynomials},
  author={Teymoor Seydi, Seyd},
  journal={arXiv e-prints},
  pages={arXiv--2406},
  year={2024}
}

@inproceedings{wang2024repvit,
  title={Repvit: Revisiting mobile cnn from vit perspective},
  author={Wang, Ao and Chen, Hui and Lin, Zijia and Han, Jungong and Ding, Guiguang},
  booktitle={Proceedings of the IEEE/CVF Conference on Computer Vision and Pattern Recognition},
  pages={15909--15920},
  year={2024}
}

@article{wu2024transukan,
  title={TransUKAN: Computing-Efficient Hybrid KAN-Transformer for Enhanced Medical Image Segmentation},
  author={Wu, Yanlin and Li, Tao and Wang, Zhihong and Kang, Hong and He, Along},
  journal={arXiv preprint arXiv:2409.14676},
  year={2024}
}

@inproceedings{xu2023research,
  title={Research on multimodal deep learning based on CNN and ViT for intrapartum fetal monitoring},
  author={Xu, Ling and Wang, Guoqiang and Cao, Zhen and Chen, Qinqun and Liu, Guiqing and Wei, Hang},
  booktitle={2023 IEEE International Conference on Bioinformatics and Biomedicine (BIBM)},
  pages={4459--4464},
  year={2023},
  organization={IEEE}
}

@article{xu2024fourierkan,
  title={FourierKAN-GCF: Fourier Kolmogorov-Arnold Network--An Effective and Efficient Feature Transformation for Graph Collaborative Filtering},
  author={Xu, Jinfeng and Chen, Zheyu and Li, Jinze and Yang, Shuo and Wang, Wei and Hu, Xiping and Ngai, Edith C-H},
  journal={arXiv preprint arXiv:2406.01034},
  year={2024}
}

@article{yan2023hybrid,
  title={Hybrid Conv-ViT network for hyperspectral image classification},
  author={Yan, Huaiping and Zhang, Erlei and Wang, Jun and Leng, Chengcai and Basu, Anup and Peng, Jinye},
  journal={IEEE Geoscience and Remote Sensing Letters},
  volume={20},
  pages={1--5},
  year={2023},
  publisher={IEEE}
}

@inproceedings{yu2022metaformer,
  title={Metaformer is actually what you need for vision},
  author={Yu, Weihao and Luo, Mi and Zhou, Pan and Si, Chenyang and Zhou, Yichen and Wang, Xinchao and Feng, Jiashi and Yan, Shuicheng},
  booktitle={Proceedings of the IEEE/CVF conference on computer vision and pattern recognition},
  pages={10819--10829},
  year={2022}
}

@article{zhou2023foundation,
  title={A foundation model for generalizable disease detection from retinal images},
  author={Zhou, Yukun and Chia, Mark A and Wagner, Siegfried K and Ayhan, Murat S and Williamson, Dominic J and Struyven, Robbert R and Liu, Timing and Xu, Moucheng and Lozano, Mateo G and Woodward-Court, Peter and others},
  journal={Nature},
  volume={622},
  number={7981},
  pages={156--163},
  year={2023},
  publisher={Nature Publishing Group UK London}
}

