@inproceedings{ResNet,
  title={Deep residual learning for image recognition},
  author={He, Kaiming and Zhang, Xiangyu and Ren, Shaoqing and Sun, Jian},
  booktitle={Proceedings of the IEEE Conference on Computer Vision and Pattern Recognition},
  pages={770--778},
  year={2016}
}

@article{ConvNext,
  title={A convnet for the 2020s},
  author={Liu, Zhuang and Mao, Hanzi and Wu, Chao-Yuan and Feichtenhofer, Christoph and Darrell, Trevor and Xie, Saining},
  booktitle={Proceedings of the IEEE/CVF Conference on Computer Vision and Pattern Recognition},
  pages={11976--11986},
  year={2022}
}

@article{xia2022trt,
  title={TRT-ViT: TensorRT-oriented Vision Transformer},
  author={Xia, Xin and Li, Jiashi and Wu, Jie and Wang, Xing and Wang, Mingkai and Xiao, Xuefeng and Zheng, Min and Wang, Rui},
  journal={arXiv preprint arXiv:2205.09579},
  year={2022}
}

@inproceedings{metaformer,
  title={Metaformer is actually what you need for vision},
  author={Yu, Weihao and Luo, Mi and Zhou, Pan and Si, Chenyang and Zhou, Yichen and Wang, Xinchao and Feng, Jiashi and Yan, Shuicheng},
  booktitle={Proceedings of the IEEE/CVF Conference on Computer Vision and Pattern Recognition},
  pages={10819--10829},
  year={2022}
}

@inproceedings{ResNeXt,
  title={Aggregated residual transformations for deep neural networks},
  author={Xie, Saining and Girshick, Ross and Doll{\'a}r, Piotr and Tu, Zhuowen and He, Kaiming},
  booktitle={Proceedings of the IEEE Conference on Computer Vision and Pattern Recognition},
  pages={1492--1500},
  year={2017}
}



@article{MobileNet_v1,
  title={Mobilenets: Efficient convolutional neural networks for mobile vision applications},
  author={Howard, Andrew G and Zhu, Menglong and Chen, Bo and Kalenichenko, Dmitry and Wang, Weijun and Weyand, Tobias and Andreetto, Marco and Adam, Hartwig},
  journal={arXiv preprint arXiv:1704.04861},
  year={2017}
}

@inproceedings{MobileNet_v2,
  title={Mobilenetv2: Inverted residuals and linear bottlenecks},
  author={Sandler, Mark and Howard, Andrew and Zhu, Menglong and Zhmoginov, Andrey and Chen, Liang-Chieh},
  booktitle={Proceedings of the IEEE Conference on Computer Vision and Pattern Recognition},
  pages={4510--4520},
  year={2018}
}

@article{han2022survey,
  title={A survey on vision transformer},
  author={Han, Kai and Wang, Yunhe and Chen, Hanting and Chen, Xinghao and Guo, Jianyuan and Liu, Zhenhua and Tang, Yehui and Xiao, An and Xu, Chunjing and Xu, Yixing and others},
  journal={IEEE transactions on pattern analysis and machine intelligence},
  year={2022},
  publisher={IEEE}
}

@article{bortsova2021adversarial,
  title={Adversarial attack vulnerability of medical image analysis systems: Unexplored factors},
  author={Bortsova, Gerda and Gonz{\'a}lez-Gonzalo, Cristina and Wetstein, Suzanne C and Dubost, Florian and Katramados, Ioannis and Hogeweg, Laurens and Liefers, Bart and van Ginneken, Bram and Pluim, Josien PW and Veta, Mitko and others},
  journal={Medical Image Analysis},
  volume={73},
  pages={102141},
  year={2021},
  publisher={Elsevier}
}

@article{xu2021towards,
  title={Towards evaluating the robustness of deep diagnostic models by adversarial attack},
  author={Xu, Mengting and Zhang, Tao and Li, Zhongnian and Liu, Mingxia and Zhang, Daoqiang},
  journal={Medical Image Analysis},
  volume={69},
  pages={101977},
  year={2021},
  publisher={Elsevier}
}

@inproceedings{valanarasu2021medical,
  title={Medical transformer: Gated axial-attention for medical image segmentation},
  author={Valanarasu, Jeya Maria Jose and Oza, Poojan and Hacihaliloglu, Ilker and Patel, Vishal M},
  booktitle={International Conference on Medical Image Computing and Computer-Assisted Intervention},
  pages={36--46},
  year={2021},
  organization={Springer}
}


@inproceedings{EfficientNet,
  title={Efficientnet: Rethinking model scaling for convolutional neural networks},
  author={Tan, Mingxing and Le, Quoc},
  booktitle={International Conference on Machine Learning},
  pages={6105--6114},
  year={2019},
}

@inproceedings{ShuffleNet,
  title={Shufflenet: An extremely efficient convolutional neural network for mobile devices},
  author={Zhang, Xiangyu and Zhou, Xinyu and Lin, Mengxiao and Sun, Jian},
  booktitle={Proceedings of the IEEE Conference on Computer Vision and Pattern Recognition},
  pages={6848--6856},
  year={2018}
}

@inproceedings{ShuffleNet_v2,
  title={Shufflenet v2: Practical guidelines for efficient cnn architecture design},
  author={Ma, Ningning and Zhang, Xiangyu and Zheng, Hai-Tao and Sun, Jian},
  booktitle={Proceedings of the European Conference on Computer Vision},
  pages={116--131},
  year={2018}
}

@article{liu2020ms,
  title={MS-Net: multi-site network for improving prostate segmentation with heterogeneous MRI data},
  author={Liu, Quande and Dou, Qi and Yu, Lequan and Heng, Pheng Ann},
  journal={IEEE transactions on medical imaging},
  volume={39},
  number={9},
  pages={2713--2724},
  year={2020},
  publisher={IEEE}
}

@article{dou2019domain,
  title={Domain generalization via model-agnostic learning of semantic features},
  author={Dou, Qi and Coelho de Castro, Daniel and Kamnitsas, Konstantinos and Glocker, Ben},
  journal={Advances in Neural Information Processing Systems},
  volume={32},
  year={2019}
}

@article{Alexnet,
  title={ImageNet classification with deep convolutional neural networks},
  author={Krizhevsky, Alex and Sutskever, Ilya and Hinton, Geoffrey E},
  journal={Communications of the ACM},
  volume={60},
  number={6},
  pages={84--90},
  year={2017},
  publisher={AcM New York, NY, USA}
}

@article{VGG,
  title={Very deep convolutional networks for large-scale image recognition},
  author={Simonyan, Karen},
  journal={arXiv preprint arXiv:1409.1556},
  year={2014}
}

@inproceedings{verma2019manifold,
  title={Manifold mixup: Better representations by interpolating hidden states},
  author={Verma, Vikas and Lamb, Alex and Beckham, Christopher and Najafi, Amir and Mitliagkas, Ioannis and Lopez-Paz, David and Bengio, Yoshua},
  booktitle={International Conference on Machine Learning},
  pages={6438--6447},
  year={2019},
  organization={PMLR}
}

@article{cao2022survey,
  title={A Survey of Mix-based Data Augmentation: Taxonomy, Methods, Applications, and Explainability},
  author={Cao, Chengtai and Zhou, Fan and Dai, Yurou and Wang, Jianping},
  journal={arXiv preprint arXiv:2212.10888},
  year={2022}
}

@article{ViT,
  title={An image is worth 16x16 words: Transformers for image recognition at scale},
  author={Dosovitskiy, Alexey and Beyer, Lucas and Kolesnikov, Alexander and Weissenborn, Dirk and Zhai, Xiaohua and Unterthiner, Thomas and Dehghani, Mostafa and Minderer, Matthias and Heigold, Georg and Gelly, Sylvain and others},
  journal={arXiv preprint arXiv:2010.11929},
  year={2020}
}

@inproceedings{Deit,
  title={Training data-efficient image transformers \& distillation through attention},
  author={Touvron, Hugo and Cord, Matthieu and Douze, Matthijs and Massa, Francisco and Sablayrolles, Alexandre and J{\'e}gou, Herv{\'e}},
  booktitle={International Conference on Machine Learning},
  pages={10347--10357},
  year={2021},
}

@article{PVT_v1,
  title={Pyramid vision transformer: A versatile backbone for dense prediction without convolutions},
  author={Wang, Wenhai and Xie, Enze and Li, Xiang and Fan, Deng-Ping and Song, Kaitao and Liang, Ding and Lu, Tong and Luo, Ping and Shao, Ling},
  journal={arXiv preprint arXiv:2102.12122},
  year={2021}
}

@article{PVT_v2,
  title={Pvtv2: Improved baselines with pyramid vision transformer},
  author={Wang, Wenhai and Xie, Enze and Li, Xiang and Fan, Deng-Ping and Song, Kaitao and Liang, Ding and Lu, Tong and Luo, Ping and Shao, Ling},
  journal={arXiv preprint arXiv:2106.13797},
  year={2021}
}


@article{Swin,
  title={Swin transformer: Hierarchical vision transformer using shifted windows},
  author={Liu, Ze and Lin, Yutong and Cao, Yue and Hu, Han and Wei, Yixuan and Zhang, Zheng and Lin, Stephen and Guo, Baining},
  journal={arXiv preprint arXiv:2103.14030},
  year={2021}
}
@article{mobilevit_v2,
  title={Separable Self-attention for Mobile Vision Transformers},
  author={Mehta, Sachin and Rastegari, Mohammad},
  journal={arXiv preprint arXiv:2206.02680},
  year={2022}
}
@article{li2022efficientformer,
  title={EfficientFormer: Vision Transformers at MobileNet Speed},
  author={Li, Yanyu and Yuan, Geng and Wen, Yang and Hu, Eric and Evangelidis, Georgios and Tulyakov, Sergey and Wang, Yanzhi and Ren, Jian},
  journal={arXiv preprint arXiv:2206.01191},
  year={2022}
}
@article{CPVT,
  title={Conditional positional encodings for vision transformers},
  author={Chu, Xiangxiang and Tian, Zhi and Zhang, Bo and Wang, Xinlong and Wei, Xiaolin and Xia, Huaxia and Shen, Chunhua},
  journal={arXiv preprint arXiv:2102.10882},
  year={2021}
}

@article{Twins,
  title={Twins: Revisiting the design of spatial attention in vision transformers},
  author={Chu, Xiangxiang and Tian, Zhi and Wang, Yuqing and Zhang, Bo and Ren, Haibing and Wei, Xiaolin and Xia, Huaxia and Shen, Chunhua},
  journal={arXiv preprint arXiv:2104.13840},
  year={2021}
}

@inproceedings{CSwin,
  title={Cswin transformer: A general vision transformer backbone with cross-shaped windows},
  author={Dong, Xiaoyi and Bao, Jianmin and Chen, Dongdong and Zhang, Weiming and Yu, Nenghai and Yuan, Lu and Chen, Dong and Guo, Baining},
  booktitle={Proceedings of the IEEE/CVF conference on computer vision and pattern recognition},
  pages={12124--12134},
  year={2022}
}

@inproceedings{yu2022metaformer,
  title={Metaformer is actually what you need for vision},
  author={Yu, Weihao and Luo, Mi and Zhou, Pan and Si, Chenyang and Zhou, Yichen and Wang, Xinchao and Feng, Jiashi and Yan, Shuicheng},
  booktitle={Proceedings of the IEEE/CVF conference on computer vision and pattern recognition},
  pages={10819--10829},
  year={2022}
}

@inproceedings{wang2024repvit,
  title={Repvit: Revisiting mobile cnn from vit perspective},
  author={Wang, Ao and Chen, Hui and Lin, Zijia and Han, Jungong and Ding, Guiguang},
  booktitle={Proceedings of the IEEE/CVF Conference on Computer Vision and Pattern Recognition},
  pages={15909--15920},
  year={2024}
}

@article{yan2023hybrid,
  title={Hybrid Conv-ViT network for hyperspectral image classification},
  author={Yan, Huaiping and Zhang, Erlei and Wang, Jun and Leng, Chengcai and Basu, Anup and Peng, Jinye},
  journal={IEEE Geoscience and Remote Sensing Letters},
  volume={20},
  pages={1--5},
  year={2023},
  publisher={IEEE}
}

@inproceedings{xu2023research,
  title={Research on multimodal deep learning based on CNN and ViT for intrapartum fetal monitoring},
  author={Xu, Ling and Wang, Guoqiang and Cao, Zhen and Chen, Qinqun and Liu, Guiqing and Wei, Hang},
  booktitle={2023 IEEE International Conference on Bioinformatics and Biomedicine (BIBM)},
  pages={4459--4464},
  year={2023},
  organization={IEEE}
}

@article{manigrasso2025mammography,
  title={Mammography classification with multi-view deep learning techniques: Investigating graph and transformer-based architectures},
  author={Manigrasso, Francesco and Milazzo, Rosario and Russo, Alessandro Sebastian and Lamberti, Fabrizio and Strand, Fredrik and Pagnani, Andrea and Morra, Lia},
  journal={Medical Image Analysis},
  volume={99},
  pages={103320},
  year={2025},
  publisher={Elsevier}
}

@article{horst2024cellvit,
  title={Cellvit: Vision transformers for precise cell segmentation and classification},
  author={H{\"o}rst, Fabian and Rempe, Moritz and Heine, Lukas and Seibold, Constantin and Keyl, Julius and Baldini, Giulia and Ugurel, Selma and Siveke, Jens and Gr{\"u}nwald, Barbara and Egger, Jan and others},
  journal={Medical Image Analysis},
  volume={94},
  pages={103143},
  year={2024},
  publisher={Elsevier}
}

@inproceedings{CoaT,
  title={Co-scale conv-attentional image transformers},
  author={Xu, Weijian and Xu, Yifan and Chang, Tyler and Tu, Zhuowen},
  booktitle={Proceedings of the IEEE/CVF International Conference on Computer Vision},
  pages={9981--9990},
  year={2021}
}

@article{CoAtNet,
  title={Coatnet: Marrying convolution and attention for all data sizes},
  author={Dai, Zihang and Liu, Hanxiao and Le, Quoc V and Tan, Mingxing},
  journal={Advances in Neural Information Processing Systems},
  volume={34},
  pages={3965--3977},
  year={2021}
}

@inproceedings{CvT,
  title={Cvt: Introducing convolutions to vision transformers},
  author={Wu, Haiping and Xiao, Bin and Codella, Noel and Liu, Mengchen and Dai, Xiyang and Yuan, Lu and Zhang, Lei},
  booktitle={Proceedings of the IEEE/CVF International Conference on Computer Vision},
  pages={22--31},
  year={2021}
}

@inproceedings{LeViT,
  title={LeViT: a Vision Transformer in ConvNet's Clothing for Faster Inference},
  author={Graham, Benjamin and El-Nouby, Alaaeldin and Touvron, Hugo and Stock, Pierre and Joulin, Armand and J{\'e}gou, Herv{\'e} and Douze, Matthijs},
  booktitle={Proceedings of the IEEE/CVF International Conference on Computer Vision},
  pages={12259--12269},
  year={2021}
}


@article{Mobile-Former,
  title={Mobile-former: Bridging mobilenet and transformer},
  author={Chen, Yinpeng and Dai, Xiyang and Chen, Dongdong and Liu, Mengchen and Dong, Xiaoyi and Yuan, Lu and Liu, Zicheng},
  journal={arXiv preprint arXiv:2108.05895},
  year={2021}
}

@article{MobileViT,
  title={Mobilevit: light-weight, general-purpose, and mobile-friendly vision transformer},
  author={Mehta, Sachin and Rastegari, Mohammad},
  journal={arXiv preprint arXiv:2110.02178},
  year={2021}
}

@article{uniformer,
  title={Uniformer: Unifying convolution and self-attention for visual recognition},
  author={Li, Kunchang and Wang, Yali and Zhang, Junhao and Gao, Peng and Song, Guanglu and Liu, Yu and Li, Hongsheng and Qiao, Yu},
  journal={arXiv preprint arXiv:2201.09450},
  year={2022}
}

@article{Segformer,
  title={SegFormer: Simple and efficient design for semantic segmentation with transformers},
  author={Xie, Enze and Wang, Wenhai and Yu, Zhiding and Anandkumar, Anima and Alvarez, Jose M and Luo, Ping},
  journal={Advances in Neural Information Processing Systems},
  volume={34},
  year={2021}
}


@inproceedings{so2019evolved,
  title={The evolved transformer},
  author={So, David and Le, Quoc and Liang, Chen},
  booktitle={International Conference on Machine Learning},
  pages={5877--5886},
  year={2019}
}

@inproceedings{Autoformer,
  title={Autoformer: Searching transformers for visual recognition},
  author={Chen, Minghao and Peng, Houwen and Fu, Jianlong and Ling, Haibin},
  booktitle={Proceedings of the IEEE/CVF International Conference on Computer Vision},
  pages={12270--12280},
  year={2021}
}

@inproceedings{Glit,
  title={Glit: Neural architecture search for global and local image transformer},
  author={Chen, Boyu and Li, Peixia and Li, Chuming and Li, Baopu and Bai, Lei and Lin, Chen and Sun, Ming and Yan, Junjie and Ouyang, Wanli},
  booktitle={Proceedings of the IEEE/CVF International Conference on Computer Vision},
  pages={12--21},
  year={2021}
}


@article{AdamW,
  title={Decoupled weight decay regularization},
  author={Loshchilov, Ilya and Hutter, Frank},
  journal={arXiv preprint arXiv:1711.05101},
  year={2017}
}


@inproceedings{RetinaNet,
  title={Focal loss for dense object detection},
  author={Lin, Tsung-Yi and Goyal, Priya and Girshick, Ross and He, Kaiming and Doll{\'a}r, Piotr},
  booktitle={Proceedings of the IEEE International Conference on Computer Vision},
  pages={2980--2988},
  year={2017}
}

@inproceedings{Batch_Norm,
	title={Batch normalization: Accelerating deep network training by reducing internal covariate shift},
	author={Ioffe, Sergey and Szegedy, Christian},
	booktitle={International conference on machine learning},
	pages={448--456},
	year={2015},
	organization={PMLR}
}

@inproceedings{DenseNet,
	title={Densely connected convolutional networks},
	author={Huang, Gao and Liu, Zhuang and Van Der Maaten, Laurens and Weinberger, Kilian Q},
	booktitle={Proceedings of the IEEE conference on computer vision and pattern recognition},
	pages={4700--4708},
	year={2017}
}

@article{Mobilenets,
	title={Mobilenets: Efficient convolutional neural networks for mobile vision applications},
	author={Howard, Andrew G and Zhu, Menglong and Chen, Bo and Kalenichenko, Dmitry and Wang, Weijun and Weyand, Tobias and Andreetto, Marco and Adam, Hartwig},
	journal={arXiv preprint arXiv:1704.04861},
	year={2017}
}

@article{Cmt,
	title={Cmt: Convolutional neural networks meet vision transformers},
	author={Guo, Jianyuan and Han, Kai and Wu, Han and Xu, Chang and Tang, Yehui and Xu, Chunjing and Wang, Yunhe},
	journal={arXiv preprint arXiv:2107.06263},
	year={2021}
}

@inproceedings{PiT,
	title={Rethinking spatial dimensions of vision transformers},
	author={Heo, Byeongho and Yun, Sangdoo and Han, Dongyoon and Chun, Sanghyuk and Choe, Junsuk and Oh, Seong Joon},
	booktitle={Proceedings of the IEEE/CVF International Conference on Computer Vision},
	pages={11936--11945},
	year={2021}
}


@article{park2022vision,
  title={How Do Vision Transformers Work?},
  author={Park, Namuk and Kim, Songkuk},
  journal={arXiv preprint arXiv:2202.06709},
  year={2022}
}

@article{vaswani2017attention,
  title={Attention is all you need},
  author={Vaswani, Ashish and Shazeer, Noam and Parmar, Niki and Uszkoreit, Jakob and Jones, Llion and Gomez, Aidan N and Kaiser, {\L}ukasz and Polosukhin, Illia},
  journal={Advances in neural information processing systems},
  volume={30},
  year={2017}
}
@article{bullier2001integrated,
  title={Integrated model of visual processing},
  author={Bullier, Jean},
  journal={Brain research reviews},
  volume={36},
  number={2-3},
  pages={96--107},
  year={2001},
  publisher={Elsevier}
}
@article{kauffmann2014neural,
  title={The neural bases of spatial frequency processing during scene perception},
  author={Kauffmann, Louise and Ramano{\"e}l, Stephen and Peyrin, Carole},
  journal={Frontiers in integrative neuroscience},
  volume={8},
  pages={37},
  year={2014},
  publisher={Frontiers Media SA}
}

@inproceedings{hendrycks2021many,
  title={The many faces of robustness: A critical analysis of out-of-distribution generalization},
  author={Hendrycks, Dan and Basart, Steven and Mu, Norman and Kadavath, Saurav and Wang, Frank and Dorundo, Evan and Desai, Rahul and Zhu, Tyler and Parajuli, Samyak and Guo, Mike and others},
  booktitle={Proceedings of the IEEE/CVF International Conference on Computer Vision},
  pages={8340--8349},
  year={2021}
}

@article{hendrycks2019augmix,
  title={Augmix: A simple data processing method to improve robustness and uncertainty},
  author={Hendrycks, Dan and Mu, Norman and Cubuk, Ekin D and Zoph, Barret and Gilmer, Justin and Lakshminarayanan, Balaji},
  journal={arXiv preprint arXiv:1912.02781},
  year={2019}
}

@inproceedings{rusak2020simple,
  title={A simple way to make neural networks robust against diverse image corruptions},
  author={Rusak, Evgenia and Schott, Lukas and Zimmermann, Roland S and Bitterwolf, Julian and Bringmann, Oliver and Bethge, Matthias and Brendel, Wieland},
  booktitle={European Conference on Computer Vision},
  pages={53--69},
  year={2020},
  organization={Springer}
}

@article{manzari2023robust,
  title={Robust transformer with locality inductive bias and feature normalization},
  author={Manzari, Omid Nejati and Kashiani, Hossein and Dehkordi, Hojat Asgarian and Shokouhi, Shahriar B},
  journal={Engineering Science and Technology, an International Journal},
  volume={38},
  pages={101320},
  year={2023},
  publisher={Elsevier}
}

@article{wu2021wider,
  title={Do wider neural networks really help adversarial robustness?},
  author={Wu, Boxi and Chen, Jinghui and Cai, Deng and He, Xiaofei and Gu, Quanquan},
  journal={Advances in Neural Information Processing Systems},
  volume={34},
  pages={7054--7067},
  year={2021}
}

@inproceedings{guo2020meet,
  title={When nas meets robustness: In search of robust architectures against adversarial attacks},
  author={Guo, Minghao and Yang, Yuzhe and Xu, Rui and Liu, Ziwei and Lin, Dahua},
  booktitle={Proceedings of the IEEE/CVF Conference on Computer Vision and Pattern Recognition},
  pages={631--640},
  year={2020}
}

@article{dong2020adversarially,
  title={Adversarially robust neural architectures},
  author={Dong, Minjing and Li, Yanxi and Wang, Yunhe and Xu, Chang},
  journal={arXiv preprint arXiv:2009.00902},
  year={2020}
}

@article{madry2017towards,
  title={Towards deep learning models resistant to adversarial attacks},
  author={Madry, Aleksander and Makelov, Aleksandar and Schmidt, Ludwig and Tsipras, Dimitris and Vladu, Adrian},
  journal={arXiv preprint arXiv:1706.06083},
  year={2017}
}

@article{li2020shape,
  title={Shape-texture debiased neural network training},
  author={Li, Yingwei and Yu, Qihang and Tan, Mingxing and Mei, Jieru and Tang, Peng and Shen, Wei and Yuille, Alan and Xie, Cihang},
  journal={arXiv preprint arXiv:2010.05981},
  year={2020}
}

@inproceedings{xie2020self,
  title={Self-training with noisy student improves imagenet classification},
  author={Xie, Qizhe and Luong, Minh-Thang and Hovy, Eduard and Le, Quoc V},
  booktitle={Proceedings of the IEEE/CVF conference on computer vision and pattern recognition},
  pages={10687--10698},
  year={2020}
}

@article{lin2019defensive,
  title={Defensive quantization: When efficiency meets robustness},
  author={Lin, Ji and Gan, Chuang and Han, Song},
  journal={arXiv preprint arXiv:1904.08444},
  year={2019}
}

@inproceedings{ye2019adversarial,
  title={Adversarial robustness vs. model compression, or both?},
  author={Ye, Shaokai and Xu, Kaidi and Liu, Sijia and Cheng, Hao and Lambrechts, Jan-Henrik and Zhang, Huan and Zhou, Aojun and Ma, Kaisheng and Wang, Yanzhi and Lin, Xue},
  booktitle={Proceedings of the IEEE/CVF International Conference on Computer Vision},
  pages={111--120},
  year={2019}
}

@inproceedings{zhang2019making,
  title={Making convolutional networks shift-invariant again},
  author={Zhang, Richard},
  booktitle={International conference on machine learning},
  pages={7324--7334},
  year={2019},
  organization={PMLR}
}

@article{vasconcelos2020effective,
  title={An effective anti-aliasing approach for residual networks},
  author={Vasconcelos, Cristina and Larochelle, Hugo and Dumoulin, Vincent and Roux, Nicolas Le and Goroshin, Ross},
  journal={arXiv preprint arXiv:2011.10675},
  year={2020}
}

@article{xie2020smooth,
  title={Smooth adversarial training},
  author={Xie, Cihang and Tan, Mingxing and Gong, Boqing and Yuille, Alan and Le, Quoc V},
  journal={arXiv preprint arXiv:2006.14536},
  year={2020}
}

@article{shao2021adversarial,
  title={On the adversarial robustness of vision transformers},
  author={Shao, Rulin and Shi, Zhouxing and Yi, Jinfeng and Chen, Pin-Yu and Hsieh, Cho-Jui},
  journal={arXiv preprint arXiv:2103.15670},
  year={2021}
}

@inproceedings{mahmood2021robustness,
  title={On the robustness of vision transformers to adversarial examples},
  author={Mahmood, Kaleel and Mahmood, Rigel and Van Dijk, Marten},
  booktitle={Proceedings of the IEEE/CVF International Conference on Computer Vision},
  pages={7838--7847},
  year={2021}
}

@inproceedings{bhojanapalli2021understanding,
  title={Understanding robustness of transformers for image classification},
  author={Bhojanapalli, Srinadh and Chakrabarti, Ayan and Glasner, Daniel and Li, Daliang and Unterthiner, Thomas and Veit, Andreas},
  booktitle={Proceedings of the IEEE/CVF International Conference on Computer Vision},
  pages={10231--10241},
  year={2021}
}

@inproceedings{paul2022vision,
  title={Vision transformers are robust learners},
  author={Paul, Sayak and Chen, Pin-Yu},
  booktitle={Proceedings of the AAAI Conference on Artificial Intelligence},
  volume={36},
  number={2},
  pages={2071--2081},
  year={2022}
}

@inproceedings{mao2022towards,
  title={Towards robust vision transformer},
  author={Mao, Xiaofeng and Qi, Gege and Chen, Yuefeng and Li, Xiaodan and Duan, Ranjie and Ye, Shaokai and He, Yuan and Xue, Hui},
  booktitle={Proceedings of the IEEE/CVF Conference on Computer Vision and Pattern Recognition},
  pages={12042--12051},
  year={2022}
}

@inproceedings{chen2021amplitude,
  title={Amplitude-phase recombination: Rethinking robustness of convolutional neural networks in frequency domain},
  author={Chen, Guangyao and Peng, Peixi and Ma, Li and Li, Jia and Du, Lin and Tian, Yonghong},
  booktitle={Proceedings of the IEEE/CVF International Conference on Computer Vision},
  pages={458--467},
  year={2021}
}

@article{carratino2020mixup,
  title={On mixup regularization},
  author={Carratino, Luigi and Ciss{\'e}, Moustapha and Jenatton, Rodolphe and Vert, Jean-Philippe},
  journal={arXiv preprint arXiv:2006.06049},
  year={2020}
}

@article{chen2020group,
  title={A group-theoretic framework for data augmentation},
  author={Chen, Shuxiao and Dobriban, Edgar and Lee, Jane H},
  journal={The Journal of Machine Learning Research},
  volume={21},
  number={1},
  pages={9885--9955},
  year={2020},
  publisher={JMLRORG}
}

@inproceedings{kim2020puzzle,
  title={Puzzle mix: Exploiting saliency and local statistics for optimal mixup},
  author={Kim, Jang-Hyun and Choo, Wonho and Song, Hyun Oh},
  booktitle={International Conference on Machine Learning},
  pages={5275--5285},
  year={2020},
  organization={PMLR}
}

@inproceedings{li2021feature,
  title={On feature normalization and data augmentation},
  author={Li, Boyi and Wu, Felix and Lim, Ser-Nam and Belongie, Serge and Weinberger, Kilian Q},
  booktitle={Proceedings of the IEEE/CVF Conference on Computer Vision and Pattern Recognition},
  pages={12383--12392},
  year={2021}
}

@article{yang2023medmnist,
  title={Medmnist v2-a large-scale lightweight benchmark for 2d and 3d biomedical image classification},
  author={Yang, Jiancheng and Shi, Rui and Wei, Donglai and Liu, Zequan and Zhao, Lin and Ke, Bilian and Pfister, Hanspeter and Ni, Bingbing},
  journal={Scientific Data},
  volume={10},
  number={1},
  pages={41},
  year={2023},
  publisher={Nature Publishing Group UK London}
}

@article{kather2019predicting,
  title={Predicting survival from colorectal cancer histology slides using deep learning: A retrospective multicenter study},
  author={Kather, Jakob Nikolas and Krisam, Johannes and Charoentong, Pornpimol and Luedde, Tom and Herpel, Esther and Weis, Cleo-Aron and Gaiser, Timo and Marx, Alexander and Valous, Nektarios A and Ferber, Dyke and others},
  journal={PLoS medicine},
  volume={16},
  number={1},
  pages={e1002730},
  year={2019},
  publisher={Public Library of Science}
}

@inproceedings{wang2017chestx,
  title={Chestx-ray8: Hospital-scale chest x-ray database and benchmarks on weakly-supervised classification and localization of common thorax diseases},
  author={Wang, Xiaosong and Peng, Yifan and Lu, Le and Lu, Zhiyong and Bagheri, Mohammadhadi and Summers, Ronald M},
  booktitle={Proceedings of the IEEE conference on computer vision and pattern recognition},
  pages={2097--2106},
  year={2017}
}

@article{tschandl2018ham10000,
  title={The HAM10000 dataset, a large collection of multi-source dermatoscopic images of common pigmented skin lesions},
  author={Tschandl, Philipp and Rosendahl, Cliff and Kittler, Harald},
  journal={Scientific data},
  volume={5},
  number={1},
  pages={1--9},
  year={2018},
  publisher={Nature Publishing Group}
}

@misc{dataset20202nd,
  title={The 2nd diabetic retinopathy--grading and image quality estimation challenge},
  author={Dataset, DC},
  year={2020},
  publisher={ed}
}

@article{al2020dataset,
  title={Dataset of breast ultrasound images},
  author={Al-Dhabyani, Walid and Gomaa, Mohammed and Khaled, Hussien and Fahmy, Aly},
  journal={Data in brief},
  volume={28},
  pages={104863},
  year={2020},
  publisher={Elsevier}
}

@article{acevedo2020dataset,
  title={A dataset of microscopic peripheral blood cell images for development of automatic recognition systems},
  author={Acevedo, Andrea and Merino, Anna and Alf{\'e}rez, Santiago and Molina, {\'A}ngel and Bold{\'u}, Laura and Rodellar, Jos{\'e}},
  journal={Data in brief},
  volume={30},
  year={2020},
  publisher={Elsevier}
}

@article{ljosa2012annotated,
  title={Annotated high-throughput microscopy image sets for validation.},
  author={Ljosa, Vebjorn and Sokolnicki, Katherine L and Carpenter, Anne E},
  journal={Nature methods},
  volume={9},
  number={7},
  pages={637--637},
  year={2012}
}

@article{qi2021elastic,
  title={Elastic net nonparallel hyperplane support vector machine and its geometrical rationality},
  author={Qi, Kai and Yang, Hu},
  journal={IEEE Transactions on Neural Networks and Learning Systems},
  year={2021},
  publisher={IEEE}
}

@inproceedings{chen2021alleviating,
  title={Alleviating Data Imbalance Issue with Perturbed Input During Inference},
  author={Chen, Kanghao and Mao, Yifan and Lu, Huijuan and Zeng, Chenghua and Wang, Ruixuan and Zheng, Wei-Shi},
  booktitle={International Conference on Medical Image Computing and Computer-Assisted Intervention},
  pages={407--417},
  year={2021},
  organization={Springer}
}

@inproceedings{yang2021med,
  title={Medmnist classification decathlon: A lightweight automl benchmark for medical image analysis},
  author={Yang, Jiancheng and Shi, Rui and Ni, Bingbing},
  booktitle={2021 IEEE 18th International Symposium on Biomedical Imaging (ISBI)},
  pages={191--195},
  year={2021},
  organization={IEEE}
}

@article{feurer2015efficient,
  title={Efficient and robust automated machine learning},
  author={Feurer, Matthias and Klein, Aaron and Eggensperger, Katharina and Springenberg, Jost and Blum, Manuel and Hutter, Frank},
  journal={Advances in neural information processing systems},
  volume={28},
  year={2015}
}

@inproceedings{jin2019auto,
  title={Auto-keras: An efficient neural architecture search system},
  author={Jin, Haifeng and Song, Qingquan and Hu, Xia},
  booktitle={Proceedings of the 25th ACM SIGKDD international conference on knowledge discovery \& data mining},
  pages={1946--1956},
  year={2019}
}

@incollection{bisong2019google,
  title={Google AutoML: cloud vision},
  author={Bisong, Ekaba},
  booktitle={Building Machine Learning and Deep Learning Models on Google Cloud Platform},
  pages={581--598},
  year={2019},
  publisher={Springer}
}

@inproceedings{selvaraju2017grad,
  title={Grad-cam: Visual explanations from deep networks via gradient-based localization},
  author={Selvaraju, Ramprasaath R and Cogswell, Michael and Das, Abhishek and Vedantam, Ramakrishna and Parikh, Devi and Batra, Dhruv},
  booktitle={Proceedings of the IEEE international conference on computer vision},
  pages={618--626},
  year={2017}
}

@article{goodfellow2014explaining,
  title={Explaining and harnessing adversarial examples},
  author={Goodfellow, Ian J and Shlens, Jonathon and Szegedy, Christian},
  journal={arXiv preprint arXiv:1412.6572},
  year={2014}
}

@article{madry2017towards,
  title={Towards deep learning models resistant to adversarial attacks},
  author={Madry, Aleksander and Makelov, Aleksandar and Schmidt, Ludwig and Tsipras, Dimitris and Vladu, Adrian},
  journal={arXiv preprint arXiv:1706.06083},
  year={2017}
}

@article{lo2022computer,
  title={Computer-aided diagnosis of ischemic stroke using multi-dimensional image features in carotid color Doppler},
  author={Lo, Chung-Ming and Hung, Peng-Hsiang},
  journal={Computers in Biology and Medicine},
  volume={147},
  pages={105779},
  year={2022},
  publisher={Elsevier}
}

@article{hu2022gashissdb,
  title={GasHisSDB: A new gastric histopathology image dataset for computer aided diagnosis of gastric cancer},
  author={Hu, Weiming and Li, Chen and Li, Xiaoyan and Rahaman, Md Mamunur and Ma, Jiquan and Zhang, Yong and Chen, Haoyuan and Liu, Wanli and Sun, Changhao and Yao, Yudong and others},
  journal={Computers in biology and medicine},
  volume={142},
  pages={105207},
  year={2022},
  publisher={Elsevier}
}

@article{hu2022application,
  title={Application of computer-aided detection (CAD) software to automatically detect nodules under SDCT and LDCT scans with different parameters},
  author={Hu, Qiongjie and Chen, Chong and Kang, Shichao and Sun, Ziyan and Wang, Yujin and Xiang, Min and Guan, Hanxiong and Xia, Liming and Wang, Shaofang},
  journal={Computers in Biology and Medicine},
  volume={146},
  pages={105538},
  year={2022},
  publisher={Elsevier}
}

@article{yang2021computer,
  title={Computer-aided diagnosis of low grade endometrial stromal sarcoma (LGESS)},
  author={Yang, Xinxin and Stamp, Mark},
  journal={Computers in Biology and Medicine},
  volume={138},
  pages={104874},
  year={2021},
  publisher={Elsevier}
}

@article{igarashi2020anatomical,
  title={Anatomical classification of upper gastrointestinal organs under various image capture conditions using AlexNet},
  author={Igarashi, Shohei and Sasaki, Yoshihiro and Mikami, Tatsuya and Sakuraba, Hirotake and Fukuda, Shinsaku},
  journal={Computers in Biology and Medicine},
  volume={124},
  pages={103950},
  year={2020},
  publisher={Elsevier}
}

@article{togo2020deep,
  title={Deep convolutional neural network-based anomaly detection for organ classification in gastric X-ray examination},
  author={Togo, Ren and Watanabe, Haruna and Ogawa, Takahiro and Haseyama, Miki},
  journal={Computers in biology and medicine},
  volume={123},
  pages={103903},
  year={2020},
  publisher={Elsevier}
}

@article{ma2022regularization,
  title={A regularization method to improve adversarial robustness of neural networks for ECG signal classification},
  author={Ma, Linhai and Liang, Liang},
  journal={Computers in Biology and Medicine},
  volume={144},
  pages={105345},
  year={2022},
  publisher={Elsevier}
}

@inproceedings{zheng2021rethinking,
  title={Rethinking semantic segmentation from a sequence-to-sequence perspective with transformers},
  author={Zheng, Sixiao and Lu, Jiachen and Zhao, Hengshuang and Zhu, Xiatian and Luo, Zekun and Wang, Yabiao and Fu, Yanwei and Feng, Jianfeng and Xiang, Tao and Torr, Philip HS and others},
  booktitle={Proceedings of the IEEE/CVF conference on computer vision and pattern recognition},
  pages={6881--6890},
  year={2021}
}

@inproceedings{DETR,
  title={End-to-end object detection with transformers},
  author={Carion, Nicolas and Massa, Francisco and Synnaeve, Gabriel and Usunier, Nicolas and Kirillov, Alexander and Zagoruyko, Sergey},
  booktitle={European Conference on Computer Vision},
  pages={213--229},
  year={2020}
}

@inproceedings{T2T,
  title={Tokens-to-token vit: Training vision transformers from scratch on imagenet},
  author={Yuan, Li and Chen, Yunpeng and Wang, Tao and Yu, Weihao and Shi, Yujun and Jiang, Zi-Hang and Tay, Francis EH and Feng, Jiashi and Yan, Shuicheng},
  booktitle={Proceedings of the IEEE/CVF International Conference on Computer Vision},
  pages={558--567},
  year={2021}
}

@inproceedings{BoTNet,
	title={Bottleneck transformers for visual recognition},
	author={Srinivas, Aravind and Lin, Tsung-Yi and Parmar, Niki and Shlens, Jonathon and Abbeel, Pieter and Vaswani, Ashish},
	booktitle={Proceedings of the IEEE/CVF conference on computer vision and pattern recognition},
	pages={16519--16529},
	year={2021}
}

@article{ljosa2012annotated,
  title={Annotated high-throughput microscopy image sets for validation.},
  author={Ljosa, Vebjorn and Sokolnicki, Katherine L and Carpenter, Anne E},
  journal={Nature methods},
  volume={9},
  number={7},
  pages={637--637},
  year={2012}
}

@article{acevedo2020dataset,
  title={A dataset of microscopic peripheral blood cell images for development of automatic recognition systems},
  author={Acevedo, Andrea and Merino, Anna and Alf{\'e}rez, Santiago and Molina, {\'A}ngel and Bold{\'u}, Laura and Rodellar, Jos{\'e}},
  journal={Data in brief},
  volume={30},
  year={2020},
  publisher={Elsevier}
}

@article{shamshad2022transformers,
  title={Transformers in medical imaging: A survey},
  author={Shamshad, Fahad and Khan, Salman and Zamir, Syed Waqas and Khan, Muhammad Haris and Hayat, Munawar and Khan, Fahad Shahbaz and Fu, Huazhu},
  journal={arXiv preprint arXiv:2201.09873},
  year={2022}
}

@article{yue2024medmamba,
  title={Medmamba: Vision mamba for medical image classification},
  author={Yue, Yubiao and Li, Zhenzhang},
  journal={arXiv preprint arXiv:2403.03849},
  year={2024}
}

@article{liu2024kan,
  title={Kan: Kolmogorov-arnold networks},
  author={Liu, Ziming and Wang, Yixuan and Vaidya, Sachin and Ruehle, Fabian and Halverson, James and Solja{\v{c}}i{\'c}, Marin and Hou, Thomas Y and Tegmark, Max},
  journal={arXiv preprint arXiv:2404.19756},
  year={2024}
}

@book{kolmogorov1961representation,
  title={On the representation of continuous functions of several variables by superpositions of continuous functions of a smaller number of variables},
  author={Kolmogorov, Andre{\u\i}} Nikolaevich},
  year={1961},
  publisher={American Mathematical Society}
}

@inproceedings{liu2021swin,
  title={Swin transformer: Hierarchical vision transformer using shifted windows},
  author={Liu, Ze and Lin, Yutong and Cao, Yue and Hu, Han and Wei, Yixuan and Zhang, Zheng and Lin, Stephen and Guo, Baining},
  booktitle={Proceedings of the IEEE/CVF international conference on computer vision},
  pages={10012--10022},
  year={2021}
}



@inproceedings{57,
  title={A convnet for the 2020s},
  author={Liu, Zhuang and Mao, Hanzi and Wu, Chao-Yuan and Feichtenhofer, Christoph and Darrell, Trevor and Xie, Saining},
  booktitle={Proceedings of the IEEE/CVF conference on computer vision and pattern recognition},
  pages={11976--11986},
  year={2022}
}
@inproceedings{100,
  title={Repvgg: Making vgg-style convnets great again},
  author={Ding, Xiaohan and Zhang, Xiangyu and Ma, Ningning and Han, Jungong and Ding, Guiguang and Sun, Jian},
  booktitle={Proceedings of the IEEE/CVF conference on computer vision and pattern recognition},
  pages={13733--13742},
  year={2021}
}

@article{101,
  title={Separable self-attention for mobile vision transformers},
  author={Mehta, Sachin and Rastegari, Mohammad},
  journal={arXiv preprint arXiv:2206.02680},
  year={2022}
}
@inproceedings{102,
  title={Edgenext: efficiently amalgamated cnn-transformer architecture for mobile vision applications},
  author={Maaz, Muhammad and Shaker, Abdelrahman and Cholakkal, Hisham and Khan, Salman and Zamir, Syed Waqas and Anwer, Rao Muhammad and Shahbaz Khan, Fahad},
  booktitle={European Conference on Computer Vision},
  pages={3--20},
  year={2022},
  organization={Springer}
}
@inproceedings{103,
  title={Nested hierarchical transformer: Towards accurate, data-efficient and interpretable visual understanding},
  author={Zhang, Zizhao and Zhang, Han and Zhao, Long and Chen, Ting and Arik, Sercan {\"O} and Pfister, Tomas},
  booktitle={Proceedings of the AAAI Conference on Artificial Intelligence},
  volume={36},
  number={3},
  pages={3417--3425},
  year={2022}
}
@inproceedings{104,
  title={Mobileone: An improved one millisecond mobile backbone},
  author={Vasu, Pavan Kumar Anasosalu and Gabriel, James and Zhu, Jeff and Tuzel, Oncel and Ranjan, Anurag},
  booktitle={Proceedings of the IEEE/CVF conference on computer vision and pattern recognition},
  pages={7907--7917},
  year={2023}
}
@inproceedings{105,
  title={Going deeper with image transformers},
  author={Touvron, Hugo and Cord, Matthieu and Sablayrolles, Alexandre and Synnaeve, Gabriel and J{\'e}gou, Herv{\'e}},
  booktitle={Proceedings of the IEEE/CVF international conference on computer vision},
  pages={32--42},
  year={2021}
}
@inproceedings{106,
  title={Densely connected convolutional networks},
  author={Huang, Gao and Liu, Zhuang and Van Der Maaten, Laurens and Weinberger, Kilian Q},
  booktitle={Proceedings of the IEEE conference on computer vision and pattern recognition},
  pages={4700--4708},
  year={2017}
}
@inproceedings{110,
  title={Davit: Dual attention vision transformers},
  author={Ding, Mingyu and Xiao, Bin and Codella, Noel and Luo, Ping and Wang, Jingdong and Yuan, Lu},
  booktitle={European conference on computer vision},
  pages={74--92},
  year={2022},
  organization={Springer}
}

@inproceedings{114,
  title={Mvitv2: Improved multiscale vision transformers for classification and detection},
  author={Li, Yanghao and Wu, Chao-Yuan and Fan, Haoqi and Mangalam, Karttikeya and Xiong, Bo and Malik, Jitendra and Feichtenhofer, Christoph},
  booktitle={Proceedings of the IEEE/CVF Conference on Computer Vision and Pattern Recognition},
  pages={4804--4814},
  year={2022}
}

@inproceedings{115,
  title={Efficientnet: Rethinking model scaling for convolutional neural networks},
  author={Tan, Mingxing and Le, Quoc},
  booktitle={International conference on machine learning},
  pages={6105--6114},
  year={2019},
  organization={PMLR}
}

@inproceedings{112,
  title={Efficientnetv2: Smaller models and faster training},
  author={Tan, Mingxing and Le, Quoc},
  booktitle={International conference on machine learning},
  pages={10096--10106},
  year={2021},
  organization={PMLR}
}

@article{116,
  title={Focal modulation networks},
  author={Yang, Jianwei and Li, Chunyuan and Dai, Xiyang and Gao, Jianfeng},
  journal={Advances in Neural Information Processing Systems},
  volume={35},
  pages={4203--4217},
  year={2022}
}
@article{117,
  title={Twins: Revisiting the design of spatial attention in vision transformers},
  author={Chu, Xiangxiang and Tian, Zhi and Wang, Yuqing and Zhang, Bo and Ren, Haibing and Wei, Xiaolin and Xia, Huaxia and Shen, Chunhua},
  journal={Advances in neural information processing systems},
  volume={34},
  pages={9355--9366},
  year={2021}
}
@inproceedings{118,
  title={Metaformer is actually what you need for vision},
  author={Yu, Weihao and Luo, Mi and Zhou, Pan and Si, Chenyang and Zhou, Yichen and Wang, Xinchao and Feng, Jiashi and Yan, Shuicheng},
  booktitle={Proceedings of the IEEE/CVF conference on computer vision and pattern recognition},
  pages={10819--10829},
  year={2022}
}
@article{119,
  title={Xcit: Cross-covariance image transformers},
  author={Ali, Alaaeldin and Touvron, Hugo and Caron, Mathilde and Bojanowski, Piotr and Douze, Matthijs and Joulin, Armand and Laptev, Ivan and Neverova, Natalia and Synnaeve, Gabriel and Verbeek, Jakob and others},
  journal={Advances in neural information processing systems},
  volume={34},
  pages={20014--20027},
  year={2021}
}
@inproceedings{120,
  title={Global context vision transformers},
  author={Hatamizadeh, Ali and Yin, Hongxu and Heinrich, Greg and Kautz, Jan and Molchanov, Pavlo},
  booktitle={International Conference on Machine Learning},
  pages={12633--12646},
  year={2023},
  organization={PMLR}
}

@article{42,
  title={Vmamba: Visual state space model},
  author={Liu, Yue and Tian, Yunjie and Zhao, Yuzhong and Yu, Hongtian and Xie, Lingxi and Wang, Yaowei and Ye, Qixiang and Liu, Yunfan},
  journal={arXiv preprint arXiv:2401.10166},
  year={2024}
}


@article{burgos2020evaluation,
  title={Evaluation of deep convolutional neural networks for automatic classification of common maternal fetal ultrasound planes},
  author={Burgos-Artizzu, Xavier P and Coronado-Guti{\'e}rrez, David and Valenzuela-Alcaraz, Brenda and Bonet-Carne, Elisenda and Eixarch, Elisenda and Crispi, Fatima and Gratac{\'o}s, Eduard},
  journal={Scientific Reports},
  volume={10},
  number={1},
  pages={10200},
  year={2020},
  publisher={Nature Publishing Group UK London}
}

@article{kumar2022litecovidnet,
  title={LiteCovidNet: A lightweight deep neural network model for detection of COVID-19 using X-ray images},
  author={Kumar, Sachin and Shastri, Sourabh and Mahajan, Shilpa and Singh, Kuljeet and Gupta, Surbhi and Rani, Rajneesh and Mohan, Neeraj and Mansotra, Vibhakar},
  journal={International Journal of Imaging Systems and Technology},
  volume={32},
  number={5},
  pages={1464--1480},
  year={2022},
  publisher={Wiley Online Library}
}

@article{shastri2022cheximagenet,
  title={CheXImageNet: a novel architecture for accurate classification of Covid-19 with chest x-ray digital images using deep convolutional neural networks},
  author={Shastri, Sourabh and Kansal, Isha and Kumar, Sachin and Singh, Kuljeet and Popli, Renu and Mansotra, Vibhakar},
  journal={Health and technology},
  volume={12},
  number={1},
  pages={193--204},
  year={2022},
  publisher={Springer}
}

@inproceedings{pogorelov2017kvasir,
  title={Kvasir: A multi-class image dataset for computer aided gastrointestinal disease detection},
  author={Pogorelov, Konstantin and Randel, Kristin Ranheim and Griwodz, Carsten and Eskeland, Sigrun Losada and de Lange, Thomas and Johansen, Dag and Spampinato, Concetto and Dang-Nguyen, Duc-Tien and Lux, Mathias and Schmidt, Peter Thelin and others},
  booktitle={Proceedings of the 8th ACM on Multimedia Systems Conference},
  pages={164--169},
  year={2017}
}

@article{zeng2021efficient,
  title={Efficient and accurate identification of ear diseases using an ensemble deep learning model},
  author={Zeng, Xinyu and Jiang, Zifan and Luo, Wen and Li, Honggui and Li, Hongye and Li, Guo and Shi, Jingyong and Wu, Kangjie and Liu, Tong and Lin, Xing and others},
  journal={Scientific Reports},
  volume={11},
  number={1},
  pages={10839},
  year={2021},
  publisher={Nature Publishing Group UK London}
}

@article{di2024medmnist,
  title={MedMNIST-C: Comprehensive benchmark and improved classifier robustness by simulating realistic image corruptions},
  author={Di Salvo, Francesco and Doerrich, Sebastian and Ledig, Christian},
  journal={arXiv preprint arXiv:2406.17536},
  year={2024}
}

@inproceedings{yang2021medmnist,
  title={Medmnist classification decathlon: A lightweight automl benchmark for medical image analysis},
  author={Yang, Jiancheng and Shi, Rui and Ni, Bingbing},
  booktitle={2021 IEEE 18th International Symposium on Biomedical Imaging (ISBI)},
  pages={191--195},
  year={2021},
  organization={IEEE}
}

@article{azad2024advances,
  title={Advances in medical image analysis with vision transformers: a comprehensive review},
  author={Azad, Reza and Kazerouni, Amirhossein and Heidari, Moein and Aghdam, Ehsan Khodapanah and Molaei, Amirali and Jia, Yiwei and Jose, Abin and Roy, Rijo and Merhof, Dorit},
  journal={Medical Image Analysis},
  volume={91},
  pages={103000},
  year={2024},
  publisher={Elsevier}
}

@article{ta2024bsrbf,
  title={BSRBF-KAN: A combination of B-splines and Radial Basic Functions in Kolmogorov-Arnold Networks},
  author={Ta, Hoang-Thang},
  journal={arXiv preprint arXiv:2406.11173},
  year={2024}
}

@article{li2024u,
  title={U-kan makes strong backbone for medical image segmentation and generation},
  author={Li, Chenxin and Liu, Xinyu and Li, Wuyang and Wang, Cheng and Liu, Hengyu and Liu, Yifan and Chen, Zhen and Yuan, Yixuan},
  journal={arXiv preprint arXiv:2406.02918},
  year={2024}
}

@article{wu2024transukan,
  title={TransUKAN: Computing-Efficient Hybrid KAN-Transformer for Enhanced Medical Image Segmentation},
  author={Wu, Yanlin and Li, Tao and Wang, Zhihong and Kang, Hong and He, Along},
  journal={arXiv preprint arXiv:2409.14676},
  year={2024}
}

@article{hassan2024bayesian,
  title={Bayesian kolmogorov arnold networks (bayesian\_kans): A probabilistic approach to enhance accuracy and interpretability},
  author={Hassan, Masoud Muhammed},
  journal={arXiv preprint arXiv:2408.02706},
  year={2024}
}

@article{cheon2024demonstrating,
  title={Demonstrating the efficacy of kolmogorov-arnold networks in vision tasks},
  author={Cheon, Minjong},
  journal={arXiv preprint arXiv:2406.14916},
  year={2024}
}

@article{ge2024tc,
  title={TC-KANRecon: High-Quality and Accelerated MRI Reconstruction via Adaptive KAN Mechanisms and Intelligent Feature Scaling},
  author={Ge, Ruiquan and Yu, Xiao and Chen, Yifei and Jia, Fan and Zhu, Shenghao and Zhou, Guanyu and Huang, Yiyu and Zhang, Chenyan and Zeng, Dong and Wang, Changmiao and others},
  journal={arXiv preprint arXiv:2408.05705},
  year={2024}
}

@article{de1972calculating,
  title={On calculating with B-splines},
  author={De Boor, Carl},
  journal={Journal of Approximation theory},
  volume={6},
  number={1},
  pages={50--62},
  year={1972},
  publisher={Academic Press}
}


@article{li2024kolmogorov,
  title={Kolmogorov-Arnold Networks are Radial Basis Function Networks},
  author={Li, Ziyao},
  journal={arXiv preprint arXiv:2405.06721},
  year={2024}
}

@article{abueidda2024deepokan,
  title={Deepokan: Deep operator network based on kolmogorov arnold networks for mechanics problems},
  author={Abueidda, Diab W and Pantidis, Panos and Mobasher, Mostafa E},
  journal={arXiv preprint arXiv:2405.19143},
  year={2024}
}

@article{xu2024fourierkan,
  title={FourierKAN-GCF: Fourier Kolmogorov-Arnold Network--An Effective and Efficient Feature Transformation for Graph Collaborative Filtering},
  author={Xu, Jinfeng and Chen, Zheyu and Li, Jinze and Yang, Shuo and Wang, Wei and Hu, Xiping and Ngai, Edith C-H},
  journal={arXiv preprint arXiv:2406.01034},
  year={2024}
}

@article{seydi2024unveiling,
  title={Unveiling the Power of Wavelets: A Wavelet-based Kolmogorov-Arnold Network for Hyperspectral Image Classification},
  author={Seydi, Seyd Teymoor},
  journal={arXiv preprint arXiv:2406.07869},
  year={2024}
}

@article{teymoor2024exploring,
  title={Exploring the Potential of Polynomial Basis Functions in Kolmogorov-Arnold Networks: A Comparative Study of Different Groups of Polynomials},
  author={Teymoor Seydi, Seyd},
  journal={arXiv e-prints},
  pages={arXiv--2406},
  year={2024}
}

@article{ren2023ipsilateral,
  title={Ipsilateral Lesion Detection Refinement for Tomosynthesis},
  author={Ren, Yinhao and Liu, Xuan and Ge, Jun and Liang, Zisheng and Xu, Xiaoming and Grimm, Lars J and Go, Jonathan and Marks, Jeffrey R and Lo, Joseph Y},
  journal={IEEE Transactions on Medical Imaging},
  volume={42},
  number={10},
  pages={3080--3090},
  year={2023},
  publisher={IEEE}
}

@article{elbatel2023fopro,
  title={FoPro-KD: fourier prompted effective knowledge distillation for long-tailed medical image recognition},
  author={Elbatel, Marawan and Mart{\'\i}, Robert and Li, Xiaomeng},
  journal={IEEE Transactions on Medical Imaging},
  year={2023},
  publisher={IEEE}
}

@article{shao2024multi,
  title={Multi-instance Multi-task Learning for Joint Clinical Outcome and Genomic Profile Predictions from the Histopathological Images},
  author={Shao, Wei and Shi, Hang and Liu, Jianxin and Zuo, Yingli and Sun, Liang and Xia, TianSong and Chen, Wanyuan and Wan, Peng and Sheng, JianPeng and Zhu, Qi and others},
  journal={IEEE Transactions on Medical Imaging},
  year={2024},
  publisher={IEEE}
}

@article{ju2023hierarchical,
  title={Hierarchical knowledge guided learning for real-world retinal disease recognition},
  author={Ju, Lie and Yu, Zhen and Wang, Lin and Zhao, Xin and Wang, Xin and Bonnington, Paul and Ge, Zongyuan},
  journal={IEEE Transactions on Medical Imaging},
  year={2023},
  publisher={IEEE}
}

@article{pei2023pets,
  title={PETS-Nets: Joint Pose Estimation and Tissue Segmentation of Fetal Brains Using Anatomy-Guided Networks},
  author={Pei, Yuchen and Zhao, Fenqiang and Zhong, Tao and Ma, Laifa and Liao, Lufan and Wu, Zhengwang and Wang, Li and Zhang, He and Wang, Lisheng and Li, Gang},
  journal={IEEE Transactions on Medical Imaging},
  year={2023},
  publisher={IEEE}
}

@article{akkaya2024enhancing,
  title={Enhancing performance of vision transformers on small datasets through local inductive bias incorporation},
  author={Akkaya, Ibrahim Batuhan and Kathiresan, Senthilkumar S and Arani, Elahe and Zonooz, Bahram},
  journal={Pattern Recognition},
  volume={153},
  pages={110510},
  year={2024},
  publisher={Elsevier}
}


@inproceedings{gheflati2022vision,
  title={Vision transformers for classification of breast ultrasound images},
  author={Gheflati, Behnaz and Rivaz, Hassan},
  booktitle={2022 44th Annual International Conference of the IEEE Engineering in Medicine \& Biology Society (EMBC)},
  pages={480--483},
  year={2022},
  organization={IEEE}
}

@article{kondepudi2024foundation,
  title={Foundation models for fast, label-free detection of glioma infiltration},
  author={Kondepudi, Akhil and Pekmezci, Melike and Hou, Xinhai and Scotford, Katie and Jiang, Cheng and Rao, Akshay and Harake, Edward S and Chowdury, Asadur and Al-Holou, Wajd and Wang, Lin and others},
  journal={Nature},
  pages={1--7},
  year={2024},
  publisher={Nature Publishing Group UK London}
}

@article{zhou2023foundation,
  title={A foundation model for generalizable disease detection from retinal images},
  author={Zhou, Yukun and Chia, Mark A and Wagner, Siegfried K and Ayhan, Murat S and Williamson, Dominic J and Struyven, Robbert R and Liu, Timing and Xu, Moucheng and Lozano, Mateo G and Woodward-Court, Peter and others},
  journal={Nature},
  volume={622},
  number={7981},
  pages={156--163},
  year={2023},
  publisher={Nature Publishing Group UK London}
}

@article{jee2024automated,
  title={Automated real-world data integration improves cancer outcome prediction},
  author={Jee, Justin and Fong, Christopher and Pichotta, Karl and Tran, Thinh Ngoc and Luthra, Anisha and Waters, Michele and Fu, Chenlian and Altoe, Mirella and Liu, Si-Yang and Maron, Steven B and others},
  journal={Nature},
  pages={1--9},
  year={2024},
  publisher={Nature Publishing Group UK London}
}

@article{ju2022improving,
  title={Improving medical images classification with label noise using dual-uncertainty estimation},
  author={Ju, Lie and Wang, Xin and Wang, Lin and Mahapatra, Dwarikanath and Zhao, Xin and Zhou, Quan and Liu, Tongliang and Ge, Zongyuan},
  journal={IEEE transactions on medical imaging},
  volume={41},
  number={6},
  pages={1533--1546},
  year={2022},
  publisher={IEEE}
}

@article{bustos2020padchest,
  title={Padchest: A large chest x-ray image dataset with multi-label annotated reports},
  author={Bustos, Aurelia and Pertusa, Antonio and Salinas, Jose-Maria and De La Iglesia-Vaya, Maria},
  journal={Medical image analysis},
  volume={66},
  pages={101797},
  year={2020},
  publisher={Elsevier}
}

@inproceedings{irvin2019chexpert,
  title={Chexpert: A large chest radiograph dataset with uncertainty labels and expert comparison},
  author={Irvin, Jeremy and Rajpurkar, Pranav and Ko, Michael and Yu, Yifan and Ciurea-Ilcus, Silviana and Chute, Chris and Marklund, Henrik and Haghgoo, Behzad and Ball, Robyn and Shpanskaya, Katie and others},
  booktitle={Proceedings of the AAAI conference on artificial intelligence},
  volume={33},
  number={01},
  pages={590--597},
  year={2019}
}

@article{xu2024whole,
  title={A whole-slide foundation model for digital pathology from real-world data},
  author={Xu, Hanwen and Usuyama, Naoto and Bagga, Jaspreet and Zhang, Sheng and Rao, Rajesh and Naumann, Tristan and Wong, Cliff and Gero, Zelalem and Gonz{\'a}lez, Javier and Gu, Yu and others},
  journal={Nature},
  pages={1--8},
  year={2024},
  publisher={Nature Publishing Group UK London}
}

@article{bian2024broadband,
  title={A broadband hyperspectral image sensor with high spatio-temporal resolution},
  author={Bian, Liheng and Wang, Zhen and Zhang, Yuzhe and Li, Lianjie and Zhang, Yinuo and Yang, Chen and Fang, Wen and Zhao, Jiajun and Zhu, Chunli and Meng, Qinghao and others},
  journal={Nature},
  volume={635},
  number={8037},
  pages={73--81},
  year={2024},
  publisher={Nature Publishing Group UK London}
}

@article{zhu2024mp,
  title={MP-Net: A Multi-Center Privacy-Preserving Network for Medical Image Segmentation},
  author={Zhu, Enjun and Feng, Haiyu and Chen, Long and Lai, Yongqiang and Chai, Senchun},
  journal={IEEE Transactions on Medical Imaging},
  year={2024},
  publisher={IEEE}
}

@article{yang2024token,
  title={Token-Mixer: Bind Image and Text in One Embedding Space for Medical Image Reporting},
  author={Yang, Yan and Yu, Jun and Fu, Zhenqi and Zhang, Ke and Yu, Ting and Wang, Xianyun and Jiang, Hanliang and Lv, Junhui and Huang, Qingming and Han, Weidong},
  journal={IEEE Transactions on Medical Imaging},
  year={2024},
  publisher={IEEE}
}

@article{ling2023mtanet,
  title={Mtanet: Multi-task attention network for automatic medical image segmentation and classification},
  author={Ling, Yating and Wang, Yuling and Dai, Wenli and Yu, Jie and Liang, Ping and Kong, Dexing},
  journal={IEEE Transactions on Medical Imaging},
  year={2023},
  publisher={IEEE}
}

@article{wang2024recursive,
  title={Recursive deformable pyramid network for unsupervised medical image registration},
  author={Wang, Haiqiao and Ni, Dong and Wang, Yi},
  journal={IEEE Transactions on Medical Imaging},
  year={2024},
  publisher={IEEE}
}

@article{manzari2023medvit,
  title={MedViT: a robust vision transformer for generalized medical image classification},
  author={Manzari, Omid Nejati and Ahmadabadi, Hamid and Kashiani, Hossein and Shokouhi, Shahriar B and Ayatollahi, Ahmad},
  journal={Computers in Biology and Medicine},
  volume={157},
  pages={106791},
  year={2023},
  publisher={Elsevier}
}

@article{genet2024temporal,
  title={A Temporal Kolmogorov-Arnold Transformer for Time Series Forecasting},
  author={Genet, Remi and Inzirillo, Hugo},
  journal={arXiv preprint arXiv:2406.02486},
  year={2024}
}

@inproceedings{hassani2023neighborhood,
  title={Neighborhood attention transformer},
  author={Hassani, Ali and Walton, Steven and Li, Jiachen and Li, Shen and Shi, Humphrey},
  booktitle={Proceedings of the IEEE/CVF Conference on Computer Vision and Pattern Recognition},
  pages={6185--6194},
  year={2023}
}

@article{yang2024kolmogorov,
  title={Kolmogorov-arnold transformer},
  author={Yang, Xingyi and Wang, Xinchao},
  journal={arXiv preprint arXiv:2409.10594},
  year={2024}
}

@article{dai2024unichest,
  title={UniChest: Conquer-and-Divide Pre-training for Multi-Source Chest X-Ray Classification},
  author={Dai, Tianjie and Zhang, Ruipeng and Hong, Feng and Yao, Jiangchao and Zhang, Ya and Wang, Yanfeng},
  journal={IEEE Transactions on Medical Imaging},
  year={2024},
  publisher={IEEE}
}

@article{lee2025low,
  title={Low-dose computed tomography perceptual image quality assessment},
  author={Lee, Wonkyeong and Wagner, Fabian and Galdran, Adrian and Shi, Yongyi and Xia, Wenjun and Wang, Ge and Mou, Xuanqin and Ahamed, Md Atik and Imran, Abdullah Al Zubaer and Oh, Ji Eun and others},
  journal={Medical Image Analysis},
  volume={99},
  pages={103343},
  year={2025},
  publisher={Elsevier}
}

@article{loizillon2024automatic,
  title={Automatic motion artefact detection in brain T1-weighted magnetic resonance images from a clinical data warehouse using synthetic data},
  author={Loizillon, Sophie and Bottani, Simona and Maire, Aur{\'e}lien and Str{\"o}er, Sebastian and Dormont, Didier and Colliot, Olivier and Burgos, Ninon and Alzheimer’s Disease Neuroimaging Initiative and APPRIMAGE Study Group and others},
  journal={Medical Image Analysis},
  volume={93},
  pages={103073},
  year={2024},
  publisher={Elsevier}
}

@article{yang2024hierarchical,
  title={Hierarchical online contrastive anomaly detection for fetal arrhythmia diagnosis in ultrasound},
  author={Yang, Xin and Liu, Lian and Yan, Zhongnuo and Yu, Junxuan and Hu, Xindi and Yu, Xuejuan and Dong, Caixia and Chen, Ju and Liu, Hongmei and Yu, Zhuan and others},
  journal={Medical Image Analysis},
  volume={97},
  pages={103229},
  year={2024},
  publisher={Elsevier}
}

@article{wang2024breast,
  title={Breast Cancer Classification from Digital Pathology Images via Connectivity-aware Graph Transformer},
  author={Wang, Kang and Zheng, Feiyang and Cheng, Lan and Dai, Hong-Ning and Dou, Qi and Qin, Jing},
  journal={IEEE Transactions on Medical Imaging},
  year={2024},
  publisher={IEEE}
}

@article{pacheco2020pad,
  title={PAD-UFES-20: A skin lesion dataset composed of patient data and clinical images collected from smartphones},
  author={Pacheco, Andre GC and Lima, Gustavo R and Salomao, Amanda S and Krohling, Breno and Biral, Igor P and de Angelo, Gabriel G and Alves Jr, F{\'a}bio CR and Esgario, Jos{\'e} GM and Simora, Alana C and Castro, Pedro BC and others},
  journal={Data in brief},
  volume={32},
  pages={106221},
  year={2020},
  publisher={Elsevier}
}


@inproceedings{koleilat2024medclip,
  title={MedCLIP-SAM: Bridging text and image towards universal medical image segmentation},
  author={Koleilat, Taha and Asgariandehkordi, Hojat and Rivaz, Hassan and Xiao, Yiming},
  booktitle={International Conference on Medical Image Computing and Computer-Assisted Intervention},
  pages={643--653},
  year={2024},
  organization={Springer}
}

@article{selvaraju2020grad,
  title={Grad-CAM: visual explanations from deep networks via gradient-based localization},
  author={Selvaraju, Ramprasaath R and Cogswell, Michael and Das, Abhishek and Vedantam, Ramakrishna and Parikh, Devi and Batra, Dhruv},
  journal={International journal of computer vision},
  volume={128},
  pages={336--359},
  year={2020},
  publisher={Springer}
}

@inproceedings{woo2023convnext,
  title={Convnext v2: Co-designing and scaling convnets with masked autoencoders},
  author={Woo, Sanghyun and Debnath, Shoubhik and Hu, Ronghang and Chen, Xinlei and Liu, Zhuang and Kweon, In So and Xie, Saining},
  booktitle={Proceedings of the IEEE/CVF Conference on Computer Vision and Pattern Recognition},
  pages={16133--16142},
  year={2023}
}


@article{eisenstein2024pushing,
  title={Pushing the limits of MRI brain imaging},
  author={Eisenstein, Michael},
  journal={Nature Methods},
  volume={21},
  number={11},
  pages={1975--1979},
  year={2024},
  publisher={Nature Publishing Group US New York}
}

@article{paprottka2023impact,
  title={Impact of radiation dose reduction and iterative image reconstruction on CT-guided spine biopsies},
  author={Paprottka, Karolin J and Kupfer, Karina and Schultz, Vivian and Beer, Meinrad and Zimmer, Claus and Baum, Thomas and Kirschke, Jan S and Sollmann, Nico},
  journal={Scientific Reports},
  volume={13},
  number={1},
  pages={5054},
  year={2023},
  publisher={Nature Publishing Group UK London}
}

@inproceedings{vasquez2023automatic,
  title={Automatic detection of lung ultrasound artifacts using a deep neural networks approach},
  author={Vasquez, Carlos and Romero, Stefano E and Zapana, Jose and Paucar, Jesus and Marini, Thomas J and Castaneda, Benjamin},
  booktitle={18th International Symposium on Medical Information Processing and Analysis},
  volume={12567},
  pages={336--345},
  year={2023},
  organization={SPIE}
}

@article{sacher2024role,
  title={The role of advanced metal artifact reduction MRI in the diagnosis of periprosthetic joint infection},
  author={Sacher, Sara E and Koff, Matthew F and Tan, Ek T and Burge, Alissa and Potter, Hollis G},
  journal={Skeletal radiology},
  volume={53},
  number={10},
  pages={1969--1978},
  year={2024},
  publisher={Springer}
}

@article{harirpoush2024architecture,
  title={Architecture Analysis and Benchmarking of 3D U-shaped Deep Learning Models for Thoracic Anatomical Segmentation},
  author={Harirpoush, Arash and Rasoulian, Amirhossein and Kersten-Oertel, Marta and Xiao, Yiming},
  journal={IEEE Access},
  year={2024},
  publisher={IEEE}
}

@inproceedings{huang2023assessing,
  title={Assessing and enhancing robustness of deep learning models with corruption emulation in digital pathology},
  author={Huang, Peixiang and Zhang, Songtao and Gan, Yulu and Xu, Rui and Zhu, Rongqi and Qin, Wenkang and Guo, Limei and Jiang, Shan and Luo, Lin},
  booktitle={2023 IEEE International Conference on Bioinformatics and Biomedicine (BIBM)},
  pages={1144--1149},
  year={2023},
  organization={IEEE}
}

@inproceedings{zhang2022benchmarking,
  title={Benchmarking the robustness of deep neural networks to common corruptions in digital pathology},
  author={Zhang, Yunlong and Sun, Yuxuan and Li, Honglin and Zheng, Sunyi and Zhu, Chenglu and Yang, Lin},
  booktitle={International Conference on Medical Image Computing and Computer-Assisted Intervention},
  pages={242--252},
  year={2022},
  organization={Springer}
}

@article{maron2021benchmark,
  title={A benchmark for neural network robustness in skin cancer classification},
  author={Maron, Roman C and Schlager, Justin G and Haggenm{\"u}ller, Sarah and von Kalle, Christof and Utikal, Jochen S and Meier, Friedegund and Gellrich, Frank F and Hobelsberger, Sarah and Hauschild, Axel and French, Lars and others},
  journal={European Journal of Cancer},
  volume={155},
  pages={191--199},
  year={2021},
  publisher={Elsevier}
}

@inproceedings{zhang2020corruption,
  title={Corruption-robust enhancement of deep neural networks for classification of peripheral blood smear images},
  author={Zhang, Songtao and Ni, Qingwen and Li, Bing and Jiang, Shan and Cai, Wenyu and Chen, Hang and Luo, Lin},
  booktitle={Medical Image Computing and Computer Assisted Intervention--MICCAI 2020: 23rd International Conference, Lima, Peru, October 4--8, 2020, Proceedings, Part V 23},
  pages={372--381},
  year={2020},
  organization={Springer}
}

@article{huo2024hifuse,
  title={HiFuse: Hierarchical multi-scale feature fusion network for medical image classification},
  author={Huo, Xiangzuo and Sun, Gang and Tian, Shengwei and Wang, Yan and Yu, Long and Long, Jun and Zhang, Wendong and Li, Aolun},
  journal={Biomedical Signal Processing and Control},
  volume={87},
  pages={105534},
  year={2024},
  publisher={Elsevier}
}
