@inproceedings{10.1109/CVPR.2011.5995702,
author = {Kulis, B. and Saenko, K. and Darrell, T.},
title = {What you saw is not what you get: Domain adaptation using asymmetric kernel transforms},
year = {2011},
isbn = {9781457703942},
publisher = {IEEE Computer Society},
address = {USA},
url = {https://doi.org/10.1109/CVPR.2011.5995702},
doi = {10.1109/CVPR.2011.5995702},
booktitle = {Proceedings of the 2011 IEEE Conference on Computer Vision and Pattern Recognition},
pages = {1785–1792},
numpages = {8},
keywords = {asymmetric kernel transform, imaging condition, kernel space, nonlinear transformation, object model transfer, object recognition model, real-world application, supervised learning, symmetric transformation, visual domain adaptation},
series = {CVPR '11}
}

@inproceedings{10.1145/2786805.2786814,
author = {Nam, Jaechang and Kim, Sunghun},
title = {Heterogeneous defect prediction},
year = {2015},
isbn = {9781450336758},
publisher = {Association for Computing Machinery},
address = {New York, NY, USA},
url = {https://doi.org/10.1145/2786805.2786814},
doi = {10.1145/2786805.2786814},
booktitle = {Proceedings of the 2015 10th Joint Meeting on Foundations of Software Engineering},
pages = {508–519},
numpages = {12},
keywords = {quality assurance, heterogeneous metrics, Defect prediction},
location = {Bergamo, Italy},
series = {ESEC/FSE 2015}
}

@inproceedings{10.1145/3195970.3196105,
author = {Hua, Weizhe and Zhang, Zhiru and Suh, G. Edward},
title = {Reverse Engineering Convolutional Neural Networks through Side-Channel Information Leaks},
year = {2018},
isbn = {9781450357005},
publisher = {Association for Computing Machinery},
address = {New York, NY, USA},
doi = {10.1145/3195970.3196105},
booktitle = {Proceedings of the 55th Annual Design Automation Conference},
articleno = {4},
numpages = {6},
location = {San Francisco, California},
series = {DAC '18}
}

@inproceedings{10.5555/3104482.3104533,
author = {Harel, Maayan and Mannor, Shie},
title = {Learning from multiple outlooks},
year = {2011},
isbn = {9781450306195},
publisher = {Omnipress},
address = {Madison, WI, USA},
booktitle = {Proceedings of the 28th International Conference on International Conference on Machine Learning},
pages = {401–408},
numpages = {8},
location = {Bellevue, Washington, USA},
series = {ICML'11}
}

@inproceedings{10.5555/3361338.3361374,
author = {Batina, Lejla and Bhasin, Shivam and Jap, Dirmanto and Picek, Stjepan},
title = {CSI NN: Reverse Engineering of Neural Network Architectures through Electromagnetic Side Channel},
year = {2019},
isbn = {9781939133069},
publisher = {USENIX Association},
address = {USA},
booktitle = {Proceedings of the 28th USENIX Conference on Security Symposium},
pages = {515–532},
numpages = {18},
location = {Santa Clara, CA, USA},
series = {SEC'19}
}

@ARTICLE{10077551,
  author={Wang, Ziyu and Meng, Fan-hsuan and Park, Yongmo and Eshraghian, Jason K. and Lu, Wei D.},
  journal={IEEE Transactions on Emerging Topics in Computing}, 
  title={Side-Channel Attack Analysis on In-Memory Computing Architectures}, 
  year={2023},
  volume={},
  number={},
  pages={1-13},
  doi={10.1109/TETC.2023.3257684}}

@ARTICLE{5288526,
  author={Pan, Sinno Jialin and Yang, Qiang},
  journal={IEEE Transactions on Knowledge and Data Engineering}, 
  title={A Survey on Transfer Learning}, 
  year={2010},
  volume={22},
  number={10},
  pages={1345-1359},
  keywords={Machine learning;Training data;Data mining;Knowledge transfer;Space technology;Knowledge engineering;Machine learning algorithms;Labeling;Learning systems;Testing;Transfer learning;survey;machine learning;data mining.},
  doi={10.1109/TKDE.2009.191}}

@INPROCEEDINGS{8735505,
  author={Yoshida, Kota and Kubota, Takaya and Shiozaki, Mitsuru and Fujino, Takeshi},
  booktitle={2019 IEEE 27th Annual International Symposium on Field-Programmable Custom Computing Machines (FCCM)}, 
  title={Model-Extraction Attack Against FPGA-DNN Accelerator Utilizing Correlation Electromagnetic Analysis}, 
  year={2019},
  pages={318-318},
  doi={10.1109/FCCM.2019.00059}}

@ARTICLE{9000972,
  author={Xiang, Yun and Chen, Zhuangzhi and Chen, Zuohui and Fang, Zebin and Hao, Haiyang and Chen, Jinyin and Liu, Yi and Wu, Zhefu and Xuan, Qi and Yang, Xiaoniu},
  journal={IEEE Transactions on Circuits and Systems II: Express Briefs}, 
  title={Open DNN Box by Power Side-Channel Attack}, 
  year={2020},
  volume={67},
  number={11},
  pages={2717-2721},
  doi={10.1109/TCSII.2020.2973007}}

@INPROCEEDINGS{9399005,
  author={Coffen, Brian and Mahmud, Md.Shaad},
  booktitle={2020 IEEE International Conference on E-health Networking, Application \& Services (HEALTHCOM)}, 
  title={TinyDL: Edge Computing and Deep Learning Based Real-time Hand Gesture Recognition Using Wearable Sensor}, 
  year={2021},
  volume={},
  number={},
  pages={1-6},
  doi={10.1109/HEALTHCOM49281.2021.9399005}}

@ARTICLE{9669005,
  author={Sivapalan, Gawsalyan and Nundy, Koushik Kumar and Dev, Soumyabrata and Cardiff, Barry and John, Deepu},
  journal={IEEE Transactions on Biomedical Circuits and Systems}, 
  title={ANNet: A Lightweight Neural Network for ECG Anomaly Detection in IoT Edge Sensors}, 
  year={2022},
  volume={16},
  number={1},
  pages={24-35},
  doi={10.1109/TBCAS.2021.3137646}}

@article{JMLR:v20:13-580,
  author  = {Joey Tianyi Zhou and Ivor W. Tsang and Sinno Jialin Pan and Mingkui Tan},
  title   = {Multi-class Heterogeneous Domain Adaptation},
  journal = {Journal of Machine Learning Research},
  year    = {2019},
  volume  = {20},
  number  = {57},
  pages   = {1--31},
  url     = {http://jmlr.org/papers/v20/13-580.html}
}

@article{LEE202015,
title = {A dimension-reduction based multilayer perception method for supporting the medical decision making},
journal = {Pattern Recognition Letters},
volume = {131},
pages = {15-22},
year = {2020},
issn = {0167-8655},
doi = {https://doi.org/10.1016/j.patrec.2019.11.026},
author = {Shin-Jye Lee and Ching-Hsun Tseng and G.T.–R. Lin and Yun Yang and Po Yang and Khan Muhammad and Hari Mohan Pandey},
keywords = {Deep learning, Multilayer perceptron, Weight initialization, Medical decision support}
}

@article{LI2023107290,
title = {A global-frequency-domain network for medical image segmentation},
journal = {Computers in Biology and Medicine},
volume = {164},
pages = {107290},
year = {2023},
issn = {0010-4825},
doi = {https://doi.org/10.1016/j.compbiomed.2023.107290},
author = {Penghui Li and Rui Zhou and Jin He and Shifeng Zhao and Yun Tian},
keywords = {Medical image segmentation, Global filter, Fourier transform, Multi-layer perceptron}}

@article{Rana_2023, title={Comparative Analysis of Breast Cancer Detection using Cutting-edge Machine Learning Algorithms (MLAs)}, volume={3}, DOI={10.32350/icr.31.01}, number={1}, journal={Innovative Computing Review}, author={Rana, Tanzeel Sultan and Saleem, Imran and Rao, Rabia Naseer and Shabbir, Maryam and Chaudhry, Laiba Wahid}, year={2023}, month={Jun.} }

@Article{Weiss2016,
author={Weiss, Karl
and Khoshgoftaar, Taghi M.
and Wang, DingDing},
title={A survey of transfer learning},
journal={Journal of Big Data},
year={2016},
month={May},
day={28},
volume={3},
number={1},
pages={9},
issn={2196-1115},
doi={10.1186/s40537-016-0043-6},
url={https://doi.org/10.1186/s40537-016-0043-6}
}

@article{Zhou_Pan_Tsang_Yan_2014, 
title={Hybrid Heterogeneous Transfer Learning through Deep Learning}, volume={28}, 
url={https://ojs.aaai.org/index.php/AAAI/article/view/8961}, 
DOI={10.1609/aaai.v28i1.8961}, 
number={1}, 
journal={Proceedings of the AAAI Conference on Artificial Intelligence}, 
author={Zhou, Joey and Pan, Sinno and Tsang, Ivor and Yan, Yan}, 
year={2014}, 
month={Jun.} 
}

@article{Zhu_Chen_Lu_Pan_Xue_Yu_Yang_2011, 
title={Heterogeneous Transfer Learning for Image Classification}, volume={25}, 
url={https://ojs.aaai.org/index.php/AAAI/article/view/8090}, 
DOI={10.1609/aaai.v25i1.8090}, 
number={1}, 
journal={Proceedings of the AAAI Conference on Artificial Intelligence}, 
author={Zhu, Yin and Chen, Yuqiang and Lu, Zhongqi and Pan, Sinno and Xue, Gui-Rong and Yu, Yong and Yang, Qiang}, 
year={2011}, 
month={Aug.}, 
pages={1304-1309} 
}

