@INPROCEEDINGS{BPCA_flow,
  author={Qu, Li and Zhang, Yi and Hu, Jianming and Jia, Liyan and Li, Li},
  booktitle={2008 IEEE Intelligent Vehicles Symposium}, 
  title={A {BPCA} based missing value imputing method for traffic flow volume data}, 
  year={2008},
  pages={985-990},
  doi={10.1109/IVS.2008.4621153}}

@Article{GHCNh,
AUTHOR = {Robert J. H. Dunn and Kate M. Willett and David E. Parker and Lorna Mitchell},
TITLE = {Expanding HadISD: quality-controlled, sub-daily station data from 1931},
JOURNAL = {Geoscientific Instrumentation, Methods and Data Systems},
VOLUME = {5},
YEAR = {2016},
NUMBER = {2},
PAGES = {473--491},
DOI = {10.5194/gi-5-473-2016}
}

@article{GNN_new_flow,
title = {Towards better traffic volume estimation: Jointly addressing the underdetermination and nonequilibrium problems with correlation-adaptive {GNN}s},
journal = {Transportation Research Part C: Emerging Technologies},
volume = {157},
pages = {104402},
year = {2023},
issn = {0968-090X},
doi = {https://doi.org/10.1016/j.trc.2023.104402},
author = {Tong Nie and Guoyang Qin and Yunpeng Wang and Jian Sun},
}

@article{KPPCA_flow,
title = {Efficient missing data imputing for traffic flow by considering temporal and spatial dependence},
journal = {Transportation Research Part C: Emerging Technologies},
volume = {34},
pages = {108-120},
year = {2013},
issn = {0968-090X},
doi = {https://doi.org/10.1016/j.trc.2013.05.008},
author = {Li Li and Yuebiao Li and Zhiheng Li},
}

@ARTICLE{PPCA_flow,
  author={Qu, Li and Li, Li and Zhang, Yi and Hu, Jianming},
  journal={IEEE Transactions on Intelligent Transportation Systems}, 
  title={{PPCA}-Based Missing Data Imputation for Traffic Flow Volume: A Systematical Approach}, 
  year={2009},
  volume={10},
  number={3},
  pages={512-522},
  doi={10.1109/TITS.2009.2026312}}

@inproceedings{anuar2015estimating,
  title={Estimating traffic flow rate on freeways from probe vehicle data and fundamental diagram},
  author={Anuar, Khairul and Habtemichael, Filmon and Cetin, Mecit},
  booktitle={2015 IEEE 18th international conference on intelligent transportation systems},
  pages={2921--2926},
  year={2015},
  organization={IEEE}
}

@article{arima_flow,
title = {Estimation of missing traffic counts using factor, genetic, neural, and regression techniques},
journal = {Transportation Research Part C: Emerging Technologies},
volume = {12},
number = {2},
pages = {139-166},
year = {2004},
issn = {0968-090X},
doi = {https://doi.org/10.1016/j.trc.2004.07.006},
author = {Ming Zhong and Pawan Lingras and Satish Sharma},
}

@Article{camera_flow,
author={Fedorov, Aleksandr and Nikolskaia, Kseniia and Ivanov, Sergey and Shepelev, Vladimir and Minbaleev, Alexey},
title={Traffic flow estimation with data from a video surveillance camera},
journal={Journal of Big Data},
year={2019},
month={Aug},
day={07},
volume={6},
number={1},
pages={73},
issn={2196-1115},
doi={10.1186/s40537-019-0234-z}
}

@article{cellphone_flow,
title = {A tailored machine learning approach for urban transport network flow estimation},
journal = {Transportation Research Part C: Emerging Technologies},
volume = {108},
pages = {130-150},
year = {2019},
issn = {0968-090X},
doi = {https://doi.org/10.1016/j.trc.2019.09.006},
author = {Zhiyuan Liu and Yang Liu and Qiang Meng and Qixiu Cheng},
}

@book{daganzo1997fundamentals,
  title={Fundamentals of transportation and traffic operations},
  author={Daganzo, Carlos F},
  year={1997},
  publisher={Emerald Group Publishing Limited},
}

@article{data_driven_flow,
title = {Inferencing hourly traffic volume using data-driven machine learning and graph theory},
journal = {Computers, Environment and Urban Systems},
volume = {85},
pages = {101548},
year = {2021},
issn = {0198-9715},
doi = {https://doi.org/10.1016/j.compenvurbsys.2020.101548},
author = {Zhiyan Yi and Xiaoyue Cathy Liu and Nikola Markovic and Jeff Phillips},
}

@article{demo_census,
author = {John Cleland},
title = {Demographic Data Collection in Less Developed Countries 1946–1996},
journal = {Population Studies},
volume = {50},
number = {3},
pages = {433--450},
year = {1996},
publisher = {Routledge},
doi = {10.1080/0032472031000149556},
}

@article{est_MFD_1,
title = {Data fusion algorithm for macroscopic fundamental diagram estimation},
journal = {Transportation Research Part C: Emerging Technologies},
volume = {71},
pages = {184-197},
year = {2016},
issn = {0968-090X},
doi = {https://doi.org/10.1016/j.trc.2016.07.013},
url = {https://www.sciencedirect.com/science/article/pii/S0968090X16301267},
author = {Lukas Ambühl and Monica Menendez},
}

@article{est_MFD_2,
title = {On the use of Lagrangian observations from public transport and probe vehicles to estimate car space-mean speeds in bi-modal urban networks},
journal = {Transportation Research Part C: Emerging Technologies},
volume = {91},
pages = {317-334},
year = {2018},
issn = {0968-090X},
doi = {https://doi.org/10.1016/j.trc.2018.04.004},
url = {https://www.sciencedirect.com/science/article/pii/S0968090X18304418},
author = {Igor Dakic and Monica Menendez},
}

@article{est_MFD_3,
author = {Lukas Ambühl and Allister Loder and Michiel C. J. Bliemer and Monica Menendez and Kay W. Axhausen},
title ={Introducing a Re-Sampling Methodology for the Estimation of Empirical Macroscopic Fundamental Diagrams},

journal = {Transportation Research Record},
volume = {2672},
number = {20},
pages = {239-248},
year = {2018},
doi = {10.1177/0361198118788181},
}

@INPROCEEDINGS{flow_topo_pop,
  author={Laraki, Mohamed and De Nunzio, Giovanni and Othman, Bassel},
  booktitle={2022 IEEE 25th International Conference on Intelligent Transportation Systems (ITSC)}, 
  title={A Large-Scale and Data-Based Road Traffic Flow Estimation Method Leveraging Topography Information and Population Statistics}, 
  year={2022},
  pages={2343-2349},
  doi={10.1109/ITSC55140.2022.9921799}}

@ARTICLE{gis_flow_1,
author={Wang, Pu and Lai, Jiyu and Huang, Zhiren and Tan, Qian and Lin, Tao},
journal={IEEE Transactions on Intelligent Transportation Systems}, 
title={Estimating Traffic Flow in Large Road Networks Based on Multi-Source Traffic Data}, 
year={2021},
volume={22},
number={9},
pages={5672-5683},
doi={10.1109/TITS.2020.2988801}}

@INPROCEEDINGS{gis_flow_2,
  author={Othman, Bassel and De Nunzio, Giovanni and Laraki, Mohamed and Sabiron, Guillaume},
  booktitle={2022 IEEE 25th International Conference on Intelligent Transportation Systems (ITSC)}, 
  title={A Novel Approach To Traffic Flow Estimation based on Floating Car Data and Road Topography: Experimental Validation in {}Lyon, {F}rance}, 
  year={2022},
  pages={2571-2576},
  doi={10.1109/ITSC55140.2022.9922602}}

@article{google_flow,
title = {Multi-models machine learning methods for traffic flow estimation from Floating Car Data},
journal = {Transportation Research Part C: Emerging Technologies},
volume = {132},
pages = {103389},
year = {2021},
issn = {0968-090X},
doi = {https://doi.org/10.1016/j.trc.2021.103389},
author = {Jinjian Li and Jacques Boonaert and Arnaud Doniec and Guillaume Lozenguez},
}

@book{kerner2009introduction,
  title={Introduction to modern traffic flow theory and control},
  author={Kerner, Boris S},
  volume={700},
  year={2009},
  publisher={Springer},
  doi={10.1007/978-3-642-02605-8}
}

@article{lam2001activity,
  title={An activity-based time-dependent traffic assignment model},
  author={Lam, William H. K. and Yin, Yafeng},
  journal={Transportation Research Part B},
  volume={35},
  number={6},
  pages={549--574},
  year={2001},
  publisher={Elsevier}
}

@ARTICLE{machine_flow_1,
  author={Zhan, Xianyuan and Zheng, Yu and Yi, Xiuwen and Ukkusuri, Satish V.},
  journal={IEEE Transactions on Knowledge and Data Engineering}, 
  title={Citywide Traffic Volume Estimation Using Trajectory Data}, 
  year={2017},
  volume={29},
  number={2},
  pages={272-285},
  doi={10.1109/TKDE.2016.2621104}}

@ARTICLE{machine_flow_2,
  author={Chen, Yuanyuan and Lv, Yisheng and Wang, Fei-Yue},
  journal={IEEE Transactions on Intelligent Transportation Systems}, 
  title={Traffic Flow Imputation Using Parallel Data and Generative Adversarial Networks}, 
  year={2020},
  volume={21},
  number={4},
  pages={1624-1630},
  doi={10.1109/TITS.2019.2910295}}

@ARTICLE{multiple_regression_flow,
  author={Pun, Lilian and Zhao, Pengxiang and Liu, Xintao},
  journal={IEEE Access}, 
  title={A Multiple Regression Approach for Traffic Flow Estimation}, 
  year={2019},
  volume={7},
  pages={35998-36009},
  doi={10.1109/ACCESS.2019.2904645}}

@article{open_data_flow_estimation,
author = {Mahajan, Vishal and Cantelmo, Guido and Rothfeld, Raoul and Antoniou, Constantinos},
title = {Predicting network flows from speeds using open data and transfer learning},
journal = {IET Intelligent Transport Systems},
volume = {17},
number = {4},
pages = {804-824},
doi = {https://doi.org/10.1049/itr2.12305},
year = {2023}
}

@inproceedings{pendyala2000multi,
    author = {Ram M. Pendyala and Eric I. Pas},
    title = {Multi-day and multi-period data for travel demand analysis and modeling},
    booktitle = {Transportation Research Board Annual Meeting},
    year = {2000},
    pages={22}
}

@article{pop_map_get01,
author = {Hasi Bagan and Yoshiki Yamagata},
title = {Analysis of Urban Growth and Estimating Population Density Using Satellite Images of Nighttime Lights and Land-use and Population Data},
journal = {GIScience \& Remote Sensing},
volume = {52},
number = {6},
pages = {765--780},
year = {2015},
publisher = {Taylor \& Francis},
doi = {10.1080/15481603.2015.1072400},
}

@misc{pop_map_get02,
      title={Mapping the world population one building at a time}, 
      author={Tobias G. Tiecke and Xianming Liu and Amy Zhang and Andreas Gros and Nan Li and Gregory Yetman and Talip Kilic and Siobhan Murray and Brian Blankespoor and Espen B. Prydz and Hai-Anh H. Dang},
      year={2017},
      eprint={1712.05839},
      archivePrefix={arXiv},
      primaryClass={cs.CV},
      url={https://arxiv.org/abs/1712.05839}, 
}

@article{ross1988traffic,
  title={Traffic dynamics},
  author={Ross, Paul},
  journal={Transportation Research Part B: Methodological},
  volume={22},
  number={6},
  pages={421--435},
  year={1988},
  publisher={Elsevier}
}

@ARTICLE{search_flow_estimation,
  author={Manibardo, Eric L. and Laña, Ibai and Villar-Rodriguez, Esther and Ser, Javier Del},
  journal={IEEE Transactions on Intelligent Transportation Systems}, 
  title={A Graph-Based Methodology for the Sensorless Estimation of Road Traffic Profiles}, 
  year={2023},
  volume={24},
  number={8},
  pages={8701-8715},
  doi={10.1109/TITS.2023.3236489}}

@article{sgmc_flow,
title = {Network-wide traffic flow estimation with insufficient volume detection and crowdsourcing data},
journal = {Transportation Research Part C: Emerging Technologies},
volume = {121},
pages = {102870},
year = {2020},
issn = {0968-090X},
doi = {https://doi.org/10.1016/j.trc.2020.102870},
author = {Zhengchao Zhang and Meng Li and Xi Lin and Yinhai Wang},
}

@inproceedings{ssl_flow,
author = {Meng, Chuishi and Yi, Xiuwen and Su, Lu and Gao, Jing and Zheng, Yu},
title = {City-Wide Traffic Volume Inference with Loop Detector Data and Taxi Trajectories},
year = {2017},
isbn = {9781450354905},
publisher = {Association for Computing Machinery},
doi = {10.1145/3139958.3139984},
booktitle = {Proceedings of the 25th ACM SIGSPATIAL International Conference on Advances in Geographic Information Systems},
articleno = {1},
numpages = {10},
series = {SIGSPATIAL '17}
}

@article{tensor_decomposition_4_flow,
title = {A nonconvex low-rank tensor completion model for spatiotemporal traffic data imputation},
journal = {Transportation Research Part C: Emerging Technologies},
volume = {117},
pages = {102673},
year = {2020},
issn = {0968-090X},
doi = {https://doi.org/10.1016/j.trc.2020.102673},
author = {Xinyu Chen and Jinming Yang and Lijun Sun},
}

@article{tensor_decomposition_5_flow,
title = {Scalable low-rank tensor learning for spatiotemporal traffic data imputation},
journal = {Transportation Research Part C: Emerging Technologies},
volume = {129},
pages = {103226},
year = {2021},
issn = {0968-090X},
doi = {https://doi.org/10.1016/j.trc.2021.103226},
author = {Xinyu Chen and Yixian Chen and Nicolas Saunier and Lijun Sun},
}

@ARTICLE{tensor_decomposition_6_flow,
  author={Chen, Xinyu and Lei, Mengying and Saunier, Nicolas and Sun, Lijun},
  journal={IEEE Transactions on Intelligent Transportation Systems}, 
  title={Low-Rank Autoregressive Tensor Completion for Spatiotemporal Traffic Data Imputation}, 
  year={2022},
  volume={23},
  number={8},
  pages={12301-12310},
  keywords={Tensors;Time series analysis;Spatiotemporal phenomena;Data models;Minimization;Market research;Optimization;Spatiotemporal traffic data;missing data imputation;low-rank tensor completion;truncated nuclear norm;autoregressive time series model},
  doi={10.1109/TITS.2021.3113608}}

@ARTICLE{tensor_decomposition_flow_2,
  author={Shao, Wei and Chen, Ling},
  journal={IEEE Transactions on Intelligent Transportation Systems}, 
  title={License Plate Recognition Data-Based Traffic Volume Estimation Using Collaborative Tensor Decomposition}, 
  year={2018},
  volume={19},
  number={11},
  pages={3439-3448},
  doi={10.1109/TITS.2017.2780093}}

@article{tensor_decomposition_flow_3,
title = {A Bayesian tensor decomposition approach for spatiotemporal traffic data imputation},
journal = {Transportation Research Part C: Emerging Technologies},
volume = {98},
pages = {73-84},
year = {2019},
issn = {0968-090X},
doi = {https://doi.org/10.1016/j.trc.2018.11.003},
author = {Xinyu Chen and Zhaocheng He and Lijun Sun},
}

@ARTICLE{tgc_rnn_flow,
  author={Cui, Zhiyong and Henrickson, Kristian and Ke, Ruimin and Wang, Yinhai},
  journal={IEEE Transactions on Intelligent Transportation Systems}, 
  title={Traffic Graph Convolutional Recurrent Neural Network: A Deep Learning Framework for Network-Scale Traffic Learning and Forecasting}, 
  year={2020},
  volume={21},
  number={11},
  pages={4883-4894},
  doi={10.1109/TITS.2019.2950416}}

@Article{transfer_flow_1,
author={Seku{\l}a, Przemys{\l}aw
and Laan, Zachary Vander
and Sadabadi, Kaveh Farokhi
and Kania, Krzysztof
and Zahedian, Sara},
title={Transferability of a Machine Learning-Based Model of Hourly Traffic Volume Estimation---{F}lorida and {N}ew {H}ampshire Case Study},
journal={Journal of Advanced Transportation},
year={2021},
month={Nov},
day={26},
publisher={Hindawi},
volume={2021},
pages={9944918},
issn={0197-6729},
doi={10.1155/2021/9944918}
}

@article{transfer_flow_3,
author = {Yuan Zhang and Qixiu Cheng and Yang Liu and Zhiyuan Liu},
title = {Full-scale spatio-temporal traffic flow estimation for city-wide networks: a transfer learning based approach},
journal = {Transportmetrica B: Transport Dynamics},
volume = {11},
number = {1},
pages = {869-895},
year  = {2023},
publisher = {Taylor & Francis},
doi = {10.1080/21680566.2022.2143453},
}

@article{vision_flow,
title = {Potential of vision-enhanced floating car data for urban traffic estimation},
journal = {Transportation Research Procedia},
volume = {62},
pages = {366-373},
year = {2022},
issn = {2352-1465},
doi = {https://doi.org/10.1016/j.trpro.2022.02.046},
author = {Dmitry Pavlyuk and Ilya Jackson},
}

@book{vuchic2007urban,
  title={Urban transit systems and technology},
  author={Vuchic, Vukan R},
  year={2007},
  publisher={John Wiley \& Sons}
}

