@article{blaser2016random,
  title={Random rotation ensembles},
  author={Blaser, Rico and Fryzlewicz, Piotr},
  journal={Journal of Machine Learning Research},
  volume={17},
  number={1},
  pages={126--151},
  year={2016},
  publisher={JMLR. org}
}

@InProceedings{vempala:LIPIcs:2012:3847,
  author =	{Santosh S. Vempala},
  title =	{Randomly-oriented {k-d} Trees Adapt to Intrinsic Dimension},
  booktitle =	{IARCS Annual Conference on Foundations of Software Technology and Theoretical Computer Science (FSTTCS 2012)},
  pages =	{48--57},
  series =	{Leibniz International Proceedings in Informatics (LIPIcs)},
  ISBN =	{978-3-939897-47-7},
  ISSN =	{1868-8969},
  year =	{2012},
  volume =	{18},
  editor =	{Deepak D'Souza and Telikepalli Kavitha and Jaikumar Radhakrishnan},
  publisher =	{Schloss Dagstuhl--Leibniz-Zentrum fuer Informatik},
  address =	{Dagstuhl, Germany},
  URL =		{https://drops.dagstuhl.de/opus/volltexte/2012/3847},
  URN =		{urn:nbn:de:0030-drops-38470},
  doi =		{10.4230/LIPIcs.FSTTCS.2012.48},
  annote =	{Keywords: Data structures, Nearest Neighbors, Intrinsic Dimension, k-d Tree}
}

