@article{annamoradnejad2024colbert,
  title={ColBERT: Using BERT sentence embedding in parallel neural networks for computational humor},
  author={Annamoradnejad, Issa and Zoghi, Gohar},
  journal={Expert Systems with Applications},
  volume={249},
  pages={123685},
  year={2024},
  publisher={Elsevier}
}

@inproceedings{chen2017predicting,
  title={Predicting audienceâ€™s laughter during presentations using convolutional neural network},
  author={Chen, Lei and Lee, Chungmin},
  booktitle={Proceedings of the 12th Workshop on Innovative Use of NLP for Building Educational Applications},
  pages={86--90},
  year={2017}
}

@article{cortes1995support,
  title={Support-Vector Networks},
  author={Cortes, Corinna},
  journal={Machine Learning},
  year={1995}
}

@inproceedings{kenton2019bert,
  title={Bert: Pre-training of deep bidirectional transformers for language understanding},
  author={Kenton, Jacob Devlin Ming-Wei Chang and Toutanova, Lee Kristina},
  booktitle={Proceedings of naacL-HLT},
  volume={1},
  pages={2},
  year={2019}
}

@inproceedings{liu2018modeling,
  title={Modeling sentiment association in discourse for humor recognition},
  author={Liu, Lizhen and Zhang, Donghai and Song, Wei},
  booktitle={Proceedings of the 56th Annual Meeting of the Association for Computational Linguistics (Volume 2: Short Papers)},
  pages={586--591},
  year={2018}
}

@inproceedings{mihalcea2005making,
  title={Making computers laugh: Investigations in automatic humor recognition},
  author={Mihalcea, Rada and Strapparava, Carlo},
  booktitle={Proceedings of Human Language Technology Conference and Conference on Empirical Methods in Natural Language Processing},
  pages={531--538},
  year={2005}
}

@article{radford2018improving,
  title={Improving language understanding by generative pre-training},
  author={Radford, Alec},
  year={2018}
}

@inproceedings{raz2012automatic,
  title={Automatic humor classification on twitter},
  author={Raz, Yishay},
  booktitle={Proceedings of the NAACL HLT 2012 student research workshop},
  pages={66--70},
  year={2012}
}

@inproceedings{weller2019humor,
  title={Humor Detection: A Transformer Gets the Last Laugh},
  author={Weller, Orion and Seppi, Kevin},
  booktitle={Proceedings of the 2019 Conference on Empirical Methods in Natural Language Processing and the 9th International Joint Conference on Natural Language Processing (EMNLP-IJCNLP)},
  pages={3621--3625},
  year={2019}
}

@inproceedings{xie2021uncertainty,
  title={Uncertainty and Surprisal Jointly Deliver the Punchline: Exploiting Incongruity-Based Features for Humor Recognition},
  author={Xie, Yubo and Li, Junze and Pu, Pearl},
  booktitle={Proceedings of the 59th Annual Meeting of the Association for Computational Linguistics and the 11th International Joint Conference on Natural Language Processing (Volume 2: Short Papers)},
  pages={33--39},
  year={2021}
}

@inproceedings{yang2015humor,
  title={Humor recognition and humor anchor extraction},
  author={Yang, Diyi and Lavie, Alon and Dyer, Chris and Hovy, Eduard},
  booktitle={Proceedings of the 2015 conference on empirical methods in natural language processing},
  pages={2367--2376},
  year={2015}
}

@inproceedings{yang2021choral,
  title={CHoRaL: Collecting humor reaction labels from millions of social media users},
  author={Yang, Zixiaofan and Hooshmand, Shayan and Hirschberg, Julia},
  booktitle={Proceedings of the 2021 Conference on Empirical Methods in Natural Language Processing},
  pages={4429--4435},
  year={2021}
}

@inproceedings{zeng2024leveraging,
  title={Leveraging Social Context for Humor Recognition and Sense of Humor Evaluation in Social Media with a New Chinese Humor Corpus-HumorWB},
  author={Zeng, Zeyuan and Li, Zefeng and Yang, Liang and Lin, Hongfei},
  booktitle={Proceedings of the 2024 Joint International Conference on Computational Linguistics, Language Resources and Evaluation (LREC-COLING 2024)},
  pages={10393--10402},
  year={2024}
}

