@article{cortes1995support,
  title={Support-Vector Networks},
  author={Cortes, Corinna},
  journal={Machine Learning},
  year={1995}
}

@inproceedings{mihalcea2005making,
  title={Making computers laugh: Investigations in automatic humor recognition},
  author={Mihalcea, Rada and Strapparava, Carlo},
  booktitle={Proceedings of Human Language Technology Conference and Conference on Empirical Methods in Natural Language Processing},
  pages={531--538},
  year={2005}
}

@inproceedings{raz2012automatic,
  title={Automatic humor classification on twitter},
  author={Raz, Yishay},
  booktitle={Proceedings of the NAACL HLT 2012 student research workshop},
  pages={66--70},
  year={2012}
}

@inproceedings{pennington2014glove,
  title={Glove: Global vectors for word representation},
  author={Pennington, Jeffrey and Socher, Richard and Manning, Christopher D},
  booktitle={Proceedings of the 2014 conference on empirical methods in natural language processing (EMNLP)},
  pages={1532--1543},
  year={2014}
}

@inproceedings{kim-2014-convolutional,
    title = "Convolutional Neural Networks for Sentence Classification",
    author = "Kim, Yoon",
    booktitle = "Proceedings of the 2014 Conference on Empirical Methods in Natural Language Processing ({EMNLP})",
    year = "2014",
    address = "Doha, Qatar",
    pages = "1746--1751",
}

@inproceedings{kingma2015adam,
  title={Adam: A method for stochastic optimization 3rd International Conference on Learning Representations},
  author={Kingma, Diederik P and Ba, JL},
  booktitle={ICLR 2015-Conference Track Proceedings},
  volume={1},
  year={2015}
}

@inproceedings{yang2015humor,
  title={Humor recognition and humor anchor extraction},
  author={Yang, Diyi and Lavie, Alon and Dyer, Chris and Hovy, Eduard},
  booktitle={Proceedings of the 2015 conference on empirical methods in natural language processing},
  pages={2367--2376},
  year={2015}
}

@inproceedings{castro2016joke,
  title={Is this a joke? detecting humor in spanish tweets},
  author={Castro, Santiago and Cubero, Mat{\'\i}as and Garat, Diego and Moncecchi, Guillermo},
  booktitle={Advances in Artificial Intelligence-IBERAMIA 2016: 15th Ibero-American Conference on AI, San Jos{\'e}, Costa Rica, November 23-25, 2016, Proceedings 15},
  pages={139--150},
  year={2016},
  organization={Springer}
}

@inproceedings{bertero2016long,
  title={A long short-term memory framework for predicting humor in dialogues},
  author={Bertero, Dario and Fung, Pascale},
  booktitle={Proceedings of the 2016 Conference of the North American Chapter of the Association for Computational Linguistics: Human Language Technologies},
  pages={130--135},
  year={2016}
}

@article{kao2016computational,
  title={A computational model of linguistic humor in puns},
  author={Kao, Justine T and Levy, Roger and Goodman, Noah D},
  journal={Cognitive science},
  volume={40},
  number={5},
  pages={1270--1285},
  year={2016},
  publisher={Wiley Online Library}
}

@incollection{attardo2017linguistics,
  title={Linguistics and humor theory},
  author={Attardo, Salvatore and Raskin, Victor},
  booktitle={The Routledge handbook of language and humor},
  pages={49--63},
  year={2017},
  publisher={Routledge}
}

@incollection{attardo2017humor,
  title={Humor in language},
  author={Attardo, Salvatore},
  booktitle={Oxford research encyclopedia of linguistics},
  year={2017}
}

@incollection{attardo2017humorandpra,
  title={Humor and pragmatics},
  author={Attardo, Salvatore},
  booktitle={The Routledge handbook of language and humor},
  pages={174--188},
  year={2017},
  publisher={Routledge}
}


@article{vaswani2017attention,
  title={Attention is all you need},
  author={Vaswani, A},
  journal={Advances in Neural Information Processing Systems},
  year={2017}
}

@inproceedings{chen2017predicting,
  title={Predicting audience’s laughter during presentations using convolutional neural network},
  author={Chen, Lei and Lee, Chungmin},
  booktitle={Proceedings of the 12th Workshop on Innovative Use of NLP for Building Educational Applications},
  pages={86--90},
  year={2017}
}

@inproceedings{morales2017identifying,
  title={Identifying humor in reviews using background text sources},
  author={Morales, Alex and Zhai, Chengxiang},
  booktitle={Proceedings of the 2017 Conference on Empirical Methods in Natural Language Processing},
  pages={492--501},
  year={2017}
}

@inproceedings{ortega2018uo,
  title={UO UPV: Deep linguistic humor detection in Spanish social media},
  author={Ortega-Bueno, Reynier and Muniz-Cuza, Carlos E and Pagola, Jos{\'e} E Medina and Rosso, Paolo}
  booktitle    = {Proceedings of the Third Workshop on Evaluation of Human Language
                  Technologies for Iberian Languages (IberEval 2018) co-located with
                  34th Conference of the Spanish Society for Natural Language Processing
                  {(SEPLN} 2018), Sevilla, Spain, September 18th, 2018},
  volume       = {2150},
  pages        = {203--213},
}

@article{radford2018improving,
  title={Improving language understanding by generative pre-training},
  author={Radford, Alec},
  year={2018}
}

@inproceedings{chen2018humor,
  title={Humor recognition using deep learning},
  author={Chen, Peng-Yu and Soo, Von-Wun},
  booktitle={Proceedings of the 2018 conference of the north american chapter of the association for computational linguistics: Human language technologies, volume 2 (short papers)},
  pages={113--117},
  year={2018}
}

@inproceedings{cattle2018recognizing,
  title={Recognizing humour using word associations and humour anchor extraction},
  author={Cattle, Andrew and Ma, Xiaojuan},
  booktitle={Proceedings of the 27th international conference on computational linguistics},
  pages={1849--1858},
  year={2018}
}

@inproceedings{liu2018modeling,
  title={Modeling sentiment association in discourse for humor recognition},
  author={Liu, Lizhen and Zhang, Donghai and Song, Wei},
  booktitle={Proceedings of the 56th Annual Meeting of the Association for Computational Linguistics (Volume 2: Short Papers)},
  pages={586--591},
  year={2018}
}

@inproceedings{diao2018homographic,
  title={Homographic puns recognition based on latent semantic structures},
  author={Diao, Yufeng and Yang, Liang and Zhang, Dongyu and Xu, Linhong and Fan, Xiaochao and Wu, Di and Lin, Hongfei},
  booktitle={Natural Language Processing and Chinese Computing: 6th CCF International Conference, NLPCC 2017, Dalian, China, November 8--12, 2017, Proceedings 6},
  pages={565--576},
  year={2018},
  organization={Springer}
}

@inproceedings{chen2018humor,
  title={Humor recognition using deep learning},
  author={Chen, Peng-Yu and Soo, Von-Wun},
  booktitle={Proceedings of the 2018 conference of the north american chapter of the association for computational linguistics: Human language technologies, volume 2 (short papers)},
  pages={113--117},
  year={2018}
}

@inproceedings{weller2019humor,
  title={Humor Detection: A Transformer Gets the Last Laugh},
  author={Weller, Orion and Seppi, Kevin},
  booktitle={Proceedings of the 2019 Conference on Empirical Methods in Natural Language Processing and the 9th International Joint Conference on Natural Language Processing (EMNLP-IJCNLP)},
  pages={3621--3625},
  year={2019}
}

@article{hasan2019ur,
  title={UR-FUNNY: A multimodal language dataset for understanding humor},
  author={Hasan, Md Kamrul and Rahman, Wasifur and Zadeh, Amir and Zhong, Jianyuan and Tanveer, Md Iftekhar and Morency, Louis-Philippe and others},
  journal={arXiv preprint arXiv:1904.06618},
  year={2019}
}

@inproceedings{kenton2019bert,
  title={Bert: Pre-training of deep bidirectional transformers for language understanding},
  author={Kenton, Jacob Devlin Ming-Wei Chang and Toutanova, Lee Kristina},
  booktitle={Proceedings of naacL-HLT},
  volume={1},
  pages={2},
  year={2019}
}

@article{plessen2020humor,
  title={Humor styles and personality: A systematic review and meta-analysis on the relations between humor styles and the Big Five personality traits},
  author={Plessen, Constantin Y and Franken, Fabian R and Ster, Christoph and Schmid, Rebecca R and Wolfmayr, Christoph and Mayer, Anna-Maria and Sobisch, Marc and Kathofer, Maximilian and Rattner, Katrin and Kotlyar, Elona and others},
  journal={Personality and Individual Differences},
  volume={154},
  pages={109676},
  year={2020},
  publisher={Elsevier}
}

@article{fan2020humor,
  title={Humor detection via an internal and external neural network},
  author={Fan, Xiaochao and Lin, Hongfei and Yang, Liang and Diao, Yufeng and Shen, Chen and Chu, Yonghe and Zou, Yanbo},
  journal={Neurocomputing},
  volume={394},
  pages={105--111},
  year={2020},
  publisher={Elsevier}
}

@article{fan2020phonetics,
  title={Phonetics and ambiguity comprehension gated attention network for humor recognition},
  author={Fan, Xiaochao and Lin, Hongfei and Yang, Liang and Diao, Yufeng and Shen, Chen and Chu, Yonghe and Zhang, Tongxuan},
  journal={Complexity},
  volume={2020},
  number={1},
  pages={2509018},
  year={2020},
  publisher={Wiley Online Library}
}

@inproceedings{zhou2020boating,
  title={“The Boating Store Had Its Best Sail Ever”: Pronunciation-attentive Contextualized Pun Recognition},
  author={Zhou, Yichao and Jiang, Jyun-Yu and Zhao, Jieyu and Chang, Kai-Wei and Wang, Wei},
  booktitle={Proceedings of the 58th Annual Meeting of the Association for Computational Linguistics},
  pages={813--822},
  year={2020}
}

@article{ren2021abml,
  title={ABML: attention-based multi-task learning for jointly humor recognition and pun detection},
  author={Ren, Lu and Xu, Bo and Lin, Hongfei and Yang, Liang},
  journal={Soft Computing},
  volume={25},
  number={22},
  pages={14109--14118},
  year={2021},
  publisher={Springer}
}

@inproceedings{xie2021uncertainty,
  title={Uncertainty and Surprisal Jointly Deliver the Punchline: Exploiting Incongruity-Based Features for Humor Recognition},
  author={Xie, Yubo and Li, Junze and Pu, Pearl},
  booktitle={Proceedings of the 59th Annual Meeting of the Association for Computational Linguistics and the 11th International Joint Conference on Natural Language Processing (Volume 2: Short Papers)},
  pages={33--39},
  year={2021}
}

@inproceedings{zhang2021ma,
  title={Ma-bert: Learning representation by incorporating multi-attribute knowledge in transformers},
  author={Zhang, You and Wang, Jin and Yu, Liang-Chih and Zhang, Xuejie},
  booktitle={Findings of the Association for Computational Linguistics: ACL-IJCNLP 2021},
  pages={2338--2343},
  year={2021}
}

@article{ren2022attention,
  title={An attention network via pronunciation, lexicon and syntax for humor recognition},
  author={Ren, Lu and Xu, Bo and Lin, Hongfei and Zhang, Jinhui and Yang, Liang},
  journal={Applied Intelligence},
  volume={52},
  number={3},
  pages={2690--2702},
  year={2022},
  publisher={Springer}
}

@inproceedings{baranov2023you,
  title={You told me that joke twice: A systematic investigation of transferability and robustness of humor detection models},
  author={Baranov, Alexander and Kniazhevsky, Vladimir and Braslavski, Pavel},
  booktitle={Proceedings of the 2023 Conference on Empirical Methods in Natural Language Processing},
  pages={13701--13715},
  year={2023}
}

@inproceedings{lyu2023exploiting,
  title={Exploiting rich textual user-product context for improving personalized sentiment analysis},
  author={Lyu, Chenyang and Yang, Linyi and Zhang, Yue and Graham, Yvette and Foster, Jennifer},
  year={2023},
  organization={Association for Computational Linguistics (ACL)}
}

@article{annamoradnejad2024colbert,
  title={ColBERT: Using BERT sentence embedding in parallel neural networks for computational humor},
  author={Annamoradnejad, Issa and Zoghi, Gohar},
  journal={Expert Systems with Applications},
  volume={249},
  pages={123685},
  year={2024},
  publisher={Elsevier}
}

@inproceedings{zeng2024leveraging,
  title={Leveraging Social Context for Humor Recognition and Sense of Humor Evaluation in Social Media with a New Chinese Humor Corpus-HumorWB},
  author={Zeng, Zeyuan and Li, Zefeng and Yang, Liang and Lin, Hongfei},
  booktitle={Proceedings of the 2024 Joint International Conference on Computational Linguistics, Language Resources and Evaluation (LREC-COLING 2024)},
  pages={10393--10402},
  year={2024}
}

@inproceedings{yang2015humor,
  title={Humor recognition and humor anchor extraction},
  author={Yang, Diyi and Lavie, Alon and Dyer, Chris and Hovy, Eduard},
  booktitle={Proceedings of the 2015 conference on empirical methods in natural language processing},
  pages={2367--2376},
  year={2015}
}

@inproceedings{yang2021choral,
  title={CHoRaL: Collecting humor reaction labels from millions of social media users},
  author={Yang, Zixiaofan and Hooshmand, Shayan and Hirschberg, Julia},
  booktitle={Proceedings of the 2021 Conference on Empirical Methods in Natural Language Processing},
  pages={4429--4435},
  year={2021}
}

@inproceedings{weller2020rjokes,
  title={The rJokes dataset: a large scale humor collection},
  author={Weller, Orion and Seppi, Kevin},
  booktitle={Proceedings of the Twelfth Language Resources and Evaluation Conference},
  pages={6136--6141},
  year={2020}
}

@inproceedings{zhu2024integrating,
  title={Integrating Multi-view Analysis: Multi-view Mixture-of-Expert for Textual Personality Detection},
  author={Zhu, Haohao and Zhang, Xiaokun and Lu, Junyu and Yang, Liang and Lin, Hongfei},
  booktitle={CCF International Conference on Natural Language Processing and Chinese Computing},
  pages={359--371},
  year={2024},
  organization={Springer}
}

@article{zhu2024enhancing,
  title={Enhancing Textual Personality Detection toward Social Media: Integrating Long-term and Short-term Perspectives},
  author={Zhu, Haohao and Zhang, Xiaokun and Lu, Junyu and Wu, Youlin and Bai, Zewen and Min, Changrong and Yang, Liang and Xu, Bo and Zhang, Dongyu and Lin, Hongfei},
  journal={arXiv preprint arXiv:2404.15067},
  year={2024}
}