@article{conti2021_survey_ics_testbeds_datasets,
author={Conti, Mauro and Donadel, Denis and Turrin, Federico},
journal={IEEE Communications Surveys \& Tutorials}, 
title={A Survey on Industrial Control System Testbeds and Datasets for Security Research}, 
year={2021},
volume={23},
number={4},
pages={2248-2294},
doi={10.1109/COMST.2021.3094360}
}

@article{ferrah2020_deep_learning_ids,
title = {Deep learning for cyber security intrusion detection: Approaches, datasets, and comparative study},
author = {Mohamed Amine Ferrag and Leandros Maglaras and Sotiris Moschoyiannis and Helge Janicke},
journal = {Journal of Information Security and Applications},
volume = {50},
pages = {102419},
year = {2020},
issn = {2214-2126},
doi = {10.1016/j.jisa.2019.102419},
_url = {https://www.sciencedirect.com/science/article/pii/S2214212619305046},
}

@article{gumusbas2021_survey_db_dl_cybersec_ids,
title={A Comprehensive Survey of Databases and Deep Learning Methods for Cybersecurity and Intrusion Detection Systems}, 
author={G\"{u}m\"{u}\c{s}ba\c{s}, Dilara and Yıldırım, Tulay and Genovese, Angelo and Scotti, Fabio},
journal={IEEE Systems Journal}, 
year={2021},
volume={15},
number={2},
pages={1717-1731},
doi={10.1109/JSYST.2020.2992966}
}

@article{hindy2020_network_threats_taxonomy,
title={{A Taxonomy of Network Threats and the Effect of Current Datasets on Intrusion Detection Systems}},
author={Hindy, Hanan and Brosset, David and Bayne, Ethan and Seeam, Amar Kumar and Tachtatzis, Christos and Atkinson, Robert and Bellekens, Xavier},
year={2020},
month=jun,
journal= {IEEE Access},
volume={8},
number={},
pages={104650-104675},
doi={10.1109/ACCESS.2020.3000179},
}

@article{kaur2023_iot_security_dataset_evolution,
title = {Internet of Things (IoT) security dataset evolution: Challenges and future directions},
author = {Barjinder Kaur and Sajjad Dadkhah and Farzaneh Shoeleh and Euclides Carlos Pinto Neto and Pulei Xiong and Shahrear Iqbal and Philippe Lamontagne and Suprio Ray and Ali A. Ghorbani},
journal = {Internet of Things},
volume = {22},
pages = {100780},
year = {2023},
issn = {2542-6605},
doi = {10.1016/j.iot.2023.100780},
_url = {https://www.sciencedirect.com/science/article/pii/S2542660523001038},
}

@article{keersmaeker2023_survey_public_iot_datasets,
title={A Survey of Public IoT Datasets for Network Security Research},  
author={De Keersmaeker, François and Cao, Yinan and Ndonda, Gorby Kabasele and Sadre, Ramin},
journal={IEEE Communications Surveys \& Tutorials},
year={2023},
volume={25},
number={3},
pages={1808-1840},
doi={10.1109/COMST.2023.3288942}
}

@article{kenyon2020_public_ids_datasets_fit,
title = {Are public intrusion datasets fit for purpose characterising the state of the art in intrusion event datasets},
author = {A. Kenyon and L. Deka and D. Elizondo},
journal = {Computers \& Security},
volume = {99},
pages = {102022},
year = {2020},
issn = {0167-4048},
doi = {10.1016/j.cose.2020.102022},
_url = {https://www.sciencedirect.com/science/article/pii/S0167404820302959},
}

@article{koay2023_ml_ics_landscape,
title={Machine learning in industrial control system (ICS) security: current landscape, opportunities and challenges},
author={Koay, Abigail M. Y. and Ko, Ryan K. L. and Hettema, Hinne and Radke, Kenneth},
journal={Journal of Intelligent Information Systems},
year={2023},
month={Apr},
day={01},
volume={60},
number={2},
pages={377-405},
issn={1573-7675},
doi={10.1007/s10844-022-00753-1},
_url={https://doi.org/10.1007/s10844-022-00753-1}
}

@article{molinacoronado2020_survey_nids_kdd,
title={Survey of Network Intrusion Detection Methods From the Perspective of the Knowledge Discovery in Databases Process}, 
author={Molina-Coronado, Borja and Mori, Usue and Mendiburu, Alexander and Miguel-Alonso, Jose},
journal={IEEE Transactions on Network and Service Management}, 
year={2020},
volume={17},
number={4},
pages={2451-2479},
doi={10.1109/TNSM.2020.3016246}
}

@article{ring2019_nids_datasets_survey,
title={{A survey of network-based intrusion detection data sets}},
author={Markus Ring and Sarah Wunderlich and Deniz Scheuring and Dieter Landes and Andreas Hotho},
journal={Computers \& Security},
volume={86},
pages={147-167},
year={2019},
issn={0167-4048},
doi={10.1016/j.cose.2019.06.005},
}

@article{thakkar2022_ids_survey,
title={A survey on intrusion detection system: feature selection, model, performance measures, application perspective, challenges, and future research directions},
author={Thakkar, Ankit and Lohiya, Ritika},
journal={Artificial Intelligence Review},
year={2022},
month={Jan},
day={01},
volume={55},
number={1},
pages={453-563},
issn={1573-7462},
doi={10.1007/s10462-021-10037-9}
}

@article{yang2022_slr_anids,
title = {A systematic literature review of methods and datasets for anomaly-based network intrusion detection},
author = {Zhen Yang and Xiaodong Liu and Tong Li and Di Wu and Jinjiang Wang and Yunwei Zhao and Han Han},
journal = {Computers \& Security},
volume = {116},
pages = {102675},
year = {2022},
month = may,
issn = {0167-4048},
doi = {10.1016/j.cose.2022.102675},
}

