
@article{dewdney1989_comp_recreations,
 title = {Computer Recreations},
 author = {A. K. Dewdney},
 year = {1989},
 issn = {00368733, 19467087},
 _url = {http://www.jstor.org/stable/24987184},
 note = {{Available at: \url{http://www.jstor.org/stable/24987184}}},
 journal = {Scientific American},
 number = {3},
 pages = {110--113},
 publisher = {Scientific American, a division of Nature America, Inc.},
 volume = {260},
}

@misc{esentire_cybercrime_2024_report,
    title = {Cybercrime To Cost The World \$9.5 Trillion USD Annually In 2024},
    author = {eSentire},
    note = {{Tech. report. Accessed 2024-10-13. Available at: \url{https://www.esentire.com/web-native-pages/cybercrime-to-cost-the-world-9-5-trillion-usd-annually-in-2024}}},
    year = {2023},
    _url = {https://www.esentire.com/web-native-pages/cybercrime-to-cost-the-world-9-5-trillion-usd-annually-in-2024},
}

@article{papaioannou2020_survey_threats_iomt,
author = {Papaioannou, Maria and Karageorgou, Marina and Mantas, Georgios and Sucasas, Victor and Essop, Ismael and Rodriguez, Jonathan and Lymberopoulos, Dimitrios},
title = {A Survey on Security Threats and Countermeasures in Internet of Medical Things (IoMT)},
journal = {Transactions on Emerging Telecommunications Technologies},
volume = {33},
number = {6},
pages = {e4049},
doi = {10.1002/ett.4049},
year = {2022}
}

@inproceedings{apruzzese2023_sok_pragmatic,
author = {G. Apruzzese and P. Laskov and J. Schneider},
booktitle = {2023 IEEE 8th European Symposium on Security and Privacy (Euro\&P)},
title = {SoK: Pragmatic Assessment of Machine Learning for Network Intrusion Detection},
year = {2023},
volume = {},
issn = {},
pages = {592-614},
doi = {10.1109/EuroSP57164.2023.00042},
publisher = {IEEE Computer Society},
address = {Los Alamitos, CA, USA},
month = {jul}
}

@article{mukherjee1994_nids,
title={Network intrusion detection},
author={Mukherjee, B. and Heberlein, L.T. and Levitt, K.N.},
journal={IEEE Network},
year={1994},
month=jun,
volume={8},
number={3},
pages={26-41},
doi={10.1109/65.283931}
}

@article{buczak2016_dm_ml_ids,
author = {Buczak, Anna L. and Guven, Erhan},
journal = {IEEE Communications Surveys \& Tutorials},
title = {{A Survey of Data Mining and Machine Learning Methods for Cyber Security Intrusion Detection}},
year = {2016},
volume = {18},
number = {2},
pages = {1153-1176},
doi = {10.1109/COMST.2015.2494502}
}

@article{boutaba2018_ml_networking_survey,
author={Boutaba, Raouf and Salahuddin, Mohammad A. and Limam, Noura and Ayoubi, Sara and Shahriar, Nashid and Estrada-Solano, Felipe and Caicedo, Oscar M.},
title={A comprehensive survey on machine learning for networking: evolution, applications and research opportunities},
journal={Journal of Internet Services and Applications},
year={2018},
month={Jun},
day={21},
volume={9},
number={1},
pages={16},
issn={1869-0238},
doi={10.1186/s13174-018-0087-2},
}

@article{thakkar2021_review_ml_ids_iot,
title={A Review on Machine Learning and Deep Learning Perspectives of IDS for IoT: Recent Updates, Security Issues, and Challenges},
author={Thakkar, Ankit and Lohiya, Ritika},
journal={Archives of Computational Methods in Engineering},
year={2021},
month=jun,
volume={28},
number={4},
pages={3211-3243},
issn={1886-1784},
doi={10.1007/s11831-020-09496-0},
}


@article{lata2022_ids_cloud_survey,
title = {Intrusion detection system in cloud environment: Literature survey \& future research directions},
author = {Suman Lata and Dheerendra Singh},
journal = {International Journal of Information Management Data Insights},
volume = {2},
number = {2},
pages = {100134},
year = {2022},
issn = {2667-0968},
doi = {https://doi.org/10.1016/j.jjimei.2022.100134},
}

@article{rajapaksha2023_aibased_invehicle_ids_survey,
title = {AI-Based Intrusion Detection Systems for In-Vehicle Networks: A Survey},
author = {Rajapaksha, Sampath and Kalutarage, Harsha and Al-Kadri, M. Omar and Petrovski, Andrei and Madzudzo, Garikayi and Cheah, Madeline},
year = {2023},
publisher = {Association for Computing Machinery},
address = {New York, NY, USA},
volume = {55},
number = {11},
issn = {0360-0300},
url = {https://doi.org/10.1145/3570954},
doi = {10.1145/3570954},
journal = {ACM Computing Surveys},
month = {feb},
articleno = {237},
numpages = {40},
}

@inproceedings{abt2014_are_we_missing_labels,
title={Are We Missing Labels? A Study of the Availability of Ground-Truth in Network Security Research}, 
author={Abt, Sebastian and Baier, Harald},
booktitle={2014 Third International Workshop on Building Analysis Datasets and Gathering Experience Returns for Security (BADGERS)}, 
year={2014},
volume={},
number={},
pages={40-55},
doi={10.1109/BADGERS.2014.11}
}

@inproceedings{malowidzki2015_network,
  title={Network intrusion detection: Half a kingdom for a good dataset},
  author={Ma{\l}owidzki, Marek and Berezinski, P and Mazur, Micha{\l}},
  booktitle={Proceedings of NATO STO SAS-139 Workshop, Portugal},
  pages = {1 -- 6},
  year={2015}
}

@article{silva2022_netsec_datasets_bias,
author={Silva, Jo{\~a}o Vitor V. and de Oliveira, Nicollas R. and Medeiros, Dianne S. V. and Lopez, Martin Andreoni and Mattos, Diogo M. F.},
title={A statistical analysis of intrinsic bias of network security datasets for training machine learning mechanisms},
journal={Annals of Telecommunications},
year={2022},
month={Aug},
day={01},
volume={77},
number={7},
pages={555-571},
issn={1958-9395},
doi={10.1007/s12243-021-00904-5},
}

@inproceedings{sommer2010_sok_outside,
author={Sommer, Robin and Paxson, Vern},
booktitle={2010 IEEE Symposium on Security and Privacy}, 
title={Outside the Closed World: On Using Machine Learning for Network Intrusion Detection}, 
year={2010},
volume={},
number={},
pages={305-316},
doi={10.1109/SP.2010.25}
}

@article{apruzzese2023_role_of_ml_cybersec,
title = {The Role of Machine Learning in Cybersecurity},
author = {Apruzzese, Giovanni and Laskov, Pavel and Montes de Oca, Edgardo and Mallouli, Wissam and Brdalo Rapa, Luis and Grammatopoulos, Athanasios Vasileios and Di Franco, Fabio},
year = {2023},
journal = {Digital Threats: Research and Practice},
publisher = {Association for Computing Machinery},
address = {New York, NY, USA},
volume = {4},
number = {1},
doi = {10.1145/3545574},
month = {mar},
numpages = {38},
}

@inproceedings{alahmadi2022_99fp_study_soc_alarms,
author = {Bushra A. Alahmadi and Louise Axon and Ivan Martinovic},
title = {99\% False Positives: A Qualitative Study of {SOC} Analysts{\textquoteright} Perspectives on Security Alarms},
booktitle = {31st USENIX Security Symposium (USENIX Security 22)},
year = {2022},
isbn = {978-1-939133-31-1},
address = {Boston, MA},
pages = {2783--2800},
_url = {https://www.usenix.org/conference/usenixsecurity22/presentation/alahmadi},
publisher = {USENIX Association},
month = aug
}

@inproceedings{dundar2007_learning_classifiers_noniid,
title = {Learning classifiers when the training data is not IID},
author = {Dundar, Murat and Krishnapuram, Balaji and Bi, Jinbo and Rao, R. Bharat},
year = {2007},
publisher = {Morgan Kaufmann Publishers Inc.},
address = {San Francisco, CA, USA},
booktitle = {Proceedings of the 20th International Joint Conference on Artifical Intelligence},
pages = {756–761},
numpages = {6},
location = {Hyderabad, India},
series = {IJCAI'07}
}

@inproceedings{haffey2018_modeling_analysis_campus_edge,
  title={Modeling, Analysis, and Characterization of Periodic Traffic on a Campus Edge Network}, 
  author={Haffey, Mackenzie and Arlitt, Martin and Williamson, Carey},
  booktitle={2018 IEEE 26th International Symposium on Modeling, Analysis, and Simulation of Computer and Telecommunication Systems (MASCOTS)}, 
  year={2018},
  volume={},
  number={},
  pages={170-182},
  doi={10.1109/MASCOTS.2018.00025}
}

@article{he2023_adversarial_ml_nids_survey,
title={Adversarial Machine Learning for Network Intrusion Detection Systems: A Comprehensive Survey}, 
author={He, Ke and Kim, Dan Dongseong and Asghar, Muhammad Rizwan},
journal={IEEE Communications Surveys \& Tutorials}, 
year={2023},
volume={25},
number={1},
pages={538-566},
doi={10.1109/COMST.2022.3233793}
}

@inproceedings{axelsson1999_base_rate_fallacy_ids,
title={{The base-rate fallacy and its implications for the difficulty of intrusion detection}},
author={Axelsson, Stefan},
year={1999},
booktitle={Proceedings of the 6th ACM conference on Computer and communications security -- CCS ’99},
pages={1–7},
publisher={ACM Press},
address={Kent Ridge Digital Labs, Singapore},
isbn={978-1-58113-148-2}, 
doi={10.1145/319709.319710},
}

@inproceedings{apruzzese2022_sok_unlabeled_data,
title = {SoK: The Impact of Unlabelled Data in Cyberthreat Detection},
author = {G. Apruzzese and P. Laskov and A. Tastemirova},
booktitle = {2022 IEEE 7th European Symposium on Security and Privacy (EuroS\&P)},
year = {2022},
volume = {},
issn = {},
pages = {20-42},
doi = {10.1109/EuroSP53844.2022.00010},
publisher = {IEEE Computer Society},
month = {jun}
}

@book{law2011_human_computation,
author = {Law, Edith and von Ahn, Luis},
title = {Human Computation},
year = {2011},
isbn = {1608455165},
publisher = {Morgan \& Claypool Publishers},
doi = {10.2200/S00371ED1V01Y201107AIM013},
edition = {1st},
}

@article{shorten2019_surv_image_data_augmentation,
title={A survey on Image Data Augmentation for Deep Learning},
author={Shorten, Connor and Khoshgoftaar, Taghi M.},
journal={Journal of Big Data},
year={2019},
month={Jul},
volume={6},
number={1},
pages={60},
issn={2196-1115},
doi={10.1186/s40537-019-0197-0},
}

@inproceedings{charlton2018_measuring_relative_accuracy,
  author={Charlton, John and Du, Pang and Cho, Jin-Hee and Xu, Shouhuai},
  booktitle={MILCOM 2018 - 2018 IEEE Military Communications Conference (MILCOM)}, 
  title={Measuring Relative Accuracy of Malware Detectors in the Absence of Ground Truth}, 
  year={2018},
  volume={},
  number={},
  pages={450-455},
  doi={10.1109/MILCOM.2018.8599730}
}

@article{zhang2016_learning_from_crowdsourced,
title={Learning from crowdsourced labeled data: a survey},
author={Zhang, Jing and Wu, Xindong and Sheng, Victor S.},
journal={Artificial Intelligence Review},
year={2016},
month={Dec},
volume={46},
number={4},
pages={543-576},
issn={1573-7462},
doi={10.1007/s10462-016-9491-9},
}

@inproceedings{coull2009_anon_net_data_challenges,
  title={The Challenges of Effectively Anonymizing Network Data}, 
  author={Coull, Scott E. and Monrose, Fabian and Reiter, Michael K. and Bailey, Michael},
  booktitle={2009 Cybersecurity Applications \& Technology Conference for Homeland Security}, 
  year={2009},
  volume={},
  number={},
  pages={230-236},
  doi={10.1109/CATCH.2009.27}
}

@techreport{settles2009_active_learning_survey,
title={{Active Learning Literature Survey}},
author={Settles, Burr},
year={2009},
month=jan,
number={1648},
institution={Department of Computer Sciences, University of Wisconsin-Madison},
address={Madison, Wisconsin, US},
note={{Available at: \url{http://digital.library.wisc.edu/1793/60660}}},
}

@article{parisi2019_lifelong_learning_review,
title = {Continual lifelong learning with neural networks: A review},
author = {German I. Parisi and Ronald Kemker and Jose L. Part and Christopher Kanan and Stefan Wermter},
journal = {Neural Networks},
volume = {113},
pages = {54-71},
year = {2019},
issn = {0893-6080},
doi = {10.1016/j.neunet.2019.01.012},
}

@ARTICLE{masana2023_class_incremental_learning,
  title={Class-Incremental Learning: Survey and Performance Evaluation on Image Classification}, 
  author={Masana, Marc and Liu, Xialei and Twardowski, Bartłomiej and Menta, Mikel and Bagdanov, Andrew D. and van de Weijer, Joost},
  journal={IEEE Transactions on Pattern Analysis and Machine Intelligence}, 
  year={2023},
  volume={45},
  number={5},
  pages={5513-5533},
  doi={10.1109/TPAMI.2022.3213473}
}

@article{catillo2021_demystifying_public_ids_data,
title = {Demystifying the role of public intrusion datasets: A replication study of DoS network traffic data},
author = {Marta Catillo and Antonio Pecchia and Massimiliano Rak and Umberto Villano},
journal = {Computers \& Security},
volume = {108},
pages = {102341},
year = {2021},
issn = {0167-4048},
doi = {10.1016/j.cose.2021.102341},
}

@article{meng2018_enhancing_trust_wids_sampling,
  title={Enhancing Trust Management for Wireless Intrusion Detection via Traffic Sampling in the Era of Big Data}, 
  author={Meng, Weizhi and Li, Wenjuan and Su, Chunhua and Zhou, Jianying and Lu, Rongxing},
  journal={IEEE Access}, 
  year={2018},
  volume={6},
  number={},
  pages={7234-7243},
  doi={10.1109/ACCESS.2017.2772294}
}

@article{silva2017_inside_packet_sampling,
title = {Inside packet sampling techniques: exploring modularity to enhance network measurements},
author = {Silva, João Marco C. and Carvalho, Paulo and Lima, Solange Rito},
year = {2017},
journal = {International Journal of Communication Systems},
volume = {30},
number = {6},
pages = {e3135},
doi = {10.1002/dac.3135},
}

@article{thabtah2020_data_imbalance,
title = {Data imbalance in classification: Experimental evaluation},
author = {Fadi Thabtah and Suhel Hammoud and Firuz Kamalov and Amanda Gonsalves},
journal = {Information Sciences},
volume = {513},
pages = {429-441},
year = {2020},
issn = {0020-0255},
doi = {10.1016/j.ins.2019.11.004},
}

@inproceedings{pendlebury2019_tesseract,
title={TESSERACT: Eliminating experimental bias in malware classification across space and time},
author={Pendlebury, Feargus and Pierazzi, Fabio and Jordaney, Roberto and Kinder, Johannes and Cavallaro, Lorenzo and others},
booktitle={Proceedings of the 28th USENIX Security Symposium},
pages={729--746},
year={2019},
organization={USENIX Association}
}

@article{bagui2021_resampling_imbalanced_nids_data,
title={Resampling imbalanced data for network intrusion detection datasets},
author={Bagui, Sikha and Li, Kunqi},
journal={Journal of Big Data},
year={2021},
month={Jan},
day={06},
volume={8},
number={1},
pages={6},
issn={2196-1115},
doi={10.1186/s40537-020-00390-x},
}

@inproceedings{arp2022_dos_donts_ml_security,
author={Daniel Arp and Erwin Quiring and Feargus Pendlebury and Alexander Warnecke and Fabio Pierazzi and Christian Wressnegger and Lorenzo Cavallaro and Konrad Rieck},
editor={Kevin R. B. Butler and Kurt Thomas},
title={Dos and Don'ts of Machine Learning in Computer Security},
booktitle={31st {USENIX} Security Symposium, {USENIX} Security 2022, Boston, MA, USA, August 10-12, 2022},
pages={3971--3988},
publisher={{USENIX} Association},
year={2022},
isbn={978-1-939133-31-1},
}

@techreport{kitchenhamm2007_guidelines_slr,
title = {Guidelines for performing Systematic Literature Reviews in Software Engineering},
author = {Kitchenham, Barbara and Charters, Stuart},
year = {2007},
month = {01},
institution = {Software Engineering Group, School of Computer Science and Mathematics, Keele University},
address = {ST5 5BG, Keele, UK}
}

@article{yang2021_qa_slr,
title = {Quality Assessment in Systematic Literature Reviews: A Software Engineering Perspective},
author = {Lanxin Yang and He Zhang and Haifeng Shen and Xin Huang and Xin Zhou and Guoping Rong and Dong Shao},
journal = {Information and Software Technology},
volume = {130},
pages = {106397},
year = {2021},
issn = {0950-5849},
doi = {10.1016/j.infsof.2020.106397}
}

@misc{ntop_nprobe,
    title = {nProbe™ -- An Extensible NetFlow v5/v9/IPFIX Probe for IPv4/v6},
    author = {Ntop},
    year = {2023},
    note = {[Online]. Accessed 2024-03-12. Available at: \url{https://www.ntop.org/products/netflow/nprobe/}},
}

@article{aouini2022_nfstream,
  title = {NFStream: A flexible network data analysis framework},
  author = {Aouini, Zied and Pekar, Adrian},
  doi = {10.1016/j.comnet.2021.108719},
  issn = {1389-1286},
  journal = {Computer Networks},
  pages = {108719},
  year = {2022},
  publisher = {Elsevier},
  volume = {204},
  _url = {https://www.sciencedirect.com/science/article/pii/S1389128621005739}
}

@article{hindy2020_network_threats_taxonomy,
title={{A Taxonomy of Network Threats and the Effect of Current Datasets on Intrusion Detection Systems}},
author={Hindy, Hanan and Brosset, David and Bayne, Ethan and Seeam, Amar Kumar and Tachtatzis, Christos and Atkinson, Robert and Bellekens, Xavier},
year={2020},
month=jun,
journal= {IEEE Access},
volume={8},
number={},
pages={104650-104675},
doi={10.1109/ACCESS.2020.3000179},
}

@inbook{riley2010_ns3,
author="Riley, George F. and Henderson, Thomas R.",
title="The ns-3 Network Simulator",
bookTitle="Modeling and Tools for Network Simulation",
year="2010",
publisher="Springer Berlin Heidelberg",
address="Berlin, Heidelberg",
pages="15--34",
isbn="978-3-642-12331-3",
chapter="2",
doi="10.1007/978-3-642-12331-3_2",
}

@inproceedings{lantz2010_mininet,
title = {A network in a laptop: rapid prototyping for software-defined networks},
author = {Lantz, Bob and Heller, Brandon and McKeown, Nick},
year = {2010},
isbn = {9781450304092},
publisher = {Association for Computing Machinery},
address = {New York, NY, USA},
doi = {10.1145/1868447.1868466},
booktitle = {Proceedings of the 9th ACM SIGCOMM Workshop on Hot Topics in Networks},
articleno = {19},
numpages = {6},
location = {Monterey, California},
series = {Hotnets-IX},
pages = {1 -- 6}
}


@inproceedings{ari2003_flash_crowds,
title={Managing flash crowds on the Internet}, 
author={Ari, I. and Hong, B. and Miller, E.L. and Brandt, S.A. and Long, D.D.E.},
booktitle={11th IEEE/ACM International Symposium on Modeling, Analysis and Simulation of Computer Telecommunications Systems, 2003. MASCOTS 2003.}, 
year={2003},
volume={},
number={},
pages={246-249},
doi={10.1109/MASCOT.2003.1240667}
}

@misc{chou2020_datadriven_nids,
title={Data-Driven Network Intrusion Detection: A Taxonomy of Challenges and Methods}, 
author={Dylan Chou and Meng Jiang},
year={2020},
doi={10.48550/arXiv.2009.07352},
note={arXiv cs.CR},
_url={https://arxiv.org/abs/2009.07352}, 
}

@misc{kali_linux,
    title = {Kali Linux -- The most advanced Penetration Testing Distribution},
    _url = {https://www.kali.org/},
    note = {Accessed 2024-11-25. Available at: \url{{https://www.kali.org/}}},
    year = {2013},
}

@article{brar2018_cybercrimes_taxonomy,
title={{Cybercrimes: A Proposed Taxonomy and Challenges}},
author={Brar, Harmandeep Singh and Kumar, Gulshan},
journal={Journal of Computer Networks and Communications},
year={2018},
month=apr,
publisher={Hindawi},
volume={2018},
issn={2090-7141},
doi={10.1155/2018/1798659}
}


@inproceedings{mazel2014_taxonomy_net_anomalies,
author={Mazel, Johan and Fontugne, Romain and Fukuda, Kensuke},
booktitle={2014 International Wireless Communications and Mobile Computing Conference (IWCMC)}, 
title={A taxonomy of anomalies in backbone network traffic}, 
year={2014},
volume={},
number={},
pages={30-36},
doi={10.1109/IWCMC.2014.6906328}
}

@techreport{simmons2009_avoidit,
title = {{AVOIDIT: A cyber attack taxonomy}},
author = {Simmons, Chris and Ellis, Charles and Shiva, Sajjan and Dasgupta, Dipankar and Wu, Qishi},
year = 2009,
institution = {University of Memphis},
address = {Memphis, TN, USA}
}


@article{hansman2005_network_computers_attack_taxonomy,
title={{A taxonomy of network and computer attacks}},
author={Simon Hansman and Ray Hunt},
year={2005},
month= feb,
journal={Computers \& Security},
volume={24},
number={1},
pages={31-43},
issn={0167-4048},
doi={10.1016/j.cose.2004.06.011},
}

@phdthesis{kendall1999_database_attacks,
title={A Database of Computer Attacks for the Evaluation of Intrusion Detection Systems},
author={Kendall, Kristopher},
year={1999},
month=jun,
school={Massachusetts Institute of Technology}
}

@article{zhou2018_survey_network_data_collection,
title = {A survey on network data collection},
author = {Donghao Zhou and Zheng Yan and Yulong Fu and Zhen Yao},
journal = {Journal of Network and Computer Applications},
volume = {116},
pages = {9-23},
year = {2018},
issn = {1084-8045},
doi = {10.1016/j.jnca.2018.05.004},
_url = {https://www.sciencedirect.com/science/article/pii/S1084804518301607},
}

@article{finsterbusch2014_payload_based_classification_survey,
title={A Survey of Payload-Based Traffic Classification Approaches},   
author={Finsterbusch, Michael and Richter, Chris and Rocha, Eduardo and Muller, Jean-Alexander and Hanssgen, Klaus},
journal={IEEE Communications Surveys \& Tutorials},  
year={2014},
volume={16},
number={2},
pages={1135-1156},
doi={10.1109/SURV.2013.100613.00161}
}

@article{umer2017_flowbased_ids_techniques,
title = {Flow-based intrusion detection: Techniques and challenges},
author = {Muhammad Fahad Umer and Muhammad Sher and Yaxin Bi},
journal = {Computers \& Security},
volume = {70},
pages = {238-254},
year = {2017},
issn = {0167-4048},
doi = {10.1016/j.cose.2017.05.009},
_url = {https://www.sciencedirect.com/science/article/pii/S0167404817301165},
}

@article{sperotto2010_flow_based_ids,
title={{An Overview of IP Flow-Based Intrusion Detection}},
author={Sperotto, Anna and Schaffrath, Gregor and Sadre, Ramin and Morariu, Cristian and Pras, Aiko and Stiller, Burkhard},
year={2010},
month=apr,
journal={IEEE Communications Surveys \& Tutorials},
number={3},
volume={12},
pages={343–356},
doi={10.1109/SURV.2010.032210.00054},
}

@misc{claise2004_rfc3954_netflow,
title = {{Cisco Systems NetFlow Services Export Version 9}},
author = {Beno\^{i}t Claise},
series = {Request for Comments},
number = 3954,
howpublished = {RFC 3954},
publisher = {RFC Editor},
doi = {10.17487/RFC3954},
_url = {https://www.rfc-editor.org/info/rfc3954},
pagetotal = 33,
year = 2004,
month = oct,
}

@article{vormayr2020_why_are_my_flows_different,
  title={Why are My Flows Different? A Tutorial on Flow Exporters}, 
  author={Vormayr, Gernot and Fabini, Joachim and Zseby, Tanja},
  journal={IEEE Communications Surveys \& Tutorials}, 
  year={2020},
  volume={22},
  number={3},
  pages={2064-2103},
  doi={10.1109/COMST.2020.2989695}
}

@inproceedings{inacio2010_yaf,
title = {YAF: yet another flowmeter},
author = {Inacio, Christopher M. and Trammell, Brian},
year = {2010},
publisher = {USENIX Association},
address = {USA},
booktitle = {Proceedings of the 24th International Conference on Large Installation System Administration},
pages = {1–16},
numpages = {16},
location = {San Jose, CA},
series = {LISA'10}
}

@misc{qosient_argus,
    title = {Argus},
    author = {{Qosient, LLC.}},
    year = {2022},
    note = {[Online]. Accessed 2024-04-15. Available at: \url{https://openargus.org/}}
}

@article{paxson1999_bro,
    author  = {Vern Paxson},
    title   = {{Bro: a System for Detecting Network Intruders in Real-Time}},
    journal = {Computer Networks},
    volume  = {31},
    number  = {23-24},
    pages   = {2435--2463},
    year    = {1999},
    note    = {\url{https://zeek.org/}}
}

@misc{lashkari2016_cicflowmeter,
    title = {{CICFlowMeter}},
    author = {Arash Habibi Lashkari},
    year = {2016},
    _url = {https://www.unb.ca/cic/research/applications.html\#CICFlowMeter},
    note = {{Canadian Institute for Cybersecurity, Accessed 2024-03-12}. Available at: \url{https://www.unb.ca/cic/research/applications.html\#CICFlowMeter}}
}

@misc{aitken2013_rfc7011,
title = {{Specification of the IP Flow Information Export (IPFIX) Protocol for the Exchange of Flow Information}},
author = {Paul Aitken and Benoît Claise and Brian Trammell},
series = {Request for Comments},
number = 7011,
howpublished = {RFC 7011},
publisher = {RFC Editor},
doi = {10.17487/RFC7011},
_url = {https://www.rfc-editor.org/info/rfc7011},
pagetotal = 76,
year = 2013,
month = sep,
}

@misc{phaal2004_sflow5,
    title = {sFlow Version 5},
    author = {Peter Phaal and Marc Lavine},
    year = 2004,
    month = jul,
    _url = {https://sflow.org/sflow_version_5.txt},
    organization = {sFlow.org},
    note = {[Online]. Accessed 2024-03-11. Available at: \url{https://sflow.org/sflow_version_5.txt}}
}

@misc{openflow_switch_specs151,
    title = {OpenFlow Switch Specification},
    author = {{Open Networking Foundation}},
    year = 2015,
    month = mar,
    note = {\url{https://opennetworking.org/wp-content/uploads/2014/10/openflow-switch-v1.5.1.pdf}}}
}

@misc{cisco_netflow_v9_format,
  author      = "",
  title       = "NetFlow Version 9 Flow-Record Format",
  year        = "2011",
  month       = may,
  _url = {https://www.cisco.com/en/US/technologies/tk648/tk362/technologies_white_paper09186a00800a3db9.pdf},
  note = {{Tech. rep., Cisco Systems, Inc., San Jose, California, \url{https://www.cisco.com/en/US/technologies/tk648/tk362/technologies_white_paper09186a00800a3db9.pdf}}},
}

@misc{lashkari2021_cicflowmeter_features,
    title = {CICFlowMeter Extracted Features And Descriptions},
    author = {Arash Habibi Lashkari},
    year = {2021},
    note = {[Online]. Accessed 2024-04-16. Available at: \url{https://github.com/ahlashkari/CICFlowMeter/blob/master/ReadMe.txt}}
}

@inproceedings{xu2002_cryptopan,
  title={Prefix-preserving IP address anonymization: measurement-based security evaluation and a new cryptography-based scheme}, 
  author={Jun Xu and Jinliang Fan and Ammar, M.H. and Moon, S.B.},
  booktitle={10th IEEE International Conference on Network Protocols, 2002. Proceedings.}, 
  year={2002},
  volume={},
  number={},
  pages={280-289},
  doi={10.1109/ICNP.2002.1181415}
}

@article{sethuraman2023_flowbased_honeypot,
title = {Flow based containerized honeypot approach for network traffic analysis: An empirical study},
author = {Sibi Chakkaravarthy Sethuraman and Tharshith Goud Jadapalli and Devi Priya Vimala Sudhakaran and Saraju P. Mohanty},
journal = {Computer Science Review},
volume = {50},
pages = {100600},
year = {2023},
issn = {1574-0137},
doi = {10.1016/j.cosrev.2023.100600},
}

@article{lipton2019_research_for_practice_troubling_trends,
title = {{Research for Practice: Troubling Trends in Machine-Learning Scholarship}},
author = {Lipton, Zachary C. and Steinhardt, Jacob},
year = {2019},
issue_date = {June 2019},
publisher = {Association for Computing Machinery},
address = {New York, NY, USA},
volume = {62},
number = {6},
issn = {0001-0782},
doi = {10.1145/3316774},
journal = {Commun. ACM},
month = {may},
pages = {45–53},
numpages = {9}
}

@misc{stratosphere2024_web,
    title = {Stratosphere Research Laboratory},
    year = 2024,
    _url = {https://www.stratosphereips.org},
    note = {[Online]. Accessed 2024-04-19. Available at: \url{https://www.stratosphereips.org}},
}


@article{mchugh2000_darpa_data_critique,
title = {Testing Intrusion Detection Systems: A Critique of the 1998 and 1999 DARPA Intrusion Detection System Evaluations as Performed by Lincoln Laboratory},
author = {McHugh, John},
year = {2000},
month = nov,
journal = {ACM Transactions on Information and System Security},
volume = {3},
number = {4},
pages = {262–294},
publisher = {Association for Computing Machinery},
address = {New York, NY, USA},
issn = {1094-9224},
doi = {10.1145/382912.382923},
}

@inproceedings{mahoney2003_darpa1999_critique,
title="An Analysis of the 1999 DARPA/Lincoln Laboratory Evaluation Data for Network Anomaly Detection",
booktitle="Recent Advances in Intrusion Detection",
author="Mahoney, Matthew V. and Chan, Philip K.",
year="2003",
publisher="Springer Berlin Heidelberg",
pages="220--237",
isbn="978-3-540-45248-5",
doi={10.1007/978-3-540-45248-5_13},
}

@inproceedings{silva2020_attackers_statistical_analysis_kdd,
title={Attackers are not Stealthy: Statistical Analysis of the Well-Known and Infamous KDD Network Security Dataset}, 
author={Silva, João Vitor Valle and Lopez, Martin Andreoni and Mattos, Diogo M. F.},
booktitle={2020 4th Conference on Cloud and Internet of Things (CIoT)}, 
year={2020},
volume={},
number={},
pages={1-8},
doi={10.1109/CIoT50422.2020.9244289}
}

@article{altobi2018_kdd99_genfaults,
title = {KDD 1999 generation faults: a review and analysis},
author = {Amjad M. Al Tobi and Ishbel Duncan},
journal = {Journal of Cyber Security Technology},
volume = {2},
number = {3-4},
pages = {164--200},
year = {2018},
publisher = {Taylor \& Francis},
doi = {10.1080/23742917.2018.1518061},
}

@misc{duncan2024_malware_traffic_analysis,
    title = {Malware Traffic Analysis -- A site for sharing packet capture (pcap) files and malware samples.},
    author = {Brian Duncan},
    year = {2024},
    note = {Online. Accessed 2024-12-05. Available: \url{https://malware-traffic-analysis.net/}}
}

@misc{landauer2021_kyoushi_dataset,
title        = {Kyoushi Log Data Set},  
author       = {Landauer, Max and Frank, Maximilian and Skopik, Florian and Hotwagner, Wolfgang and Wurzenberger, Markus and Rauber, Andreas},
month        = dec,
year         = 2021,
publisher    = {Zenodo},
doi          = {10.5281/zenodo.5779411},
}

@article{mittal2023_dl_detecting_ddos,
title={Deep learning approaches for detecting DDoS attacks: a systematic review},
author={Mittal, Meenakshi and Kumar, Krishan and Behal, Sunny},
journal={Soft Computing},
year={2023},
month={Sep},
day={01},
volume={27},
number={18},
pages={13039-13075},
issn={1433-7479},
doi={10.1007/s00500-021-06608-1},
}

@misc{mawi2024_mawi_wg_traffic_archive,
    title = {MAWI Working Group Traffic Archive},
    author = {{MAWI Working Group}},
    year = {2024},
    note = {Online. Accessed: 2024-06-14. Available at: \url{http://mawi.wide.ad.jp/mawi/}}
}

@misc{mitre2024_mitre_attck,
title = {{MITRE ATT\&CK\textsuperscript{\textregistered}}},
author = {{MITRE}},
year = {2024},
note = {Online. Accessed 2024-04-11. Available \url{https://attack.mitre.org/}}
}

@article{crow1997_ieee802_11,
title={IEEE 802.11 Wireless Local Area Networks}, 
author={Crow, B.P. and Widjaja, I. and Kim, J.G. and Sakai, P.T.},
journal={IEEE Communications Magazine}, 
year={1997},
volume={35},
number={9},
pages={116-126},
doi={10.1109/35.620533}
}

@inproceedings{lanvin2023_errors_cicids2017,
title="Errors in the CICIDS2017 Dataset and the Significant Differences in Detection Performances It Makes",
author="Lanvin, Maxime and Gimenez, Pierre-Fran{\c{c}}ois and Han, Yufei and Majorczyk, Fr{\'e}d{\'e}ric and M{\'e}, Ludovic and Totel, {\'E}ric",
editor="Kallel, Slim and Jmaiel, Mohamed and Zulkernine, Mohammad and Hadj Kacem, Ahmed and Cuppens, Fr{\'e}d{\'e}ric and Cuppens, Nora",
booktitle="Risks and Security of Internet and Systems",
year="2023",
publisher="Springer Nature Switzerland",
address="Cham",
pages="18--33",
isbn="978-3-031-31108-6",
doi={10.1007/978-3-031-31108-6_2}
}

@article{hutchins2011_cyber_kill_chain,
  title={Intelligence-driven computer network defense informed by analysis of adversary campaigns and intrusion kill chains},
  author={Hutchins, Eric M and Cloppert, Michael J and Amin, Rohan M and others},
  journal={Leading Issues in Information Warfare \& Security Research},
  volume={1},
  number={1},
  pages={80},
  year={2011}
}

@article{ieee_ieee802_15_4,
  title={IEEE Standard for Low-Rate Wireless Networks}, 
  author={{IEEE LAN/MAN Standards Committee}},
  journal={IEEE Std 802.15.4-2020 (Revision of IEEE Std 802.15.4-2015)}, 
  year={2020},
  month=jul,
  volume={},
  number={},
  pages={1--800},
  isbn={978-1-5044-6689-9},
  doi={10.1109/IEEESTD.2020.9144691},
}

@article{teixeira_wustl_iiot2018,
author = {Teixeira, Marcio Andrey and Salman, Tara and Zolanvari, Maede and Jain, Raj and Meskin, Nader and Samaka, Mohammed},
title = {SCADA System Testbed for Cybersecurity Research Using Machine Learning Approach},
journal = {Future Internet},
volume = {10},
year = {2018},
number = {8},
_url = {https://www.mdpi.com/1999-5903/10/8/76},
issn = {1999-5903},
doi = {10.3390/fi10080076},
note = {Dataset available at: \url{https://www.cse.wustl.edu/~jain/iiot/index.html}}
}

@article{zhang2021_survey_federated_learning,
title = {A survey on federated learning},
author = {Chen Zhang and Yu Xie and Hang Bai and Bin Yu and Weihong Li and Yuan Gao},
journal = {Knowledge-Based Systems},
volume = {216},
pages = {106775},
year = {2021},
issn = {0950-7051},
doi = {10.1016/j.knosys.2021.106775},
_url = {https://www.sciencedirect.com/science/article/pii/S0950705121000381},
}

@inproceedings{pang2005_lbnl_dataset,
title = {A first look at modern enterprise traffic},
author = {Pang, Ruoming and Allman, Mark and Bennett, Mike and Lee, Jason and Paxson, Vern and Tierney, Brian},
year = {2005},
publisher = {USENIX Association},
address = {USA},
booktitle = {Proceedings of the 5th ACM SIGCOMM Conference on Internet Measurement},
pages = {2},
numpages = {1},
location = {Berkeley, CA},
series = {IMC '05},
note = {Dataset available at: \url{http://www.icir.org/enterprise-tracing/}}
}

@inproceedings{creech2013_adfa_dataset,
title={Generation of a new IDS test dataset: Time to retire the KDD collection}, 
author={Creech, Gideon and Hu, Jiankun},
booktitle={2013 IEEE Wireless Communications and Networking Conference (WCNC)}, 
year={2013},
volume={},
number={},
pages={4487-4492},
doi={10.1109/WCNC.2013.6555301},
note = {Data available at: \url{https://research.unsw.edu.au/projects/adfa-ids-datasets}}
}

@article{abdulganiyu2023_slr_nids,
author={Abdulganiyu, Oluwadamilare Harazeem and Ait Tchakoucht, Taha and Saheed, Yakub Kayode},
title={A systematic literature review for network intrusion detection system (IDS)},
journal={International Journal of Information Security},
year={2023},
issn={1615-5270},
doi={10.1007/s10207-023-00682-2},
}

@inproceedings{ahmed2022_nids_dataset_survey,
author={Ahmed, Lubna Ali Hassan and Hamad, Yahia Abdalla Mohamed and Abdalla, Ahmed Abdallah Mohamed Ali},
booktitle={2022 International Arab Conference on Information Technology (ACIT)}, 
title={Network-based Intrusion Detection Datasets: A Survey}, 
year={2022},
volume={},
number={},
pages={1-7},
doi={10.1109/ACIT57182.2022.9994201}
}

@misc{netresec_maccdc,
    title = {Capture files from Mid-Atlantic CCDC},
    author = {{NETRESEC AB}},
    year = {2024},
    note = {Online. Accessed 2024-06-10. Available at: \url{https://www.netresec.com/?page=MACCDC}},
}

@misc{caida_anonymized_traces,
    title = {{Anonymized Internet Traces April 2008 - January 2019}},
    author = {{CAIDA}},
    year = {2018},
    doi={10.21986/CAIDA.DATA.ANONYMIZED-INTERNET-TRACES},
    note = {Accessed 2024-08-12. Available at: \url{https://www.caida.org/catalog/datasets/passive_dataset}} 
}

@article{adeleke2022_network_traffic_generation_survey,
title = {Network Traffic Generation: A Survey and Methodology},
author = {Adeleke, Oluwamayowa Ade and Bastin, Nicholas and Gurkan, Deniz},
year = {2022},
publisher = {Association for Computing Machinery},
address = {New York, NY, USA},
volume = {55},
number = {2},
issn = {0360-0300},
_url = {https://doi.org/10.1145/3488375},
doi = {10.1145/3488375},
journal = {ACM Computing Surveys},
month = jan,
articleno = {28},
numpages = {23},
}

@article{nucci2005_synthetically_generating_ip_matrices,
author = {Nucci, Antonio and Sridharan, Ashwin and Taft, Nina},
title = {The problem of synthetically generating IP traffic matrices: initial recommendations},
year = {2005},
issue_date = {July 2005},
publisher = {Association for Computing Machinery},
address = {New York, NY, USA},
volume = {35},
number = {3},
journal = {ACM SIGCOMM Computer Communication Review},
issn = {0146-4833},
_url = {https://doi.org/10.1145/1070873.1070876},
doi = {10.1145/1070873.1070876},
month = jul,
pages = {19–32},
numpages = {14},
}

@article{ring2019_flowbased_generation_gans,
title = {Flow-based network traffic generation using Generative Adversarial Networks},
author = {Markus Ring and Daniel Schlör and Dieter Landes and Andreas Hotho},
journal = {Computers \& Security},
volume = {82},
pages = {156-172},
year = {2019},
issn = {0167-4048},
doi = {10.1016/j.cose.2018.12.012},
_url = {https://www.sciencedirect.com/science/article/pii/S0167404818308393},
}

@inproceedings{ring2017_ip2vec,
  title={IP2Vec: Learning Similarities Between IP Addresses},
  author={Ring, Markus and Dallmann, Alexander and Landes, Dieter and Hotho, Andreas},
  booktitle={2017 IEEE International Conference on Data Mining Workshops (ICDMW)}, 
  year={2017},
  volume={},
  number={},
  pages={657-666},
  doi={10.1109/ICDMW.2017.93}
}

@inproceedings{manocchio2021_flowgan,
    title={FlowGAN - Synthetic Network Flow Generation using Generative Adversarial Networks},   
    author={Manocchio, Liam Daly and Layeghy, Siamak and Portmann, Marius},
    booktitle={2021 IEEE 24th International Conference on Computational Science and Engineering (CSE)}, 
    year={2021},
    volume={},
    number={},
    pages={168-176},
    doi={10.1109/CSE53436.2021.00033}
}

@inproceedings{xu2021_stan,
title={{STAN: Synthetic Network Traffic Generation with Generative Neural Models}},
author="Xu, Shengzhe and Marwah, Manish and Arlitt, Martin and Ramakrishnan, Naren",
editor="Wang, Gang and Ciptadi, Arridhana and Ahmadzadeh, Ali",
booktitle="Deployable Machine Learning for Security Defense",
year="2021",
publisher="Springer International Publishing",
address="Cham",
pages="3--29",
isbn="978-3-030-87839-9",
doi={10.1007/978-3-030-87839-9_1}
}

@inproceedings{schoen2024_tale_two_methods,
  title={A Tale of Two Methods: Unveiling the Limitations of GAN and the Rise of Bayesian Networks for Synthetic Network Traffic Generation}, 
  author={Schoen, Adrien and Blanc, Gregory and Gimenez, Pierre-François and Han, Yufei and Majorczyk, Frédéric and Me, Ludovic},
  booktitle={2024 IEEE European Symposium on Security and Privacy Workshops (EuroS\&PW)}, 
  year={2024},
  volume={},
  number={},
  pages={273-286},
  doi={10.1109/EuroSPW61312.2024.00036}
}

@article{cha2007_distance_measures_survey,
  title={Comprehensive Survey on Distance/Similarity Measures between Probability Density Functions},
  author={Cha, Sung-Hyuk},
  journal={International journal of mathematical models and methods in applied sciences},
  volume={1},
  number={4},
  pages={300-3007},
  year={2007}
}

@article{liu2021_id_imbalanced_network_traffic_ml_dl,
  title={Intrusion Detection of Imbalanced Network Traffic Based on Machine Learning and Deep Learning}, 
  author={Liu, Lan and Wang, Pengcheng and Lin, Jun and Liu, Langzhou},
  journal={IEEE Access}, 
  year={2021},
  volume={9},
  number={},
  pages={7550-7563},
  doi={10.1109/ACCESS.2020.3048198}
}

@inproceedings{cieslak2006_combating_nid_imbalance,
  title={Combating imbalance in network intrusion datasets.},
  author={Cieslak, David A. and Chawla, Nitesh V. and Striegel, Aaron},
  booktitle={2006 IEEE International Conference on Granular Computing}, 
  pages={732--737},
  year={2006},
  month=may,
  volume={},
  number={},
  doi={10.1109/GRC.2006.1635905}
}

% The link behind this DOI does not exist anymore
@article{sharafaldin2018_towards_reliable_ids_dataset,
title={Towards a reliable intrusion detection benchmark dataset},
author={Sharafaldin, Iman and Gharib, Amirhossein and Lashkari, Arash Habibi and Ghorbani, Ali A and others},
journal={Software Networking},
volume={2018},
number={1},
pages={177--200},
year={2018},
publisher={River Publishers},
_doi={10.13052/jsn2445-9739.2017.009},
}

@article{hu2020_wireless_nids_adasyn_cnn,
  title={A Novel Wireless Network Intrusion Detection Method Based on Adaptive Synthetic Sampling and an Improved Convolutional Neural Network}, 
  author={Hu, Zhiquan and Wang, Liejun and Qi, Lei and Li, Yongming and Yang, Wenzhong},
  journal={IEEE Access}, 
  year={2020},
  volume={8},
  number={},
  pages={195741-195751},
  doi={10.1109/ACCESS.2020.3034015}
}

@article{bagui2021_resampling_imbalanced_nids,
author={Bagui, Sikha and Li, Kunqi},
title={Resampling imbalanced data for network intrusion detection datasets},
journal={Journal of Big Data},
year={2021},
month={Jan},
day={06},
volume={8},
number={1},
pages={6},
issn={2196-1115},
doi={10.1186/s40537-020-00390-x}
}

@article{kumar2023_synthetic_attack_model_gans,
    title = {Synthetic attack data generation model applying generative adversarial network for intrusion detection},
    author = {Vikash Kumar and Ditipriya Sinha},
    journal = {Computers \& Security},
    volume = {125},
    pages = {103054},
    year = {2023},
    issn = {0167-4048},
    doi = {10.1016/j.cose.2022.103054},
    _url = {https://www.sciencedirect.com/science/article/pii/S0167404822004461},
}

@article{wolf2024_benchmarking_synthetic_network_data,
title = {Benchmarking of synthetic network data: Reviewing challenges and approaches},
author = {Maximilian Wolf and Julian Tritscher and Dieter Landes and Andreas Hotho and Daniel Schlör},
journal = {Computers \& Security},
volume = {145},
pages = {103993},
year = {2024},
issn = {0167-4048},
doi = {10.1016/j.cose.2024.103993},
_url = {https://www.sciencedirect.com/science/article/pii/S0167404824002980},
}

@article{cordero2021_id2t,
title = {On Generating Network Traffic Datasets with Synthetic Attacks for Intrusion Detection},
author = {Cordero, Carlos Garcia and Vasilomanolakis, Emmanouil and Wainakh, Aidmar and M\"{u}hlh\"{a}user, Max and Nadjm-Tehrani, Simin},
year = {2021},
issue_date = {May 2021},
publisher = {Association for Computing Machinery},
address = {New York, NY, USA},
volume = {24},
number = {2},
issn = {2471-2566},
_url = {https://doi.org/10.1145/3424155},
doi = {10.1145/3424155},
journal = {ACM Trans. Priv. Secur.},
month = jan,
articleno = {8},
numpages = {39},
}

@inproceedings{vasilomanolakis2016_id2t,
title={Towards the creation of synthetic, yet realistic, intrusion detection datasets}, 
author={Vasilomanolakis, Emmanouil and Cordero, Carlos Garcia and Milanov, Nikolay and Mühlhäuser, Max},
booktitle={NOMS 2016 - 2016 IEEE/IFIP Network Operations and Management Symposium},
year={2016},
volume={},
number={},
pages={1209-1214},
doi={10.1109/NOMS.2016.7502989}
}

@inproceedings{sommers2004_mace,
title = {A framework for malicious workload generation},
author = {Sommers, Joel and Yegneswaran, Vinod and Barford, Paul},
year = {2004},
isbn = {1581138210},
publisher = {Association for Computing Machinery},
address = {New York, NY, USA},
_url = {https://doi.org/10.1145/1028788.1028799},
doi = {10.1145/1028788.1028799},
booktitle = {Proceedings of the 4th ACM SIGCOMM Conference on Internet Measurement},
pages = {82–87},
numpages = {6},
location = {Taormina, Sicily, Italy},
series = {IMC '04}
}

@inproceedings{brauckhoff2008_flame,
title={{FLAME:} {A} Flow-Level Anomaly Modeling Engine},
author={Brauckhoff, Daniela and Wagner, Arno and May, Martin},
booktitle={Proceedings of Workshop on Cyber Security and Test, CSET'08},
editor={Terry Benzel},
publisher={{USENIX} Association},
location={San Jose, CA, USA},
year={2008},
month=jul,
pages={1--6},
note = {Tool available at: \url{https://www.flame.ee.ethz.ch/index.html}}
}

@inproceedings{goldschmidt2024_windower,
  title={Windower: Feature Extraction for Real-Time DDoS Detection Using Machine Learning}, 
  author={Goldschmidt, Patrik and Ku\v{c}era, Jan},
  booktitle={NOMS 2024-2024 IEEE Network Operations and Management Symposium}, 
  year={2024},
  volume={},
  number={},
  pages={1-10},
  doi={10.1109/NOMS59830.2024.10575699}
}

@article{ngo2024_mlbased_features_sel_extr,
title={Machine learning-based intrusion detection: feature selection versus feature extraction},
author={Ngo, Vu-Duc and Vuong, Tuan-Cuong and Van Luong, Thien and Tran, Hung},
journal={Cluster Computing},
year={2024},
month={Jun},
day={01},
volume={27},
number={3},
pages={2365-2379},
issn={1573-7543},
doi={10.1007/s10586-023-04089-5},
_url={https://doi.org/10.1007/s10586-023-04089-5}
}

@article{sarhan2022_evaluting_ftr_sets_nids,
title = {Evaluating Standard Feature Sets Towards Increased Generalisability and Explainability of ML-Based Network Intrusion Detection},
author = {Mohanad Sarhan and Siamak Layeghy and Marius Portmann},
journal = {Big Data Research},
volume = {30},
pages = {100359},
year = {2022},
issn = {2214-5796},
doi = {10.1016/j.bdr.2022.100359},
_url = {https://www.sciencedirect.com/science/article/pii/S2214579622000533},
}

@misc{mitre2024_caldera,
    title = {MITRE Caldera: A Scalable, Automated Adversary Emulation Platform},
    author = {{MITRE Corporation}},
    year = {2024},
    note = {Online. Accessed 2024-07-12. Available at: \url{https://github.com/mitre/caldera}},
}

@article{guerra2022_datasets_labeling,
title = {Datasets are not enough: Challenges in labeling network traffic},
author = {Jorge Luis Guerra and Carlos Catania and Eduardo Veas},
journal = {Computers \& Security},
volume = {120},
pages = {102810},
year = {2022},
issn = {0167-4048},
doi = {10.1016/j.cose.2022.102810},
_url = {https://www.sciencedirect.com/science/article/pii/S0167404822002048},
}

@inproceedings{gharib2016_evaluation_framework_ids_data,
title={An Evaluation Framework for Intrusion Detection Dataset}, 
author={Gharib, Amirhossein and Sharafaldin, Iman and Lashkari, Arash Habibi and Ghorbani, Ali A.},
booktitle={2016 International Conference on Information Science and Security (ICISS)}, 
year={2016},
volume={},
number={},
pages={1-6},
doi={10.1109/ICISSEC.2016.7885840}
}

@article{vinayakumar2019_dnn_ids,
author={Vinayakumar, R. and Alazab, Mamoun and Soman, K. P. and Poornachandran, Prabaharan and Al-Nemrat, Ameer and Venkatraman, Sitalakshmi},
title={{Deep Learning Approach for Intelligent Intrusion Detection System}},
year={2019},
month=apr,
journal={IEEE Access},
volume={7},
number={},
pages={41525-41550},
doi={10.1109/ACCESS.2019.2895334}
}

@article{zhang2022_comparative_nids_ml,
title = {Comparative research on network intrusion detection methods based on machine learning},
author = {Chunying Zhang and Donghao Jia and Liya Wang and Wenjie Wang and Fengchun Liu and Aimin Yang},
journal = {Computers \& Security},
volume = {121},
pages = {102861},
year = {2022},
issn = {0167-4048},
doi = {10.1016/j.cose.2022.102861},
_url = {https://www.sciencedirect.com/science/article/pii/S0167404822002553},
}

@inproceedings{dhooge2023_castles,
title={Castles Built on Sand: Observations from Classifying Academic Cybersecurity Datasets with Minimalist Methods},
author={Laurens D’hooge and Miel Verkerken and Tim Wauters and Filip {De Turck} and Bruno Volckaert},
year={2023},
booktitle={Proceedings of the 8th International Conference on Internet of Things, Big Data and Security - IoTBDS},
isbn={978-989-758-643-9},
issn={2184-4976},
pages={61-72},
publisher={SciTePress},
organization={INSTICC},
doi={10.5220/0011853300003482},
}

@article{geirhos2020_shortcut_learning,
author={Geirhos, Robert and Jacobsen, J{\"o}rn-Henrik and Michaelis, Claudio and Zemel, Richard and Brendel, Wieland and Bethge, Matthias
and Wichmann, Felix A.},
title={Shortcut learning in deep neural networks},
journal={Nature Machine Intelligence},
year={2020},
month={Nov},
volume={2},
number={11},
pages={665-673},
issn={2522-5839},
doi={10.1038/s42256-020-00257-z},
_url={https://doi.org/10.1038/s42256-020-00257-z}
}

@inproceedings{dhooge2022_contaminating_metadata_ml_nids,
author="D'hooge, Laurens and Verkerken, Miel and Volckaert, Bruno and Wauters, Tim and De Turck, Filip",
editor="Cavallaro, Lorenzo and Gruss, Daniel and Pellegrino, Giancarlo and Giacinto, Giorgio",
title="Establishing the Contaminating Effect of Metadata Feature Inclusion in Machine-Learned Network Intrusion Detection Models",
booktitle="Detection of Intrusions and Malware, and Vulnerability Assessment",
year="2022",
month=jun,
publisher="Springer International Publishing",
address="Cham",
pages="23--41",
isbn="978-3-031-09484-2",
doi={10.1007/978-3-031-09484-2_2}
}

@article{zha2025_datacentric_survey,
title = {Data-centric Artificial Intelligence: A Survey},
author = {Zha, Daochen and Bhat, Zaid Pervaiz and Lai, Kwei-Herng and Yang, Fan and Jiang, Zhimeng and Zhong, Shaochen and Hu, Xia},
year = {2025},
publisher = {Association for Computing Machinery},
address = {New York, NY, USA},
volume = {57},
number = {5},
issn = {0360-0300},
_url = {https://doi.org/10.1145/3711118},
doi = {10.1145/3711118},
journal = {ACM Computing Surveys},
month = jan,
numpages = {42},
}

@inproceedings{lewandowski2023_guidelines_nids_datasets,
title={Guidelines and a Framework to Improve the Delivery of Network Intrusion Detection Datasets},
author={Lewandowski, Brian},
booktitle={Proceedings of the 20th International Conference on Security and Cryptography - Volume 1: SECRYPT},
_volume={1},
isbn={978-989-758-666-8},
publisher={SciTePress},
pages={649--658},
year={2023},
doi={10.5220/0012052300003555}
}

@article{student1908_probable_error_of_a_mean,
  title={The probable error of a mean},
  author={Student},
  journal={Biometrika},
  pages={1--25},
  volume={6},
  year={1908},
  month=mar,
  publisher={JSTOR}
}

@article{mann1947_u_test,
author = {H. B. Mann and D. R. Whitney},
title = {{On a Test of Whether one of Two Random Variables is Stochastically Larger than the Other}},
volume = {18},
journal = {The Annals of Mathematical Statistics},
number = {1},
publisher = {Institute of Mathematical Statistics},
pages = {50 -- 60},
year = {1947},
doi = {10.1214/aoms/1177730491},
_url = {https://doi.org/10.1214/aoms/1177730491}
}

@inproceedings{fu2021_realtime_malicious_traffic_detection,
title = {Realtime Robust Malicious Traffic Detection via Frequency Domain Analysis},
author = {Fu, Chuanpu and Li, Qi and Shen, Meng and Xu, Ke},
year = {2021},
isbn = {9781450384544},
publisher = {Association for Computing Machinery},
address = {New York, NY, USA},
_url = {https://doi.org/10.1145/3460120.3484585},
doi = {10.1145/3460120.3484585},
booktitle = {Proceedings of the 2021 ACM SIGSAC Conference on Computer and Communications Security},
pages = {3431–3446},
numpages = {16},
location = {Virtual Event, Republic of Korea},
series = {CCS '21}
}

@misc{tcpreplay,
    author = {},
    title = {Tcpreplay - Pcap editing and replaying utilities},
    year = {2024},
    note = {Online. Accessed 2024-08-14. Available at: \url{https://tcpreplay.appneta.com/}},
}

@article{conti2021_survey_ics_testbeds_datasets,
author={Conti, Mauro and Donadel, Denis and Turrin, Federico},
journal={IEEE Communications Surveys \& Tutorials}, 
title={A Survey on Industrial Control System Testbeds and Datasets for Security Research}, 
year={2021},
volume={23},
number={4},
pages={2248-2294},
doi={10.1109/COMST.2021.3094360}
}

@article{koay2023_ml_ics_landscape,
title={Machine learning in industrial control system (ICS) security: current landscape, opportunities and challenges},
author={Koay, Abigail M. Y. and Ko, Ryan K. L. and Hettema, Hinne and Radke, Kenneth},
journal={Journal of Intelligent Information Systems},
year={2023},
month={Apr},
day={01},
volume={60},
number={2},
pages={377-405},
issn={1573-7675},
doi={10.1007/s10844-022-00753-1},
_url={https://doi.org/10.1007/s10844-022-00753-1}
}

@article{keersmaeker2023_survey_public_iot_datasets,
title={A Survey of Public IoT Datasets for Network Security Research},  
author={De Keersmaeker, François and Cao, Yinan and Ndonda, Gorby Kabasele and Sadre, Ramin},
journal={IEEE Communications Surveys \& Tutorials},
year={2023},
volume={25},
number={3},
pages={1808-1840},
doi={10.1109/COMST.2023.3288942}
}

@article{kaur2023_iot_security_dataset_evolution,
title = {Internet of Things (IoT) security dataset evolution: Challenges and future directions},
author = {Barjinder Kaur and Sajjad Dadkhah and Farzaneh Shoeleh and Euclides Carlos Pinto Neto and Pulei Xiong and Shahrear Iqbal and Philippe Lamontagne and Suprio Ray and Ali A. Ghorbani},
journal = {Internet of Things},
volume = {22},
pages = {100780},
year = {2023},
issn = {2542-6605},
doi = {10.1016/j.iot.2023.100780},
_url = {https://www.sciencedirect.com/science/article/pii/S2542660523001038},
}


@article{layeghy2024_benchmarking_benchmark,
title = {Benchmarking the benchmark — Comparing synthetic and real-world Network IDS datasets},
journal = {Journal of Information Security and Applications},
volume = {80},
pages = {103689},
year = {2024},
issn = {2214-2126},
doi = {10.1016/j.jisa.2023.103689},
_url = {https://www.sciencedirect.com/science/article/pii/S2214212623002739},
author = {Siamak Layeghy and Marcus Gallagher and Marius Portmann},
}

@inproceedings{engelen2022_pillars_of_sand,
  title={Poster: Pillars of Sand: The current state of Datasets in the field of Network Intrusion Detection},
  author={Engelen, Gints and Flood, Robert and Liu-Thorrold, Lisa and Rimmer, Vera and Clausen, Henry and Aspinall, David and Joosen, Wouter},
  booktitle={European Symposium on Security and Privacy (EuroS\&P)},
  volume={7068716},
  pages = {1--3},
  year={2022},
  doi={10.5281/zenodo},
}

@inproceedings{wang2022_enidrift,
author = {Wang, Xian},
title = {ENIDrift: A Fast and Adaptive Ensemble System for Network Intrusion Detection under Real-world Drift},
year = {2022},
isbn = {9781450397599},
publisher = {Association for Computing Machinery},
address = {New York, NY, USA},
_url = {https://doi.org/10.1145/3564625.3567992},
doi = {10.1145/3564625.3567992},
booktitle = {Proceedings of the 38th Annual Computer Security Applications Conference},
pages = {785–798},
numpages = {14},
location = {Austin, TX, USA},
series = {ACSAC '22},
note = {GitHub repository available at: \url{https://github.com/X1anWang/ENIDrift}}
}

@article{dimauro2021_supervised_fs_nids_review,
title = {Supervised feature selection techniques in network intrusion detection: A critical review},
author = {M. {Di Mauro} and G. Galatro and G. Fortino and A. Liotta},
journal = {Engineering Applications of Artificial Intelligence},
volume = {101},
pages = {104216},
year = {2021},
issn = {0952-1976},
doi = {10.1016/j.engappai.2021.104216},
_url = {https://www.sciencedirect.com/science/article/pii/S0952197621000634},
}

@article{yin2023_igrf_rfe,
author={Yin, Yuhua and Jang-Jaccard, Julian and Xu, Wen and Singh, Amardeep and Zhu, Jinting and Sabrina, Fariza and Kwak, Jin},
title={IGRF-RFE: a hybrid feature selection method for MLP-based network intrusion detection on UNSW-NB15 dataset},
journal={Journal of Big Data},
year={2023},
month={Feb},
day={05},
volume={10},
number={1},
pages={15},
issn={2196-1115},
doi={10.1186/s40537-023-00694-8},
_url={https://doi.org/10.1186/s40537-023-00694-8}
}

@article{turukmane2024_m_multisvm_ftr_select_nids,
title = {{M-MultiSVM: An efficient feature selection assisted network intrusion detection system using machine learning}},
author = {Anil V Turukmane and Ramkumar Devendiran},
journal = {Computers \& Security},
volume = {137},
pages = {103587},
year = {2024},
issn = {0167-4048},
doi = {10.1016/j.cose.2023.103587},
_url = {https://www.sciencedirect.com/science/article/pii/S0167404823004972},
}

@article{kotenko2022_slr_security_event_correlation,
  title={Systematic Literature Review of Security Event Correlation Methods}, 
  author={Kotenko, Igor and Gaifulina, Diana and Zelichenok, Igor},
  journal={IEEE Access}, 
  year={2022},
  volume={10},
  number={},
  pages={43387-43420},
  doi={10.1109/ACCESS.2022.3168976}
}

@article{agrahari2022_concept_drift_detection_review,
title = {Concept Drift Detection in Data Stream Mining : A literature review},
author = {Supriya Agrahari and Anil Kumar Singh},
journal = {Journal of King Saud University - Computer and Information Sciences},
volume = {34},
number = {10, Part B},
pages = {9523-9540},
year = {2022},
issn = {1319-1578},
doi = {10.1016/j.jksuci.2021.11.006},
_url = {https://www.sciencedirect.com/science/article/pii/S1319157821003062},
}

@article{yang2023_diffusion_models_survey,
title = {Diffusion Models: A Comprehensive Survey of Methods and Applications},
author = {Yang, Ling and Zhang, Zhilong and Song, Yang and Hong, Shenda and Xu, Runsheng and Zhao, Yue and Zhang, Wentao and Cui, Bin and Yang, Ming-Hsuan},
year = {2023},
issue_date = {April 2024},
publisher = {Association for Computing Machinery},
address = {New York, NY, USA},
volume = {56},
number = {4},
issn = {0360-0300},
_url = {https://doi.org/10.1145/3626235},
doi = {10.1145/3626235},
journal = {ACM Computing Surveys},
month = nov,
articleno = {105},
numpages = {39},
}

@article{santos2025_towards_robust_cyberattack_taxonomies,
author = {Santos, Paulo Roberto da Paz Ferraz and Resende, Paulo Angelo Alves and Gondim, Jo\~{a}o Jos\'{e} Costa and Drummond, Andr\'{e} Costa},
title = {Towards Robust Cyber Attack Taxonomies: A Survey with Requirements, Structures, and Assessment},
year = {2025},
publisher = {Association for Computing Machinery},
address = {New York, NY, USA},
volume = {57},
number = {8},
issn = {0360-0300},
doi = {10.1145/3717606},
journal = {ACM Computing Surveys},
month = mar,
articleno = {199},
numpages = {36}
}

@inproceedings{derbyshire2018_analysis_cybersec_attack_taxonomies,
	author={Derbyshire, Richard and Green, Benjamin and Prince, Daniel and Mauthe, Andreas and Hutchison, David},
	booktitle={2018 IEEE European Symposium on Security and Privacy Workshops (EuroS\&PW)}, 
	title={An Analysis of Cyber Security Attack Taxonomies}, 
	year={2018},
	volume={},
	number={},
	pages={153-161},
	doi={10.1109/EuroSPW.2018.00028}
}

@inproceedings{soukup2021_towards_nids_data_quality_eval,
title={Towards Evaluating Quality of Datasets for Network Traffic Domain},
author={Soukup, Dominik and Tisovčík, Peter and Hynek, Karel and Čejka, Tomáš},
booktitle={2021 17th International Conference on Network and Service Management (CNSM)}, 
year={2021},
volume={},
number={},
pages={264-268},
doi={10.23919/CNSM52442.2021.9615601}
}

@inproceedings{nehinbe2011_critical_eval_datasets_ids,
title={A critical evaluation of datasets for investigating IDSs and IPSs researches}, 
author={Nehinbe, Joshua Ojo},
booktitle={2011 IEEE 10th International Conference on Cybernetic Intelligent Systems (CIS)}, 
year={2011},
volume={},
number={},
pages={92-97},
doi={10.1109/CIS.2011.6169141}
}

@inproceedings{catillo2023_ml_public_ids_datasets,
title={Machine Learning on Public Intrusion Datasets: Academic Hype or Concrete Advances in NIDS?}, 
author={Catillo, Marta and Pecchia, Antonio and Villano, Umberto},
booktitle={2023 53rd Annual IEEE/IFIP International Conference on Dependable Systems and Networks - Supplemental Volume (DSN-S)}, 
year={2023},
volume={},
number={},
pages={132-136},
doi={10.1109/DSN-S58398.2023.00038}
}

@inproceedings{flood2024_bad_design_smells_nids_datasets,
author={Flood, Robert and Engelen, Gints and Aspinall, David and Desmet, Lieven},
booktitle={2024 IEEE 9th European Symposium on Security and Privacy (EuroS\&P)}, 
title={Bad Design Smells in Benchmark NIDS Datasets}, 
year={2024},
volume={},
number={},
pages={658-675},
doi={10.1109/EuroSP60621.2024.00042}
}

@misc{northcutt2021_pervasive_label_errors,
title={Pervasive Label Errors in Test Sets Destabilize Machine Learning Benchmarks}, 
author={Curtis G. Northcutt and Anish Athalye and Jonas Mueller},
year={2021},
_eprint={2103.14749},
_archivePrefix={arXiv},
_primaryClass={stat.ML},
doi={10.48550/arXiv.2103.14749}, 
}

@inproceedings{nadeem2023_sok_explainable_ml_security,
title={SoK: Explainable Machine Learning for Computer Security Applications},
author={Nadeem, Azqa and Vos, Daniël and Cao, Clinton and Pajola, Luca and Dieck, Simon and Baumgartner, Robert and Verwer, Sicco},
booktitle={2023 IEEE 8th European Symposium on Security and Privacy (EuroS\&P)},
year={2023},
volume={},
number={},
pages={221-240},
doi={10.1109/EuroSP57164.2023.00022}
}

@inproceedings{jacobs2022_aiml_network_sec,
author = {Jacobs, Arthur S. and Beltiukov, Roman and Willinger, Walter and Ferreira, Ronaldo A. and Gupta, Arpit and Granville, Lisandro Z.},
title = {AI/ML for Network Security: The Emperor has no Clothes},
year = {2022},
isbn = {9781450394505},
publisher = {Association for Computing Machinery},
address = {New York, NY, USA},
doi = {10.1145/3548606.3560609},
booktitle = {Proceedings of the 2022 ACM SIGSAC Conference on Computer and Communications Security},
pages = {1537–1551},
numpages = {15},
location = {Los Angeles, CA, USA},
series = {CCS '22}
}

@article{boyes2018_industrial_iot,
title = {The industrial internet of things (IIoT): An analysis framework},
author = {Hugh Boyes and Bil Hallaq and Joe Cunningham and Tim Watson},
journal = {Computers in Industry},
volume = {101},
pages = {1-12},
year = {2018},
issn = {0166-3615},
doi = {10.1016/j.compind.2018.04.015},
_url = {https://www.sciencedirect.com/science/article/pii/S0166361517307285},
}


@book{garcia2014_data_preprocessing,
author = {Salvador Garc{\'i}a and Juli{\'a}n Luengo and Francisco Herrera},
title = {Data Preprocessing in Data Mining},
year = {2014},
series={Intelligent Systems Reference Library},
numpages={320},
edition={1},
isbn = {978-3-319-10246-7},
publisher = {Springer, Cham},
doi={10.1007/978-3-319-10247-4}
}

@misc{ginermiguelez2024_llms_enrich_docs_datasets,
    title={Using Large Language Models to Enrich the Documentation of Datasets for Machine Learning}, 
    author={Joan Giner-Miguelez and Abel Gómez and Jordi Cabot},
    year={2024},
    month = {May},
    _eprint={2404.15320},
    _archivePrefix={arXiv},
    primaryClass={cs.DL},
    _url={https://arxiv.org/abs/2404.15320}, 
    doi={10.48550/arXiv.2404.15320}
}

%%%%%%%%%%%%%%%%%%%%%%%%%%%%%%%%%%%%%%%%%%%%%%%%%%%%%%%%%%%%%%%%%%%%%
%%%%%%%%%%%%%%%%%%%%%%%%%   RELATED WORK   %%%%%%%%%%%%%%%%%%%%%%%%%%
%%%%%%%%%%%%%%%%%%%%%%%%%%%%%%%%%%%%%%%%%%%%%%%%%%%%%%%%%%%%%%%%%%%%%

@article{molinacoronado2020_survey_nids_kdd,
title={Survey of Network Intrusion Detection Methods From the Perspective of the Knowledge Discovery in Databases Process}, 
author={Molina-Coronado, Borja and Mori, Usue and Mendiburu, Alexander and Miguel-Alonso, Jose},
journal={IEEE Transactions on Network and Service Management}, 
year={2020},
volume={17},
number={4},
pages={2451-2479},
doi={10.1109/TNSM.2020.3016246}
}

@article{ring2019_nids_datasets_survey,
title={{A survey of network-based intrusion detection data sets}},
author={Markus Ring and Sarah Wunderlich and Deniz Scheuring and Dieter Landes and Andreas Hotho},
journal={Computers \& Security},
volume={86},
pages={147-167},
year={2019},
issn={0167-4048},
doi={10.1016/j.cose.2019.06.005},
}

@article{ferrah2020_deep_learning_ids,
title = {Deep learning for cyber security intrusion detection: Approaches, datasets, and comparative study},
author = {Mohamed Amine Ferrag and Leandros Maglaras and Sotiris Moschoyiannis and Helge Janicke},
journal = {Journal of Information Security and Applications},
volume = {50},
pages = {102419},
year = {2020},
issn = {2214-2126},
doi = {10.1016/j.jisa.2019.102419},
_url = {https://www.sciencedirect.com/science/article/pii/S2214212619305046},
}

@article{kenyon2020_public_ids_datasets_fit,
title = {Are public intrusion datasets fit for purpose characterising the state of the art in intrusion event datasets},
author = {A. Kenyon and L. Deka and D. Elizondo},
journal = {Computers \& Security},
volume = {99},
pages = {102022},
year = {2020},
issn = {0167-4048},
doi = {10.1016/j.cose.2020.102022},
_url = {https://www.sciencedirect.com/science/article/pii/S0167404820302959},
}

@article{gumusbas2021_survey_db_dl_cybersec_ids,
title={A Comprehensive Survey of Databases and Deep Learning Methods for Cybersecurity and Intrusion Detection Systems}, 
author={G\"{u}m\"{u}\c{s}ba\c{s}, Dilara and Yıldırım, Tulay and Genovese, Angelo and Scotti, Fabio},
journal={IEEE Systems Journal}, 
year={2021},
volume={15},
number={2},
pages={1717-1731},
doi={10.1109/JSYST.2020.2992966}
}

@article{thakkar2022_ids_survey,
title={A survey on intrusion detection system: feature selection, model, performance measures, application perspective, challenges, and future research directions},
author={Thakkar, Ankit and Lohiya, Ritika},
journal={Artificial Intelligence Review},
year={2022},
month={Jan},
day={01},
volume={55},
number={1},
pages={453-563},
issn={1573-7462},
doi={10.1007/s10462-021-10037-9}
}

@article{yang2022_slr_anids,
title = {A systematic literature review of methods and datasets for anomaly-based network intrusion detection},
author = {Zhen Yang and Xiaodong Liu and Tong Li and Di Wu and Jinjiang Wang and Yunwei Zhao and Han Han},
journal = {Computers \& Security},
volume = {116},
pages = {102675},
year = {2022},
month = may,
issn = {0167-4048},
doi = {10.1016/j.cose.2022.102675},
}


%%%%%%%%%%%%%%%%%%%%%%%%%%%%%%%%%%%%%%%%%%%%%%%%%%%%%%%%%%%%%%%%%%%%%
%%%%%%%%%%%%%%%%%%%%%%   DATASETS CITATIONS   %%%%%%%%%%%%%%%%%%%%%%%
%%%%%%%%%%%%%%%%%%%%%%%%%%%%%%%%%%%%%%%%%%%%%%%%%%%%%%%%%%%%%%%%%%%%%

% DARPA 1998 (1998)
@inproceedings{lippmann2000_darpa1998,
title = {{Evaluating intrusion detection systems: the 1998 DARPA off-line intrusion detection evaluation}},
author = {Lippmann, R.P. and Fried, D.J. and Graf, I. and Haines, J.W. and Kendall, K.R. and McClung, D. and Weber, D. and Webster, S.E. and Wyschogrod, D. and Cunningham, R.K. and Zissman, M.A.},
year = {2000},
month = jan,
booktitle = {Proceedings DARPA Information Survivability Conference and Exposition. DISCEX'00},
volume = {2},
number = {},
pages = {12-26 vol.2},
doi = {10.1109/DISCEX.2000.821506},
note={Dataset available at: \url{https://www.ll.mit.edu/r-d/datasets/1998-darpa-intrusion-detection-evaluation-dataset}}
}

% GureKDDcup (1998)
@inproceedings{perona2008_gurekddcup,
title = {Service-independent payload analysis to improve intrusion detection in network traffic},
author = {Perona, I\~{n}igo and Gurrutxaga, Ibai and Arbelaitz, Olatz and Mart\'{\i}n, Jos\'{e} I. and Muguerza, Javier and P\'{e}rez, Jes\'{u}s Ma},
year = {2008},
isbn = {9781920682682},
publisher = {Australian Computer Society, Inc.},
booktitle = {Proceedings of the 7th Australasian Data Mining Conference - Volume 87},
pages = {171–178},
numpages = {8},
location = {Glenelg, Australia},
series = {AusDM '08},
note={Dataset available at: \url{http://www.sc.ehu.es/acwaldap/gureKddcup/}}
}

% KDD'99 (1998)
@inproceedings{stolfo2000_costbased_modeling_ids_kdd99,
    title={{Cost-based modeling for fraud and intrusion detection: results from the JAM project}},
    author={Stolfo, S.J. and Wei Fan and Wenke Lee and Prodromidis, A. and Chan, P.K.},
    booktitle={Proceedings DARPA Information Survivability Conference and Exposition. DISCEX'00}, 
    year={2000},
    volume={2},
    number={},
    pages={130-144 vol.2},
    doi={10.1109/DISCEX.2000.821515},
    note={Dataset available at: \url{http://kdd.ics.uci.edu/databases/kddcup99/kddcup99.html}}
}

% NSL-KDD (1998)
@inproceedings{tavallaee2009_nslkdd,
    title={{A detailed analysis of the KDD CUP 99 data set}},
    author={Tavallaee, Mahbod and Bagheri, Ebrahim and Lu, Wei and Ghorbani, Ali A.},
    year={2009},
    month=jul,
    booktitle={2009 IEEE Symposium on Computational Intelligence for Security and Defense Applications},
    volume={},
    number={},
    pages={1-6},
    doi={10.1109/CISDA.2009.5356528},
    note={Dataset available at: \url{https://www.unb.ca/cic/datasets/nsl.html}}
}

% DARPA 1999 (1999)
@article{lipmann2000_darpa1999,
title = {The 1999 DARPA off-line intrusion detection evaluation},
author = {Richard Lippmann and Joshua W Haines and David J Fried and Jonathan Korba and Kumar Das},
journal = {Computer Networks},
volume = {34},
number = {4},
pages = {579-595},
year = {2000},
month = oct,
issn = {1389-1286},
doi = {10.1016/S1389-1286(00)00139-0},
_url = {https://www.sciencedirect.com/science/article/pii/S1389128600001390},
note={Recent Advances in Intrusion Detection Systems. Dataset available at: \url{https://www.ll.mit.edu/r-d/datasets/1999-darpa-intrusion-detection-evaluation-dataset}}
}

% DARPA 2000 (2000)
@inproceedings{haines2000_darpa2000,
title={Extending the DARPA off-line intrusion detection evaluations}, 
author={Haines, J.W. and Rossey, L.M. and Lippmann, R.P. and Cunningham, R.K.},
booktitle={Proceedings DARPA Information Survivability Conference and Exposition II. DISCEX'01}, 
year={2001},
volume={1},
number={},
pages={35-45 vol.1},
doi={10.1109/DISCEX.2001.932190},
note = {Dataset available at: \url{https://archive.ll.mit.edu/ideval/data/2000data.html}}
}

% MAWILab (2001 - ongoing)
@inproceedings{fontugne2010_mawilab,
title = {{MAWILab: Combining Diverse Anomaly Detectors for Automated Anomaly Labeling and Performance Benchmarking}},
author = {Fontugne, Romain and Borgnat, Pierre and Abry, Patrice and Fukuda, Kensuke},
month = {December},
year = {2010},
isbn = {9781450304481},
publisher = {Association for Computing Machinery},
doi = {10.1145/1921168.1921179},
booktitle = {Proceedings of the 6th International COnference},
series = {Co-NEXT '10},
pages = {1-12},
note = {Dataset available at: \url{http://www.fukuda-lab.org/mawilab/index.html}}
}

% CAIDA DDoS Attack 2007 (2007)
@misc{caida_ddos_attack2007,
    title = {{The CAIDA "DDoS Attack 2007" Dataset}},
    author = {{Center for Applied Internet Data Analysis}},
    year = {2010},
    month = feb,
    note = {Dataset available at: \url{https://www.caida.org/catalog/datasets/ddos-20070804\_dataset/}}
}

% Twente (2008)
@inproceedings{sperotto2009_twente_dataset,
title="A Labeled Data Set for Flow-Based Intrusion Detection",
author="Sperotto, Anna and Sadre, Ramin and van Vliet, Frank and Pras, Aiko",
booktitle="IP Operations and Management",
year="2009",
publisher="Springer Berlin Heidelberg",
pages="39--50",
isbn="978-3-642-04968-2",
doi={10.1007/978-3-642-04968-2_4},
note = {Dataset available at: \url{https://www.simpleweb.org/wiki/index.php/Traces.html#Labeled_Dataset_for_Intrusion_Detection}}
}

% ASNM datasets (2009, 2015, 2018)
@article{homoliak2020_asnm_datasets,
title={{ASNM Datasets: A Collection of Network Attacks for Testing of Adversarial Classifiers and Intrusion Detectors}},
author={Homoliak, Ivan and Malinka, Kamil and Hanacek, Petr},
journal={IEEE Access},
year={2020},
month=jun,
volume={8},
number={},
pages={112427-112453},
doi={10.1109/ACCESS.2020.3001768},
note = {Datasets available at: \url{https://www.fit.vutbr.cz/~ihomoliak/asnm/index.html}}
}

% CDX (2009)
@inproceedings{sangster2009_cdx_dataset,
title = {Toward instrumenting network warfare competitions to generate labeled datasets},
author = {Sangster, Benjamin and O'Connor, T. J. and Cook, Thomas and Fanelli, Robert and Dean, Erik and Adams, William J. and Morrell, Chris and Conti, Gregory},
year = {2009},
publisher = {USENIX Association},
address = {USA},
booktitle = {Proceedings of the 2nd Conference on Cyber Security Experimentation and Test},
series = {CSET'09},
pages = {9},
note = {Dataset available at: \url{https://www.westpoint.edu/centers-and-research/cyber-research-center/data-sets}}
}

% ISOT Botnet (2004 - 2010)
@inproceedings{saad2011_isot_botnet,
  title={Detecting P2P botnets through network behavior analysis and machine learning},
  author={Saad, Sherif and Traore, Issa and Ghorbani, Ali and Sayed, Bassam and Zhao, David and Lu, Wei and Felix, John and Hakimian, Payman},
  booktitle={2011 Ninth Annual International Conference on Privacy, Security and Trust}, 
  year={2011},
  volume={},
  number={},
  pages={174-180},
  doi={10.1109/PST.2011.5971980},
  note = {Dataset available at: \url{https://onlineacademiccommunity.uvic.ca/isot/2022/11/27/botnet-and-ransomware-detection-datasets/}}
}

% CTU-13 (2011)
@article{garcia2014_ctu13,
title = {An empirical comparison of botnet detection methods},
author = {S. García and M. Grill and J. Stiborek and A. Zunino},
journal = {Computers \& Security},
volume = {45},
pages = {100-123},
year = {2014},
issn = {0167-4048},
doi = {10.1016/j.cose.2014.05.011},
note = {Dataset available at: \url{https://www.stratosphereips.org/datasets-ctu13}}
}


% HogZilla (2011, 2012)
@misc{hogzilla2012_hogzilla_dataset,
title = {The Hogzilla Dataset},
year={2015},
month=sep,
note = {Dataset available at: \url{https://ids-hogzilla.org/dataset/}}
}

% ISCS-IDS-2012 (2012)
@article{shiravi2012_iscx2012,
title = {Toward developing a systematic approach to generate benchmark datasets for intrusion detection},
author = {Ali Shiravi and Hadi Shiravi and Mahbod Tavallaee and Ali A. Ghorbani},
journal = {Computers \& Security},
volume = {31},
number = {3},
pages = {357-374},
year = {2012},
issn = {0167-4048},
doi = {10.1016/j.cose.2011.12.012},
note = {Dataset available at: \url{https://www.unb.ca/cic/datasets/ids.html}}
}

% Booters (2013)
@inproceedings{santanna2015_booters,
author={Santanna, J.J. and van Rijswijk-Deij, R. and Hofstede, R. and Sperotto, A. and Wierbosch, M. and Zambenedetti Granville, L. and Pras, A.},
booktitle={IFIP/IEEE International Symposium on Integrated Network Management (IM)},
title={Booters - An analysis of DDoS-as-a-service attacks},
year={2015},
month={May},
pages={243-251},
doi={10.1109/INM.2015.7140298},
note = {Dataset available at: \url{https://www.simpleweb.org/wiki/index.php/Traces.html#Booters_-_An_analysis_of_DDoS-as-a-Service_Attacks}}
}

% Botnet (ISCX-Botnet) (2004 - 2014)
@inproceedings{beigi2014_botnet_dataset,
title={{Towards effective feature selection in machine learning-based botnet detection approaches}}, 
author={Biglar Beigi, Elaheh and Hadian Jazi, Hossein and Stakhanova, Natalia and Ghorbani, Ali A.},
booktitle={2014 IEEE Conference on Communications and Network Security}, 
year={2014},
volume={},
number={},
pages={247-255},
doi={10.1109/CNS.2014.6997492},
note = {Dataset available at: \url{https://www.unb.ca/cic/datasets/botnet.html}}
}


% SSHCure (2013-2014)
@article{hofstede2014_sshcure,
title = {{SSH Compromise Detection using NetFlow/IPFIX}},
author = {Hofstede, Rick and Hendriks, Luuk and Sperotto, Anna and Pras, Aiko},
year = {2014},
journal = {SIGCOMM Comput. Commun. Rev.},
publisher = {Association for Computing Machinery},
address = {New York, NY, USA},
volume = {44},
number = {5},
issn = {0146-4833},
doi = {10.1145/2677046.2677050},
month = {oct},
pages = {20–26},
note = {Dataset available at: \url{https://www.simpleweb.org/wiki/index.php/SSH_datasets.html}}
}

% AWID2 (2015)
@article{kolias2015_awid2_dataset,
title={Intrusion Detection in 802.11 Networks: Empirical Evaluation of Threats and a Public Dataset},
author={Kolias, Constantinos and Kambourakis, Georgios and Stavrou, Angelos and Gritzalis, Stefanos},
journal={IEEE Communications Surveys \& Tutorials},
year={2016},
volume={18},
number={1},
pages={184-208},
doi={10.1109/COMST.2015.2402161},
note={Dataset available at: \url{https://icsdweb.aegean.gr/awid/}}
}


% Kyoto 2006+ (2006 - 2015)
@inproceedings{song2011_kyoto_dataset,
title = {Statistical Analysis of Honeypot Data and Building of Kyoto 2006+ Dataset for NIDS Evaluation},
author = {Song, Jungsuk and Takakura, Hiroki and Okabe, Yasuo and Eto, Masashi and Inoue, Daisuke and Nakao, Koji},
year = {2011},
month = apr,
booktitle = {Proceedings of the First Workshop on Building Analysis Datasets and Gathering Experience Returns for Security},
series = {BADGERS '11},
publisher = {Association for Computing Machinery},
pages = {29–36},
address = {New York, NY, USA},
isbn = {9781450307680},
doi = {10.1145/1978672.1978676},
note = {Dataset available at: \url{https://www.takakura.com/Kyoto_data/}}
}

% UNSW-NB15 (2015)
@inproceedings{moustafa2015_unswnb15,
title = {UNSW-NB15: a comprehensive data set for network intrusion detection systems (UNSW-NB15 network data set)},
author = {Moustafa, Nour and Slay, Jill},
year = {2015},
month = nov,
booktitle = {2015 Military Communications and Information Systems Conference (MilCIS)},
volume = {},
number = {},
pages = {1-6},
doi = {10.1109/MilCIS.2015.7348942},
note = {Dataset available at: \url{https://research.unsw.edu.au/projects/unsw-nb15-dataset}}
}

% NF-UQ-NIDS, NF-UQ-NIDS-v2 (2015, 2017, 2018)
@inproceedings{sarhan2021_netflow_datasets_ml_nids,
title="NetFlow Datasets for Machine Learning-Based Network Intrusion Detection Systems",
author="Sarhan, Mohanad and Layeghy, Siamak and Moustafa, Nour
and Portmann, Marius",
editor="Deze, Zeng and Huang, Huan and Hou, Rui and Rho, Seungmin and Chilamkurti, Naveen",
booktitle="Big Data Technologies and Applications",
year="2021",
month=apr,
pages="117-135",
isbn={978-3-030-72802-1},
publisher="Springer International Publishing",
address="Cham",
doi={10.1007/978-3-030-72802-1_9},
note = {Datasets available at: \url{https://staff.itee.uq.edu.au/marius/NIDS_datasets/}}
}

% NF-UQ-NIDS, NF-UQ-NIDS-v2 (2015, 2017, 2018)
@article{sarhan2022_nids_feature_set,
author={Sarhan, Mohanad and Layeghy, Siamak and Portmann, Marius},
title={{Towards a Standard Feature Set for Network Intrusion Detection System Datasets}},
journal={Mobile Networks and Applications},
year={2022},
month=feb,
volume={27},
number={1},
pages={357-370},
issn={1572-8153},
doi={10.1007/s11036-021-01843-0},
note = {Datasets available at: \url{https://staff.itee.uq.edu.au/marius/NIDS_datasets/}}
}

% DDoS 2016 (2016)
@article{alkasassbeh2016_ddos2016,
title={Detecting Distributed Denial of Service Attacks Using Data Mining Techniques},
author={Alkasassbeh, Mouhammd and Al-Naymat, Ghazi and Hassanat, Ahmad B. A. and Almseidin, Mohammad},
journal={International Journal of Advanced Computer Science and Applications},
year={2016},
publisher={Science and Information (SAI) Organization Limited},
address={West Yorkshire},
volume={7},
number={1},
issn={2158107X},
doi={10.14569/IJACSA.2016.070159},
note = {Dataset available at: \url{https://www.researchgate.net/publication/292967044_Dataset-_Detecting_Distributed_Denial_of_Service_Attacks_Using_Data_Mining_Techniques}}
}

% Kent 2016
@inbook{kent2016_cybersecdata_dynamicnet,
author = { Alexander D. Kent},
title = {Cyber security data sources for dynamic network research},
year={2016},
booktitle = {Dynamic Networks and Cyber-Security},
publisher={World Scientific},
chapter = {Chapter 2},
pages = {37-65},
doi = {10.1142/9781786340757_0002},
note = {Dataset available at: \url{https://csr.lanl.gov/data/cyber1/}}
}

% NDSec-1 (2016)
@inproceedings{beer2017_ndsec1,
title={{A new Attack Composition for Network Security}},
author={Beer, Frank AND Hofer, Tim AND Karimi, David AND Bühler, Ulrich},
booktitle = {10. DFN-Forum Kommunikationstechnologien},
year={2017},
month=may,
pages={11--20},
isbn = "978-3-88579-665-7",
publisher={Gesellschaft für Informatik e.V.},
address={Bonn},
note = {Dataset available at: \url{https://www2.hs-fulda.de/NDSec/NDSec-1/}}
}

% NGIDS-DS (2016)
@article{haider2017_ngids_ds_dataset,
title = {{Generating realistic intrusion detection system dataset based on fuzzy qualitative modeling}},
author = {W. Haider and J. Hu and J. Slay and B.P. Turnbull and Y. Xie},
journal = {Journal of Network and Computer Applications},
volume = {87},
pages = {185-192},
year = {2017},
issn = {1084-8045},
doi = {10.1016/j.jnca.2017.03.018},
note = {Dataset available at: \url{https://doi.org/10.26190/unsworks/25289}}
}

% UGR-16 (2016)
@article{marciafernandez2018_ugr16,
title={{UGR‘16: A new dataset for the evaluation of cyclostationarity-based network IDSs}},
author={Maciá-Fernández, Gabriel and Camacho, José and Magán-Carrión, Roberto and García-Teodoro, Pedro and Therón, Roberto},
year={2018},
month=mar,
journal={Computers \& Security},
volume={73},
pages={411–424},
issn={01674048},
doi={10.1016/j.cose.2017.11.004},
note = {Dataset available at: \url{https://nesg.ugr.es/nesg-ugr16/}}
}

% Unified Host and Network (2016)
@incollection{turcotte2019_unified,
title={{Unified host and network data set}},
author={Turcotte, Melissa JM and Kent, Alexander D and Hash, Curtis},
booktitle={Data science for cyber-security},
pages={1--22},
year={2019},
publisher={World Scientific},
doi={10.1142/9781786345646_001},
note={Dataset available at: \url{https://csr.lanl.gov/data/2017/}}
}

@article{jazi2017_cic_dos2017_dataset,
title = {Detecting HTTP-based application layer DoS attacks on web servers in the presence of sampling},
author = {Hossein Hadian Jazi and Hugo Gonzalez and Natalia Stakhanova and Ali A. Ghorbani},
journal = {Computer Networks},
volume = {121},
pages = {25-36},
year = {2017},
issn = {1389-1286},
doi = {10.1016/j.comnet.2017.03.018},
note = {Dataset available at: \url{https://www.unb.ca/cic/datasets/dos-dataset.html}}
}

% CIC-IDS2017 (2017) & CSE-CIC-IDS2018 (2018)
@inproceedings{sharafin2018_cicids2017_csecic2018,
title={{Toward Generating a New Intrusion Detection Dataset and Intrusion Traffic Characterization}},
author={Sharafaldin, Iman and Habibi Lashkari, Arash and Ghorbani, Ali},
year={2018},
month=jan,
booktitle={4th International Conference on Information Systems Security and Privacy},
pages={108-116},
doi={10.5220/0006639801080116},
note = {CIC-IDS2017 dataset available at: \url{https://www.unb.ca/cic/datasets/ids-2017.html}, CSE-CIC2018 at: \url{https://www.unb.ca/cic/datasets/ids-2018.html}}
}

% Improved CIC-IDS2017 (2017) & Improved CSE-CIC-IDS2018 (2018)
@inproceedings{liu2022_error_prevalence_nids_data,
title={Error Prevalence in NIDS datasets: A Case Study on CIC-IDS-2017 and CSE-CIC-IDS-2018},
author={Liu, Lisa and Engelen, Gints and Lynar, Timothy and Essam, Daryl and Joosen, Wouter},
booktitle={2022 IEEE Conference on Communications and Network Security (CNS)},
volume={},
number={},
pages={254--262},
year={2022},
organization={IEEE},
doi={10.1109/CNS56114.2022.9947235},
note = {{Improved CIC-IDS2017 and CSE-CIC-IDS2018 datasets available at: \url{https://intrusion-detection.distrinet-research.be/CNS2022/index.html}}},
}

@inproceedings{engelen2021_cicids2017_troubleshooting,
title={{Troubleshooting an Intrusion Detection Dataset: the CICIDS2017 Case Study}}, 
author={Engelen, Gints and Rimmer, Vera and Joosen, Wouter},
booktitle={2021 IEEE Security and Privacy Workshops (SPW)}, 
year={2021},
month=may,
volume={},
number={},
pages={7-12},
doi={10.1109/SPW53761.2021.00009},
}

% 2017-SUEE8 (2017)
@misc{lukeseder2017_suee_dataset,
title = {2017-SUEE-data-set},
author = {Thomas Lukaseder},
year = {2017},
note = {Dataset available at: \url{https://github.com/vs-uulm/2017-SUEE-data-set}}
}

% CIDDS-001 paper (2017)
@incollection{ring2017_cidds001,
title={Flow-based benchmark data sets for intrusion detection},
author={Ring, Markus and Wunderlich, Sarah and Grüdl, Dominik and Landes, Dieter and Hotho, Andreas},
booktitle={Proceedings of the 16th European Conference on Cyber Warfare and Security (ECCWS)},
year={2017},
pages={361--369},
publisher={ACPI},
note = {Dataset available at: \url{https://www.hs-coburg.de/cidds}}
}

% CIDDS-002 (2017)
@article{ring2017_cidds002,
title = {Creation of Flow-Based Data Sets for Intrusion Detection},
author = {M Ring and S Wunderlich and D Grüdl and D Landes and A Hotho},
issn = {14453312, 14453347},
journal = {Journal of Information Warfare},
number = {4},
pages = {41--54},
publisher = {Peregrine Technical Solutions},
volume = {16},
year = {2017},
note = {{\url{https://www.jstor.org/stable/26504117}. Dataset available at: \url{https://www.hs-coburg.de/cidds}}},
}

@inproceedings{alenazi2017_isot_http_botnet,
author="Alenazi, Abdelraman and Traore, Issa and Ganame, Karim and Woungang, Isaac",
editor="Traore, Issa and Woungang, Isaac and Awad, Ahmed",
title="Holistic Model for HTTP Botnet Detection Based on DNS Traffic Analysis",
booktitle="Intelligent, Secure, and Dependable Systems in Distributed and Cloud Environments",
year="2017",
month=oct,
publisher="Springer International Publishing",
address="Cham",
pages="1--18",
isbn="978-3-319-69155-8",
doi={10.1007/978-3-319-69155-8_1},
note = {Dataset available at: \url{https://onlineacademiccommunity.uvic.ca/isot/2022/11/27/botnet-and-ransomware-detection-datasets/}}
}

% IoT host-based ID dataset (2017)
@inproceedings{bezerra2018_iot_hostbased_dataset,
title={Providing IoT host-based datasets for intrusion detection research},
author={Vitor Hugo Bezerra and Victor G. Turrisi da Costa and Ricardo Augusto Martins and Sylvio Barbon Junior and Rodrigo Sanches Miani and Bruno Bogaz Zarpel{\~a}o},
booktitle={Anais do XVIII Simp\'{o}sio Brasileiro de Seguran\c{c}a da Informa\c{c}\~{a}o e de Sistemas Computacionais},
year={2018},
pages={15--28},
publisher={SBC},
doi={10.5753/sbseg.2018.4240},
note={Dataset available at: \url{https://www.uel.br/grupo-pesquisa/secmq/dataset-iot-security.html}}
}

% LYCOS-IDS2017
@inproceedings{rosay2022_lycos_ids2017,
title = {From CIC-IDS2017 to LYCOS-IDS2017: A corrected dataset for better performance},
author = {Rosay, Arnaud and Carlier, Florent and Cheval, Elo\"{\i}se and LeRoux, Pascal},
year = {2022},
isbn = {9781450391153},
publisher = {Association for Computing Machinery},
address = {New York, NY, USA},
doi = {10.1145/3486622.3493973},
booktitle = {IEEE/WIC/ACM International Conference on Web Intelligence and Intelligent Agent Technology},
pages = {570–575},
numpages = {6},
series = {WI-IAT '21},
note = {Dataset available at: \url{https://lycos-ids.univ-lemans.fr/}}
}

% TrabID (2017)
@article{viegas2017_trabid_dataset,
title = {Toward a reliable anomaly-based intrusion detection in real-world environments},
author = {Eduardo K. Viegas and Altair O. Santin and Luiz S. Oliveira},
journal = {Computer Networks},
volume = {127},
pages = {200-216},
year = {2017},
issn = {1389-1286},
doi = {10.1016/j.comnet.2017.08.013},
note = {Dataset available at: \url{https://secplab.ppgia.pucpr.br/?q=trabid}}
}

% ISOT-CID (2016, 2018)
@article{aldribi2020_isotcid,
title = {Hypervisor-based cloud intrusion detection through online multivariate statistical change tracking},
author = {Abdulaziz Aldribi and Issa Traoré and Belaid Moa and Onyekachi Nwamuo},
journal = {Computers \& Security},
volume = {88},
pages = {101646},
year = {2020},
issn = {0167-4048},
doi = {10.1016/j.cose.2019.101646},
note = {Dataset available at: \url{https://onlineacademiccommunity.uvic.ca/isot/2022/11/25/cloud-security-datasets/}}
}

% Kitsune Network Attack Dataset (2017, 2018)
@inproceedings{mirsky2018_kitsune,
title={Kitsune: An Ensemble of Autoencoders for Online Network Intrusion Detection},
author={Mirsky, Yisroel and Doitshman, Tomer and Elovici, Yuval and Shabtai, Asaf},
booktitle={The Network and Distributed System Security Symposium (NDSS) 2018},
year={2018},
pages={1--15},
note={Dataset available at: \url{https://www.kaggle.com/datasets/ymirsky/network-attack-dataset-kitsune}}
}

% NetML (2013, 2017, 2018)
@misc{barut2020_netml_dataset,
title={NetML: A Challenge for Network Traffic Analytics}, 
author={Onur Barut and Yan Luo and Tong Zhang and Weigang Li and Peilong Li},
year={2020},
_eprint={2004.13006},
_archivePrefix={arXiv},
primaryClass={cs.CR},
doi={10.48550/arXiv.2004.13006},
note = {Dataset available at: \url{https://github.com/ACANETS/NetML-Competition2020}}
}

% BoT-IoT (2018)
@article{koroniotis2019_botiot_dataset,
title = {Towards the development of realistic botnet dataset in the Internet of Things for network forensic analytics: Bot-IoT dataset},
author = {Nickolaos Koroniotis and Nour Moustafa and Elena Sitnikova and Benjamin Turnbull},
journal = {Future Generation Computer Systems},
volume = {100},
pages = {779-796},
year = {2019},
issn = {0167-739X},
doi = {10.1016/j.future.2019.05.041},
note = {Dataset available at: \url{https://research.unsw.edu.au/projects/bot-iot-dataset}}
}

% N-BaIoT (2018)
@article{meidan2018_nbaiot_dataset,
title={N-BaIoT—Network-Based Detection of IoT Botnet Attacks Using Deep Autoencoders}, 
author={Meidan, Yair and Bohadana, Michael and Mathov, Yael and Mirsky, Yisroel and Shabtai, Asaf and Breitenbacher, Dominik and Elovici, Yuval},
journal={IEEE Pervasive Computing}, 
year={2018},
volume={17},
number={3},
pages={12-22},
doi={10.1109/MPRV.2018.03367731},
note = {Dataset available at: \url{https://doi.org/10.24432/C5RC8J}}
}

% IoT-23 (2017-2018)
@misc{garcia2020_iot23_dataset,
title = {IoT-23: A labeled dataset with malicious and benign IoT network traffic (Version 1.0.0) [Data set]},
author = {Sebastian Garcia and Agustin Parmisano and Maria Jose Erquiaga},
year = {2020},
doi={10.5281/zenodo.4743746},
note = {Dataset available at: \url{https://www.stratosphereips.org/datasets-iot23}}
}

% CIC-DDoS2019 (2019)
@inproceedings{sharafaldin2019_cic_ddos2019,
title={{Developing Realistic Distributed Denial of Service (DDoS) Attack Dataset and Taxonomy}},
author={Sharafaldin, Iman and Lashkari, Arash Habibi and Hakak, Saqib and Ghorbani, Ali A.},
booktitle={2019 International Carnahan Conference on Security Technology (ICCST)},
year={2019},
volume={},
number={},
pages={1-8},
doi={10.1109/CCST.2019.8888419},
note={Dataset available at: \url{https://www.unb.ca/cic/datasets/ddos-2019.html}}
}

% CUPID (2019)
@article{lawrence2022_cupid,
title = {CUPID: A labeled dataset with Pentesting for evaluation of network intrusion detection},
author = {Heather Lawrence and Uchenna Ezeobi and Orly Tauil and Jacob Nosal and Owen Redwood and Yanyan Zhuang and Gedare Bloom},
journal = {Journal of Systems Architecture},
volume = {129},
pages = {102621},
year = {2022},
issn = {1383-7621},
doi = {10.1016/j.sysarc.2022.102621},
note = {Dataset available at: \url{https://www.cupid.directory}}
}

% GTCS (2019)
@article{mahfouz2020_gtcs,
author = {Mahfouz, Ahmed and Abuhussein, Abdullah and Venugopal, Deepak and Shiva, Sajjan},
title = {Ensemble Classifiers for Network Intrusion Detection Using a Novel Network Attack Dataset},
journal = {Future Internet},
volume = {12},
year = {2020},
number = {11},
issn = {1999-5903},
doi = {10.3390/fi12110180},
note = {Dataset available at: \url{https://www.researchgate.net/publication/344478320_GTCS_Network_Attack_Dataset}}
}

% IoT Network Intrusion dataset (2019)
@misc{kang2019_iot_net_intrusion_dataset,
doi = {10.21227/q70p-q449},
title = {IoT network intrusion dataset},
author = {Kang, Hyunjae and Ahn, Dong Hyun and Lee, Gyung Min and Yoo, Jeong Do and Park, Kyung Ho and Kim, Huy Kang},
publisher = {IEEE Dataport},
year = {2019},
note = {Dataset available at: \url{https://ieee-dataport.org/open-access/iot-network-intrusion-dataset}}
}

% IoTID (2019)
@inproceedings{ullah2020_iotid,
title="A Scheme for Generating a Dataset for Anomalous Activity Detection in IoT Networks",
author="Ullah, Imtiaz and Mahmoud, Qusay H.",
editor="Goutte, Cyril and Zhu, Xiaodan",
booktitle="Advances in Artificial Intelligence",
year="2020",
publisher="Springer International Publishing",
address="Cham",
pages="508--520",
isbn="978-3-030-47358-7",
doi={10.1007/978-3-030-47358-7_52},
note={Dataset available at: \url{https://sites.google.com/view/iot-network-intrusion-dataset/}}
}

% TON-IoT (2019)
@article{alsaedi2020_toniot_dataset,
title={TON\_IoT Telemetry Dataset: A New Generation Dataset of IoT and IIoT for Data-Driven Intrusion Detection Systems}, 
author={Alsaedi, Abdullah and Moustafa, Nour and Tari, Zahir and Mahmood, Abdun and Anwar, Adnan},
journal={IEEE Access}, 
year={2020},
volume={8},
number={},
pages={165130-165150},
doi={10.1109/ACCESS.2020.3022862},
note = {Dataset available at: \url{https://research.unsw.edu.au/projects/toniot-datasets}}
}

% TON-IoT Network dataset (2019)
@article{moustafa2021_toniot_net,
title = {A new distributed architecture for evaluating AI-based security systems at the edge: Network TON\_IoT datasets},
author = {Nour Moustafa},
journal = {Sustainable Cities and Society},
volume = {72},
pages = {102994},
year = {2021},
issn = {2210-6707},
doi = {10.1016/j.scs.2021.102994},
}

% MedBIoT (2020)
@inproceedings{guerramanzanes2020_medbiot,
title={MedBIoT: Generation of an IoT Botnet Dataset in a Medium-sized IoT Network},
author={Alejandro Guerra-Manzanares and Jorge Medina-Galindo and Hayretdin Bahsi and Sven N{\~o}mm},
booktitle={Proceedings of the 6th International Conference on Information Systems Security and Privacy - ICISSP},
pages={207--218},
year={2020},
publisher={SciTePress},
organization={INSTICC},
doi={10.5220/0009187802070218},
isbn={978-989-758-399-5},
issn={2184-4356},
note = {Dataset available at: \url{https://cs.taltech.ee/research/data/medbiot/}}
}

% WUSTL-IIoT-2021 (2019)
@misc{zolanvari2019_wustl_iiot2021,
title = {WUSTL-IIOT-2021 Dataset for IIoT Cybersecurity Research},
author = {M. Zolanvari and M. A. Teixeira and L. Gupta and K. M. Khan and R. Jain},
year = {2021},
month = {October},
organization = {Washington University in St. Louis},
address = {USA},
doi={10.21227/yftq-n229},
note = {Dataset available at: \url{https://www.cse.wustl.edu/~jain/iiot2/index.html}}
}

% X-IIoTID (2019, 2020)
@article{alhawawreh2022_xiiotid,
title={X-IIoTID: A Connectivity-Agnostic and Device-Agnostic Intrusion Data Set for Industrial Internet of Things}, 
author={Al-Hawawreh, Muna and Sitnikova, Elena and Aboutorab, Neda},
journal={IEEE Internet of Things Journal}, 
year={2022},
volume={9},
number={5},
pages={3962-3977},
doi={10.1109/JIOT.2021.3102056},
note={Dataset available at: \url{https://www.kaggle.com/datasets/munaalhawawreh/xiiotid-iiot-intrusion-dataset}}
}

% BOUN DDoS (2020)
@article{erhan2020_bogazici_ddos_dataset,
author={Erhan, Derya and Anar{\i}m, Emin},
title={Bo\u{g}azi\c{c}i University distributed denial of service dataset},
journal={Data in Brief},
year={2020},
month={Oct},
day={01},
publisher={Elsevier},
volume={32},
issn={2352-3409},
doi={10.1016/j.dib.2020.106187},
note = {Dataset available at: \url{https://data.mendeley.com/datasets/mfnn9bh42m/1}}
}

% DAPT 2020 (2020)
@inproceedings{myneni2020_dapt2020,
title="DAPT 2020 - Constructing a Benchmark Dataset for Advanced Persistent Threats",
author="Myneni, Sowmya and Chowdhary, Ankur and Sabur, Abdulhakim and Sengupta, Sailik and Agrawal, Garima and Huang, Dijiang and Kang, Myong",
editor="Wang, Gang and Ciptadi, Arridhana and Ahmadzadeh, Ali",
booktitle="Deployable Machine Learning for Security Defense",
year="2020",
publisher="Springer International Publishing",
pages="138--163",
doi="10.1007/978-3-030-59621-7_8",
isbn="978-3-030-59621-7",
note = {Dataset available at: \url{https://www.kaggle.com/datasets/sowmyamyneni/dapt2020}}
}

% InSDN (2020)
@article{elsayed2020_insdn,
author={Elsayed, Mahmoud Said and Le-Khac, Nhien-An and Jurcut, Anca D.},
journal={IEEE Access}, 
title={InSDN: A Novel SDN Intrusion Dataset}, 
year={2020},
volume={8},
number={},
pages={165263-165284},
doi={10.1109/ACCESS.2020.3022633},
note = {Dataset available at: \url{https://aseados.ucd.ie/datasets/SDN/}}
}


% LITNET (2020)
@article{damasevicius2020_litnet2020,
TITLE = {LITNET-2020: An Annotated Real-World Network Flow Dataset for Network Intrusion Detection},
AUTHOR = {Damasevicius, Robertas and Venckauskas, Algimantas and Grigaliunas, Sarunas and Toldinas, Jevgenijus and Morkevicius, Nerijus and Aleliunas, Tautvydas and Smuikys, Paulius},
JOURNAL = {Electronics},
VOLUME = {9},
YEAR = {2020},
NUMBER = {5},
ARTICLE-NUMBER = {800},
ISSN = {2079-9292},
DOI = {10.3390/electronics9050800},
note = {Dataset available at: \url{https://github.com/Grigaliunas/electronics9050800/}}
}

% OPC UA (2020)
@misc{pinto2020_opc_ua_dataset,
title = {The OPC UA Dataset},
author = {Pinto, Rui},
doi = {10.21227/ychv-6c68},
publisher = {IEEE Dataport},
year = {2020},
note = {Dataset available at: \url{https://digi2-feup.github.io/OPCUADataset/}}
}

% SDN Dataset (2020)
@inproceedings{sarica2020_sdn_dataset,
title={A Novel SDN Dataset for Intrusion Detection in IoT Networks}, 
author={Kaan Sarica, Alper and Angin, Pelin},
booktitle={2020 16th International Conference on Network and Service Management (CNSM)}, 
year={2020},
volume={},
number={},
pages={1-5},
doi={10.23919/CNSM50824.2020.9269042},
note = {Dataset available at: \url{https://github.com/AlperKaan35/SDN-Dataset}}
}

% SR-BH 2020 (2020)
@article{riera2022_sr_bh2020,
title = {A new multi-label dataset for Web attacks CAPEC classification using machine learning techniques},
author = {Tomás Sureda Riera and Juan-Ramón Bermejo Higuera and Javier Bermejo Higuera and José-Javier Martínez Herraiz and Juan-Antonio Sicilia Montalvo},
journal = {Computers \& Security},
volume = {120},
pages = {102788},
year = {2022},
issn = {0167-4048},
doi = {10.1016/j.cose.2022.102788},
note = {Dataset available at: \url{https://doi.org/10.7910/DVN/OGOIXX}}
}

% VOIP Enterprise - Attack Dataset (2020)
@article{alvares2021_voip_enterprise_attack_dataset,
title = {Dataset of attacks on a live enterprise VoIP network for machine learning based intrusion detection and prevention systems},
author = {Christabelle Alvares and Dristi Dinesh and Syed Alvi and Tannish Gautam and Maheen Hasib and Ali Raza},
journal = {Computer Networks},
volume = {197},
pages = {108283},
year = {2021},
issn = {1389-1286},
doi = {10.1016/j.comnet.2021.108283},
note = {Dataset available at: \url{https://drive.google.com/drive/folders/1rGBsHSS3CUQa2ntQkaQfcn-tQggJcm_o}}
}

% UKM-IDS20 (2020)
@article{aldaweri2021_ukmids20,
title = {An adaptive method and a new dataset, UKM-IDS20, for the network intrusion detection system},
author = {Muataz Salam Al-Daweri and Salwani Abdullah and Khairul Akram {Zainol Ariffin}},
journal = {Computer Communications},
volume = {180},
pages = {57-76},
year = {2021},
issn = {0140-3664},
doi = {10.1016/j.comcom.2021.09.007},
note = {Dataset available at: \url{https://www.kaggle.com/datasets/muatazsalam/ukm-ids20}}
}

AWID3 (2021)
@article{chatzoglou2021_awid3_dataset,
title={Empirical Evaluation of Attacks Against IEEE 802.11 Enterprise Networks: The AWID3 Dataset}, 
author={Chatzoglou, Efstratios and Kambourakis, Georgios and Kolias, Constantinos},
journal={IEEE Access}, 
year={2021},
volume={9},
number={},
pages={34188-34205},
doi={10.1109/ACCESS.2021.3061609},
note = {Dataset available at: \url{https://icsdweb.aegean.gr/awid/}}
}

% CCD-INID-V1 (2021)
@article{liu2021_ccd_inid_v1,
title = {Using Embedded Feature Selection and CNN for Classification on CCD-INID-V1—A New IoT Dataset},
author = {Liu, Zhipeng and Thapa, Niraj and Shaver, Addison and Roy, Kaushik and Siddula, Madhuri and Yuan, Xiaohong and Yu, Anna},
journal = {Sensors},
volume = {21},
year = {2021},
number = {14},
article-number = {4834},
_url = {https://www.mdpi.com/1424-8220/21/14/4834},
issn = {1424-8220},
doi = {10.3390/s21144834},
note = {Data available at: \url{https://github.com/Innovate3000/CCD-INID-V1/}}
}

% CyberFORCE Scenario (2021)
@misc{cybervan2021_cyberforce_scenario,
title = {CyberForce Scenario Data Collection},
author = {{CyberVAN Team}},
year = {2021},
month = mar,
note = {Dataset available at: \url{https://cybervan.peratonlabs.com:9000/cyberforce-scenario-data-sets}}
}

% Edge-IIoTset (2021)
@article{ferrag2022_edge_iiotset,
title={Edge-IIoTset: A New Comprehensive Realistic Cyber Security Dataset of IoT and IIoT Applications for Centralized and Federated Learning}, 
author={Ferrag, Mohamed Amine and Friha, Othmane and Hamouda, Djallel and Maglaras, Leandros and Janicke, Helge},
journal={IEEE Access}, 
year={2022},
volume={10},
number={},
pages={40281-40306},
doi={10.1109/ACCESS.2022.3165809},
note={Dataset available at: \url{https://www.kaggle.com/datasets/mohamedamineferrag/edgeiiotset-cyber-security-dataset-of-iot-iiot}}
}

% HIKARI-2021 (2021)
@article{ferriyan2021_hikari2021,
title = {Generating Network Intrusion Detection Dataset Based on Real and Encrypted Synthetic Attack Traffic},
author = {Ferriyan, Andrey and Thamrin, Achmad Husni and Takeda, Keiji and Murai, Jun},
journal = {Applied Sciences},
volume = {11},
year = {2021},
number = {17},
article-number = {7868},
issn = {2076-3417},
note = {Dataset available at: \url{https://doi.org/10.5281/zenodo.6463389}}
}

% I-Sec (2021)
@article{serinelli2023_isec_ids_dataset,
title = "{Toward generating a DoS and scan statistical network traffic metrics for building intrusion detection solution based on machine and deep learning: I-Sec-IDS datasets}",
author = {Serinelli, Benedetto Marco},
journal = {AIP Conference Proceedings},
volume = {2724},
number = {1},
pages = {040010},
year = {2023},
month = {04},
issn = {0094-243X},
doi = {10.1063/5.0141860},
note = {Dataset available at: \url{https://gitlab.unige.ch/Benedetto.Serinelli/i-sec-dataset/}}
}

% PWNJUTSU (2021)
@article{berady2022_pwnjutsu_dataset,
title={PWNJUTSU: A Dataset and a Semantics-Driven Approach to Retrace Attack Campaigns}, 
author={Berady, Aimad and Jaume, Mathieu and Triem Tong, Valérie Viet and Guette, Gilles},
journal={IEEE Transactions on Network and Service Management}, 
year={2022},
volume={19},
number={4},
pages={5252-5264},
doi={10.1109/TNSM.2022.3183476},
note = {Dataset available at: \url{https://pwnjutsu.irisa.fr/}}
}

% Unraveled (2021)
@article{myneni2023_unraveled,
author = {Sowmya Myneni and Kritshekhar Jha and Abdulhakim Sabur and Garima Agrawal and Yuli Deng and Ankur Chowdhary and Dijiang Huang},
title = {Unraveled — A semi-synthetic dataset for Advanced Persistent Threats},
journal = {Computer Networks},
volume = {227},
pages = {109688},
year = {2023},
issn = {1389-1286},
doi = {10.1016/j.comnet.2023.109688},
note = {Dataset available at: \url{https://gitlab.com/asu22/unraveled/}}
}

% USB-IDS-1 (2021)
@inproceedings{catillo2021_usbids1,
title={USB-IDS-1: a Public Multilayer Dataset of Labeled Network Flows for IDS Evaluation},
author={Catillo, Marta and Del Vecchio, Andrea and Ocone, Luciano and Pecchia, Antonio and Villano, Umberto},
booktitle={2021 51st Annual IEEE/IFIP International Conference on Dependable Systems and Networks Workshops (DSN-W)}, 
year={2021},
volume={},
number={},
pages={1-6},
doi={10.1109/DSN-W52860.2021.00012},
note = {Dataset available at: \url{https://idsdata.ding.unisannio.it}}
}

% VHS-22 (2004 - 2022)
@inproceedings{szumelda2022_vhs22_dataset,
title = {VHS-22 – A Very Heterogeneous Set of Network Traffic Data for Threat Detection},
author = {Szumelda, Pawel and Orzechowski, Natan and Rawski, Mariusz and Janicki, Artur},
year = {2022},
isbn = {9781450396035},
publisher = {Association for Computing Machinery},
address = {New York, NY, USA},
doi = {10.1145/3528580.3532843},
booktitle = {Proceedings of the 2022 European Interdisciplinary Cybersecurity Conference},
pages = {72–78},
numpages = {7},
series = {EICC '22},
note = {Dataset available at: \url{https://www.kaggle.com/datasets/h2020simargl/vhs-22-network-traffic-dataset}}
}

% LUFlow (2020 - 2022)
@misc{mills2022_luflow,
title = {LUFlow Network Intrusion Detection Data Set},
author = {Ryan Mills},
year = {2022},
publisher={Kaggle},
doi={10.34740/kaggle/dsv/11194052},
note = {Dataset available at: \url{https://www.kaggle.com/datasets/mryanm/luflow-network-intrusion-detection-data-set}}
}

% CIC IoT Dataset 2022
@inproceedings{dadkhah2022_ciciot2022,
title={Towards the Development of a Realistic Multidimensional IoT Profiling Dataset}, 
author={Dadkhah, Sajjad and Mahdikhani, Hassan and Danso, Priscilla Kyei and Zohourian, Alireza and Truong, Kevin Anh and Ghorbani, Ali A.},
booktitle={2022 19th Annual International Conference on Privacy, Security \& Trust (PST)}, 
year={2022},
volume={},
number={},
pages={1-11},
doi={10.1109/PST55820.2022.9851966},
note = {Dataset available at: \url{https://www.unb.ca/cic/datasets/iotdataset-2022.html}}
}

% UWF-Zeekdata22 (2021 2022)
@article{bagui2023_uwf_zeekdata22,
title={Introducing UWF-ZeekData22: A Comprehensive Network Traffic Dataset Based on the MITRE ATT\&CK Framework},
author={Bagui, Sikha S. and Mink, Dustin and Bagui, Subhash C. and Ghosh, Tirthankar and Plenkers, Russel and McElroy, Tom and Dulaney, Stephan and Shabanali, Sajida},
journal={Data},
volume={8},
year={2023},
number={1},
article-number={18},
doi={10.3390/data8010018},
note = {Dataset available at: \url{https://datasets.uwf.edu/}}
}

% AIT Log Dataset 2.0 (2022)
@article{landauer2023_ait_ldsv2_dataset,
title={Maintainable Log Datasets for Evaluation of Intrusion Detection Systems}, 
author={Landauer, Max and Skopik, Florian and Frank, Maximilian and Hotwagner, Wolfgang and Wurzenberger, Markus and Rauber, Andreas},
journal={IEEE Transactions on Dependable and Secure Computing}, 
year={2023},
volume={20},
number={4},
pages={3466-3482},
doi={10.1109/TDSC.2022.3201582},
note = {Dataset available at: \url{https://zenodo.org/records/5789064}. NetFlow data at: \url{https://zenodo.org/records/13168643}}
}

% ICS-Flow (2022)
@article{deghlaghi2023_ics_flow,
title={Anomaly Detection Dataset for Industrial Control Systems}, 
author={Dehlaghi-Ghadim, Alireza and Moghadam, Mahshid Helali and Balador, Ali and Hansson, Hans},
journal={IEEE Access}, 
year={2023},
volume={11},
number={},
pages={107982-107996},
doi={10.1109/ACCESS.2023.3320928},
note = {Dataset available at: \url{https://www.kaggle.com/datasets/alirezadehlaghi/icssim}}
}

% OD-IDS2022 (2022)
@article{patel2023_od_ids2022,
title={Od-ids2022: generating a new offensive defensive intrusion detection dataset for machine learning-based attack classification},
author={Patel, N. D. and Mehtre, B. M. and Wankar, Rajeev},
journal={International Journal of Information Technology},
year={2023},
month={Dec},
day={01},
volume={15},
number={8},
pages={4349-4363},
doi={10.1007/s41870-023-01464-8},
note = {Dataset available only on request.}
}

% Simargl2022 (2022)
@inproceedings{komisarek2022_simargl2022,
title = {A novel, refined dataset for real-time Network Intrusion Detection},
author = {Komisarek, Miko\l{}aj and Pawlicki, Marek and Mihailescu, Maria-Elena and Mihai, Darius and Carabas, Mihai and Kozik, Rafa\l{} and Chora\'{s}, Micha\l{}},
year = {2022},
isbn = {9781450396707},
publisher = {Association for Computing Machinery},
doi = {10.1145/3538969.3544486},
booktitle = {Proceedings of the 17th International Conference on Availability, Reliability and Security},
articleno = {43},
pages={1-8},
numpages = {8},
location = {Vienna, Austria},
series = {ARES '22},
note = {Dataset available at: \url{https://www.kaggle.com/datasets/h2020simargl/simargl2022}}
}

% UNR-IDD (2022)
@inproceedings{das2023_unridd_dataset,
title={UNR-IDD: Intrusion Detection Dataset using Network Port Statistics},
author={Das, Tapadhir and Hamdan, Osama Abu and Shukla, Raj Mani and Sengupta, Shamik and Arslan, Engin},
booktitle={2023 IEEE 20th Consumer Communications \& Networking Conference (CCNC)}, 
year={2023},
volume={},
number={},
pages={497-500},
doi={10.1109/CCNC51644.2023.10059640},
note = {Dataset available at: \url{https://www.tapadhirdas.com/unr-idd-dataset}}
}

% CICIoT23 (2022, 2023)
@article{neto2023_ciciot2023,
title = {CICIoT2023: A Real-Time Dataset and Benchmark for Large-Scale Attacks in IoT Environment},
author = {Neto, Euclides Carlos Pinto and Dadkhah, Sajjad and Ferreira, Raphael and Zohourian, Alireza and Lu, Rongxing and Ghorbani, Ali A.},
journal = {Sensors},
volume = {23},
year = {2023},
number = {13},
issn = {1424-8220},
doi = {10.3390/s23135941},
note = {Dataset available at: \url{https://www.unb.ca/cic/datasets/iotdataset-2023.html}}
}

% TII-SSRC-23 (2022, 2023)
@article{heryalla2023_tii_src23,
title={TII-SSRC-23 Dataset: Typological Exploration of Diverse Traffic Patterns for Intrusion Detection}, 
author={Herzalla, Dania and Lunardi, Willian Tessaro and Andreoni, Martin},
journal={IEEE Access}, 
year={2023},
volume={11},
number={},
pages={118577-118594},
doi={10.1109/ACCESS.2023.3319213},
note = {Dataset available at: \url{https://www.kaggle.com/datasets/daniaherzalla/tii-ssrc-23}}
}

% Appraise H2020
@inproceedings{komisarek2023_appraise_h2020_dataset,
author = {Komisarek, Miko\l{}aj and Pawlicki, Marek and Simic, Tomi and Kavcnik, David and Kozik, Rafa\l{} and Chora\'{s}, Micha\l{}},
title = {Modern NetFlow network dataset with labeled attacks and detection methods},
year = {2023},
isbn = {9798400707728},
publisher = {Association for Computing Machinery},
address = {New York, NY, USA},
_url = {https://doi.org/10.1145/3600160.3605094},
doi = {10.1145/3600160.3605094},
booktitle = {Proceedings of the 18th International Conference on Availability, Reliability and Security},
articleno = {47},
pages = {1--8},
series = {ARES '23},
note = {Dataset available at: \url{https://www.kaggle.com/datasets/ittibydgoszcz/appraise-h2020-real-labelled-netflow-dataset}}
}

% FLNET2023 (2023)
@inproceedings{kumar2023_flnet2023,
title={FLNET2023: Realistic Network Intrusion Detection Dataset for Federated Learning}, 
author={Kumar, Pratyay and Liu, Jiefei and Md Tayeen, Abu Saleh and Misra, Satyajayant and Cao, Huiping and Harikumar, Jayashree and Perez, Oscar},
booktitle={MILCOM 2023 - 2023 IEEE Military Communications Conference (MILCOM)}, 
year={2023},
volume={},
number={},
pages={345-350},
doi={10.1109/MILCOM58377.2023.10356272},
note = {Dataset available at: \url{https://github.com/nsol-nmsu/FML-Network}}
}

% ROSIDS23 (2023)
@article{degirmenci2023_rosids2023,
title = {ROSIDS23: Network intrusion detection dataset for robot operating system},
author = {Elif Değirmenci and Yunus {Sabri Kırca} and İlker Özçelik and Ahmet Yazıcı},
journal = {Data in Brief},
volume = {51},
pages = {109739},
year = {2023},
issn = {2352-3409},
doi = {10.1016/j.dib.2023.109739},
note = {Dataset available at: \url{https://zenodo.org/records/10014434}}
}

% Westermo (2023)
@article{strandberg2023_westermo,
title = {The Westermo network traffic data set},
author = {Per Erik Strandberg and David Söderman and Alireza Dehlaghi-Ghadim and Miguel Leon and Tijana Markovic and Sasikumar Punnekkat and Mahshid Helali Moghadam and David Buffoni},
journal = {Data in Brief},
volume = {50},
pages = {109512},
year = {2023},
issn = {2352-3409},
doi = {10.1016/j.dib.2023.109512},
note = {Dataset available at: \url{https://github.com/westermo/network-traffic-dataset}}
}

%%%%%%%%%%%%%%%%%%%%%%%%%%%%%%%%%%%%%%%%%%%%%%%%%%%%%%%%%%%%%%%%%%%%%