

@misc{BSI_1886,
	title = {{BSI} {Flex} 1886 -- {System} aspects for remote operation of vehicles -- {Guide}},
	language = {en},
	publisher = {BSI Standards Limited 2023},
	month = aug,
	year = {2023},
	note = {OCLC: 9970697212},
}

@article{Kelkar2025_McKinsey,
	title = {Remote-driving services: {The} next disruption in mobility innovation},
	url = {https://www.mckinsey.com/features/mckinsey-center-for-future-mobility/our-insights/remote-driving-services-the-next-disruption-in-mobility-innovation#/},
	urldate = {2025-06-01},
	author = {Kelkar, Ani and Heineke, Kersten and Kellner, Martin},
	collaborator = {Smith, Anna-Sophie},
	month = mar,
	year = {2025},
}

@techreport{WG_Teleoperation2024_en,
	address = {Bergisch Gladbach, Germany},
	type = {Technical {Report}},
	title = {Technical report of the working group “{Research} {Needs} in {Teleoperation}”},
	language = {en},
	institution = {Federal Highway Research Institute},
	author = {{WG Research Needs in Teleoperation}},
	month = nov,
	year = {2023},
}

@article{Treiber2000,
	title = {Congested {Traffic} {States} in {Empirical} {Observations} and {Microscopic} {Simulations}},
	volume = {62},
	issn = {1063-651X, 1095-3787},
	url = {https://arxiv.org/abs/cond-mat/0002177},
	doi = {10.1103/PhysRevE.62.1805},
	number = {2},
	urldate = {2023-12-15},
	journal = {Physical Review E},
	author = {Treiber, Martin and Hennecke, Ansgar and Helbing, Dirk},
	month = aug,
	year = {2000},
	keywords = {Condensed Matter - Statistical Mechanics},
	pages = {1805--1824},
}

@inproceedings{Krajewski2020,
	address = {Rhodes, Greece},
	title = {The {rounD} {Dataset}: {A} {Drone} {Dataset} of {Road} {User} {Trajectories} at {Roundabouts} in {Germany}},
	isbn = {978-1-72814-149-7},
	shorttitle = {The {rounD} {Dataset}},
	url = {https://ieeexplore.ieee.org/document/9294728/},
	doi = {10.1109/ITSC45102.2020.9294728},
	language = {en},
	urldate = {2024-01-03},
	booktitle = {2020 {IEEE} 23rd {International} {Conference} on {Intelligent} {Transportation} {Systems} ({ITSC})},
	publisher = {IEEE},
	author = {Krajewski, Robert and Moers, Tobias and Bock, Julian and Vater, Lennart and Eckstein, Lutz},
	month = sep,
	year = {2020},
	pages = {1--6},
}

@inproceedings{Moers2022,
	address = {Aachen, Germany},
	title = {The {exiD} {Dataset}: {A} {Real}-{World} {Trajectory} {Dataset} of {Highly} {Interactive} {Highway} {Scenarios} in {Germany}},
	isbn = {978-1-66548-821-1},
	shorttitle = {The {exiD} {Dataset}},
	url = {https://ieeexplore.ieee.org/document/9827305/},
	doi = {10.1109/IV51971.2022.9827305},
	language = {en},
	urldate = {2024-01-03},
	booktitle = {2022 {IEEE} {Intelligent} {Vehicles} {Symposium} ({IV})},
	publisher = {IEEE},
	author = {Moers, Tobias and Vater, Lennart and Krajewski, Robert and Bock, Julian and Zlocki, Adrian and Eckstein, Lutz},
	month = jun,
	year = {2022},
	pages = {958--964},
}

@article{Winfield2009,
	title = {Future {Directions} in {Tele}-operated {Robotics}},
	language = {en},
	author = {Winfield, Alan FT},
	month = sep,
	year = {2009},
	pages = {17},
}

@misc{Majstorovic2022,
	title = {Survey on {Teleoperation} {Concepts} for {Automated} {Vehicles}},
	url = {http://arxiv.org/abs/2208.08876},
	language = {en},
	urldate = {2022-08-29},
	publisher = {arXiv},
	author = {Majstorovic, Domagoj and Hoffmann, Simon and Pfab, Florian and Schimpe, Andreas and Wolf, Maria-Magdalena and Diermeyer, Frank},
	month = aug,
	year = {2022},
	note = {arXiv:2208.08876 [cs]},
}

@incollection{Koopman2019,
	address = {Cham},
	title = {Autonomous {Vehicles} {Meet} the {Physical} {World}: {RSS}, {Variability}, {Uncertainty}, and {Proving} {Safety}},
	volume = {11698},
	isbn = {978-3-030-26600-4 978-3-030-26601-1},
	shorttitle = {Autonomous {Vehicles} {Meet} the {Physical} {World}},
	url = {http://link.springer.com/10.1007/978-3-030-26601-1_17},
	language = {en},
	urldate = {2023-09-27},
	booktitle = {Computer {Safety}, {Reliability}, and {Security}},
	publisher = {Springer International Publishing},
	author = {Koopman, Philip and Osyk, Beth and Weast, Jack},
	editor = {Romanovsky, Alexander and Troubitsyna, Elena and Bitsch, Friedemann},
	year = {2019},
	doi = {10.1007/978-3-030-26601-1_17},
	note = {Series Title: Lecture Notes in Computer Science},
	pages = {245--253},
}

@article{Zhang2020,
	title = {Toward {Automated} {Vehicle} {Teleoperation}: {Vision}, {Opportunities}, and {Challenges}},
	volume = {7},
	issn = {2327-4662, 2372-2541},
	shorttitle = {Toward {Automated} {Vehicle} {Teleoperation}},
	url = {https://ieeexplore.ieee.org/document/9214882/},
	doi = {10.1109/JIOT.2020.3028766},
	language = {en},
	number = {12},
	urldate = {2023-12-06},
	journal = {IEEE Internet of Things Journal},
	author = {Zhang, Tao},
	month = dec,
	year = {2020},
	pages = {11347--11354},
}

@article{Sheridan1963,
	title = {Remote {Manipulative} {Control} with {Transmission} {Delay}},
	volume = {HFE-4},
	issn = {0096-249X},
	url = {http://ieeexplore.ieee.org/document/1698160/},
	doi = {10.1109/THFE.1963.231283},
	language = {en},
	number = {1},
	urldate = {2023-12-06},
	journal = {IEEE Transactions on Human Factors in Electronics},
	author = {Sheridan, T.B. and Ferrell, W.R.},
	month = sep,
	year = {1963},
	pages = {25--29},
}

@inproceedings{Luck2006,
	address = {Salt Lake City Utah USA},
	title = {An investigation of real world control of robotic assets under communication latency},
	isbn = {978-1-59593-294-5},
	url = {https://dl.acm.org/doi/10.1145/1121241.1121277},
	doi = {10.1145/1121241.1121277},
	language = {en},
	urldate = {2023-12-06},
	booktitle = {Proceedings of the 1st {ACM} {SIGCHI}/{SIGART} conference on {Human}-robot interaction},
	publisher = {ACM},
	author = {Luck, Jason P. and McDermott, Patricia L. and Allender, Laurel and Russell, Deborah C.},
	month = mar,
	year = {2006},
	pages = {202--209},
}

@article{Chen2007,
	title = {Human {Performance} {Issues} and {User} {Interface} {Design} for {Teleoperated} {Robots}},
	volume = {37},
	issn = {1094-6977},
	url = {http://ieeexplore.ieee.org/document/4343985/},
	doi = {10.1109/TSMCC.2007.905819},
	language = {en},
	number = {6},
	urldate = {2023-12-06},
	journal = {IEEE Transactions on Systems, Man and Cybernetics, Part C (Applications and Reviews)},
	author = {Chen, Jessie Y. C. and Haas, Ellen C. and Barnes, Michael J.},
	month = nov,
	year = {2007},
	pages = {1231--1245},
}

@article{Davis2010,
	title = {The {Effects} of {Time} {Lag} on {Driving} {Performance} and a {Possible} {Mitigation}},
	volume = {26},
	issn = {1552-3098, 1941-0468},
	url = {http://ieeexplore.ieee.org/document/5460896/},
	doi = {10.1109/TRO.2010.2046695},
	language = {en},
	number = {3},
	urldate = {2023-12-06},
	journal = {IEEE Transactions on Robotics},
	author = {Davis, James and Smyth, Christopher and McDowell, Kaleb},
	month = jun,
	year = {2010},
	pages = {590--593},
}

@inproceedings{Gnatzig2013,
	address = {Reykjavík, Iceland},
	title = {A {System} {Design} for {Teleoperated} {Road} {Vehicles}:},
	shorttitle = {A {System} {Design} for {Teleoperated} {Road} {Vehicles}},
	url = {http://www.scitepress.org/DigitalLibrary/Link.aspx?doi=10.5220/0004475802310238},
	doi = {10.5220/0004475802310238},
	language = {en},
	urldate = {2022-08-10},
	booktitle = {Proceedings of the 10th {International} {Conference} on {Informatics} in {Control}, {Automation} and {Robotics}},
	publisher = {SciTePress - Science and and Technology Publications},
	author = {Gnatzig, Sebastian and Chucholowski, Frederic and Tang, Tito and Lienkamp, Markus},
	year = {2013},
	pages = {231--238},
}

@mastersthesis{Bodell2016,
	address = {Gothenburg, Sweden},
	title = {Teleoperation of {Autonomous} {Vehicle} {With} 360° {Camera} {Feedback}},
	school = {Chalmers University of Technology},
	author = {Bodell, Oscar and Gulliksson, Erik},
	year = {2016},
}

@inproceedings{Liu2017,
	address = {Oldenburg Germany},
	title = {Investigating {Remote} {Driving} over the {LTE} {Network}},
	isbn = {978-1-4503-5150-8},
	url = {https://dl.acm.org/doi/10.1145/3122986.3123008},
	doi = {10.1145/3122986.3123008},
	language = {en},
	urldate = {2023-12-06},
	booktitle = {Proceedings of the 9th {International} {Conference} on {Automotive} {User} {Interfaces} and {Interactive} {Vehicular} {Applications}},
	publisher = {ACM},
	author = {Liu, Ruilin and Kwak, Daehan and Devarakonda, Srinivas and Bekris, Kostas and Iftode, Liviu},
	month = sep,
	year = {2017},
	pages = {264--269},
}

@inproceedings{Kay1995,
	title = {Operator {Interface} {Design} {Issues} in a {Low}-{Bandwidth} and {High}-{Latency} {Vehicle} {Teleoperation} {System}},
	url = {https://www.sae.org/content/951485/},
	doi = {10.4271/951485},
	language = {en},
	urldate = {2022-12-28},
	author = {Kay, Jennifer S. and Thorpe, Charles E.},
	month = jul,
	year = {1995},
	pages = {951485},
}

@inproceedings{Neumeier2019,
	address = {Auckland, New Zealand},
	title = {Towards a {Driver} {Support} {System} for {Teleoperated} {Driving}},
	isbn = {978-1-5386-7024-8},
	url = {https://ieeexplore.ieee.org/document/8917244/},
	doi = {10.1109/ITSC.2019.8917244},
	language = {en},
	urldate = {2023-12-05},
	booktitle = {2019 {IEEE} {Intelligent} {Transportation} {Systems} {Conference} ({ITSC})},
	publisher = {IEEE},
	author = {Neumeier, Stefan and Facchi, Christian},
	month = oct,
	year = {2019},
	pages = {4190--4196},
}

@inproceedings{Georg2020,
	address = {Las Vegas, NV, USA},
	title = {Sensor and {Actuator} {Latency} during {Teleoperation} of {Automated} {Vehicles}},
	copyright = {https://ieeexplore.ieee.org/Xplorehelp/downloads/license-information/IEEE.html},
	url = {https://ieeexplore.ieee.org/document/9304802/},
	doi = {10.1109/IV47402.2020.9304802},
	language = {en},
	urldate = {2024-07-17},
	booktitle = {2020 {IEEE} {Intelligent} {Vehicles} {Symposium} ({IV})},
	publisher = {IEEE},
	author = {Georg, Jean-Michael and Feiler, Johannes and Hoffmann, Simon and Diermeyer, Frank},
	month = oct,
	year = {2020},
	pages = {760--766},
}

@article{Tang2014,
	title = {Teleoperated {Road} {Vehicles} – {The} ''{Free} {Corridor}''  as a {Safety} {Strategy} {Approach}},
	volume = {490-491},
	issn = {1662-7482},
	url = {https://www.scientific.net/AMM.490-491.1399},
	doi = {10.4028/www.scientific.net/AMM.490-491.1399},
	language = {en},
	urldate = {2023-12-05},
	journal = {Applied Mechanics and Materials},
	author = {Tang, Tito and Vetter, Pascal and Finkl, Simon and Figel, Korbinian and Lienkamp, Markus},
	month = jan,
	year = {2014},
	pages = {1399--1409},
}

@article{Diermeyer2011,
	title = {Der {Mensch} als {Sensor} - {Der} {Weg} zum teleoperierten {Fahren}},
	language = {de},
	journal = {Conference: AAET - Automatisierungssysteme, Assistenzsysteme und eingebettete Systeme für Transportmittel},
	author = {Diermeyer, Dr Frank and Gnatzig, Sebastian and Chucholowski, Frederic and Tang, Tito and Lienkamp, Dr Markus},
	month = feb,
	year = {2011},
	pages = {16},
}

@inproceedings{Hoffmann2022,
	address = {Lakeland, Florida, USA},
	title = {Safe {Corridor}: {A} {Trajectory}-{Based} {Safety} {Concept} for {Teleoperated} {Road} {Vehicles}},
	isbn = {978-1-66541-687-0},
	shorttitle = {Safe {Corridor}},
	url = {https://ieeexplore.ieee.org/document/9742770/},
	doi = {10.1109/ICCVE52871.2022.9742770},
	language = {en},
	urldate = {2023-12-06},
	booktitle = {2022 {International} {Conference} on {Connected} {Vehicle} and {Expo} ({ICCVE})},
	publisher = {IEEE},
	author = {Hoffmann, Simon and Majstorovic, Domagoj and Diermeyer, Frank},
	month = mar,
	year = {2022},
	pages = {1--6},
}


@techreport{NHTSA2007,
	address = {Springfield, Virginia, USA},
	title = {Analyses of {Rear}-{End} {Crashes} and {Near}-{Crashes} in the 100-{Car} {Naturalistic} {Driving} {Study} to {Support} {Rear}-{Signaling} {Countermeasure} {Development}},
	url = {https://www.nhtsa.gov/document/analyses-rear-end-crashes-and-near-crashes-100-car-naturalistic-driving-study-support-rear},
	number = {DOT HS 810 846},
	urldate = {2023-12-14},
	institution = {National Highway Traffic Safety Administration},
	author = {Lee, Suzanne E. and Llaneras, Eddy and Klauer, Sheila and Sudweeks, Jeremy},
	editor = {{National Highway Traffic Safety Administration}},
	year = {2007},
	pages = {125},
}

@inproceedings{Distner2009,
	title = {A {System} {Addressing} {Rear}-{End} {Collisions} at {Low} {Speeds}},
	language = {en},
	author = {Distner, Martin and Bengtsson, Mattias and Broberg, Thomas and Jakobsson, Lotta},
	month = jun,
	year = {2009},
}

@inproceedings{Avery2008,
	address = {Munich, Germany},
	title = {Volvo {City} {Safety} – {Collision} {Avoidance} {Technology} and its {Potential} to reduce {Whiplash} {Injuries}},
	author = {Avery, M. and Weekes, A.},
	month = nov,
	year = {2008},
}

@inproceedings{Beyerer2019,
	title = {General {Fail}-{Safe} {Emergency} {Stopping} for {Highly} {Automated} {Vehicles}},
	url = {https://mediatum.ub.tum.de/1142060?show_id=1535146},
	language = {en},
	publisher = {Lehrstuhl für Fahrzeugtechnik with TÜV SÜD Akademie},
	author = {Beyerer, J and Doll, J and Duerr, F and Flad, M and Frey, M and Gauterin, F and Hohmann, S and Knoch, E and Kohlhaas, R and Lauber, A and Pistorius, F and Roschani, M and Ruf, M and Sax, E and Strasser, S and Ziehn, J},
	year = {2019},
}

@phdthesis{Heck2015,
	address = {Braunschweig, Germany},
	title = {Grundlagen für ein bordautonomes {Handlungskonzept} zur {Unfallfolgenminderung} im {Querverkehr}},
	url = {https://leopard.tu-braunschweig.de/servlets/MCRFileNodeServlet/dbbs_derivate_00037531/Diss_Heck_Julian_Philip_Alexander.pdf},
	urldate = {2023-12-05},
	school = {Technische Universität Braunschweig},
	author = {Heck, Julian Philip Alexander},
	year = {2015},
}

@inproceedings{Faerber2005,
	address = {Walting, Germany},
	title = {Nutzer- und {Nutzen}-{Parameter} von {Collision} {Warning} und {Collision} {Mitigation} {Systemen}},
	publisher = {Maurer, M.; Stiller, C.},
	author = {Färber, B. and Maurer, M.},
	year = {2005},
}


@inproceedings{Certad2023,
	address = {Bilbao, Spain},
	title = {Extraction of {Road} {Users} {Behavior} from {Realistic} {Data} {According} to {Assumptions} in {Safety}-{Related} {Models} for {Automated} {Driving} {Systems}},
	language = {en},
	author = {Certad, Novel and Tschernuth, Sebastian and Olaverri-Monreal, Cristina},
	month = sep,
	year = {2023},
}


@inproceedings{Graubohm2023_Occlusion,
	title = {On {Assumptions} with {Respect} to {Occlusions} in {Urban} {Environments} for {Automated} {Vehicle} {Speed} {Decisions}},
	url = {http://arxiv.org/abs/2305.08785},
	doi = {10.1109/itsc57777.2023.10422457},
	urldate = {2024-02-07},
	author = {Graubohm, Robert and Salem, Nayel Fabian and Nolte, Marcus and Maurer, Markus},
	month = jul,
	year = {2023},
}

@article{Shi2020_Principle,
	title = {The {Principles} of {Operation} {Framework}: {A} {Comprehensive} {Classification} {Concept} for {Automated} {Driving} {Functions}},
	volume = {3},
	issn = {2574-075X},
	shorttitle = {The {Principles} of {Operation} {Framework}},
	url = {https://www.sae.org/content/12-03-01-0003/},
	doi = {10.4271/12-03-01-0003},
	language = {en},
	number = {1},
	urldate = {2024-11-29},
	journal = {SAE International Journal of Connected and Automated Vehicles},
	author = {Shi, Elisabeth and Gasser, Tom Michael and Seeck, Andre and Auerswald, Rico},
	month = feb,
	year = {2020},
	pages = {12--03--01--0003},
}

@phdthesis{Reschka2017,
	title = {Fertigkeiten- und {Fähigkeitengraphen} als {Grundlage} des sicheren {Betriebs} von automatisierten {Fahrzeugen} im öffentlichen {Straßenverkehr} in städtischer {Umgebung}},
	copyright = {all rights reserved},
	url = {https://leopard.tu-braunschweig.de/receive/dbbs_mods_00064940},
	language = {de},
	urldate = {2023-09-04},
	school = {Technische Universität Braunschweig},
	author = {Reschka, Andreas},
	collaborator = {{Universitätsbibliothek Braunschweig} and Maurer, Markus},
	month = jul,
	year = {2017},
	doi = {10.24355/DBBS.084-201707280929},
}

@techreport{Daimler2009,
	address = {Stuttgart, Germany},
	title = {Daimler {Geschäftsbericht} 2009},
	url = {https://group.mercedes-benz.com/dokumente/investoren/berichte/geschaeftsberichte/daimler/daimler-ir-geschaeftsbericht-2009.pdf},
	language = {de},
	urldate = {2023-12-04},
	editor = {{Daimler AG}},
	year = {2009},
}

@inproceedings{vonHolt2004,
	address = {Munich, Germany},
	title = {Aktive {Sicherheitssysteme} mit maschineller {Wahrnehmung} - {Anforderungen}, {Potentiale} und {Einführungshemmnisse}},
	language = {de},
	author = {von Holt, Volker and Maurer, Dr. Markus},
	editor = {{Technische Universität München}},
	year = {2004},
}

@incollection{Rieken2016,
	title = {Development {Process} of {Forward} {Collision} {Prevention} {Systems}},
	isbn = {978-3-319-12351-6},
	booktitle = {Handbook of {Driver} {Assistance} {Systems}},
	publisher = {Springer International Publishing},
	author = {Rieken, Jens and Reschka, Andreas and Maurer, Markus},
	year = {2016},
	doi = {10.1007/978-3-319-12352-3},
	pages = {1177--1206},
}

@misc{UN152_AEB,
	title = {{UN} {Regulation} {No} 152 – {Uniform} provisions concerning the approval of motor vehicles with regard to the {Advanced} {Emergency} {Braking} {System} ({AEBS}) for {M1} and {N1} vehicles [2020/1597]},
	month = oct,
	year = {2020},
}

@misc{Albeaik2022,
	title = {Limitations and {Improvements} of the {Intelligent} {Driver} {Model} ({IDM})},
	url = {http://arxiv.org/abs/2104.02583},
	urldate = {2023-12-15},
	publisher = {arXiv},
	author = {Albeaik, Saleh and Bayen, Alexandre and Chiri, Maria Teresa and Gong, Xiaoqian and Hayat, Amaury and Kardous, Nicolas and Keimer, Alexander and McQuade, Sean T. and Piccoli, Benedetto and You, Yiling},
	month = apr,
	year = {2022},
	note = {arXiv:2104.02583 [cs, eess]},
}

@article{Vangi2007,
	title = {Evaluation of emergency braking deceleration for accident reconstruction},
	volume = {45},
	issn = {0042-3114, 1744-5159},
	url = {http://www.tandfonline.com/doi/abs/10.1080/00423110701538320},
	doi = {10.1080/00423110701538320},
	language = {en},
	number = {10},
	urldate = {2024-02-08},
	journal = {Vehicle System Dynamics},
	author = {Vangi, D. and Virga, A.},
	month = aug,
	year = {2007},
	pages = {895--910},
}

@article{Stolte2019,
	title = {Reference {Trajectories} for {Investigating} {Fault}-{Tolerant} {Trajectory} {Tracking} {Control} {Algorithms} for {Automated} {Vehicles}},
	volume = {52},
	issn = {24058963},
	url = {https://linkinghub.elsevier.com/retrieve/pii/S2405896319306263},
	doi = {10.1016/j.ifacol.2019.09.007},
	language = {en},
	number = {5},
	urldate = {2024-02-08},
	journal = {IFAC-PapersOnLine},
	author = {Stolte, Torben and Qiu, Lanbin and Maurer, Markus},
	year = {2019},
	pages = {40--47},
}

@article{Deligianni2017,
	title = {Analyzing and {Modeling} {Drivers}’ {Deceleration} {Behavior} from {Normal} {Driving}},
	volume = {2663},
	issn = {0361-1981, 2169-4052},
	url = {http://journals.sagepub.com/doi/10.3141/2663-17},
	doi = {10.3141/2663-17},
	language = {en},
	number = {1},
	urldate = {2024-02-07},
	journal = {Transportation Research Record: Journal of the Transportation Research Board},
	author = {Deligianni, Stavroula Panagiota and Quddus, Mohammed and Morris, Andrew and Anvuur, Aaron and Reed, Steven},
	month = jan,
	year = {2017},
	pages = {134--141},
}

@inproceedings{Ulbrich2015,
	address = {Gran Canaria, Spain},
	title = {Defining and {Substantiating} the {Terms} {Scene}, {Situation}, and {Scenario} for {Automated} {Driving}},
	isbn = {978-1-4673-6596-3},
	url = {http://ieeexplore.ieee.org/document/7313256/},
	doi = {10.1109/ITSC.2015.164},
	language = {en},
	urldate = {2023-08-10},
	booktitle = {2015 {IEEE} 18th {International} {Conference} on {Intelligent} {Transportation} {Systems}},
	publisher = {IEEE},
	author = {Ulbrich, Simon and Menzel, Till and Reschka, Andreas and Schuldt, Fabian and Maurer, Markus},
	month = sep,
	year = {2015},
	keywords = {FST},
	pages = {982--988},
}

@book{AASHTO2018,
	address = {Washington DC, USA},
	edition = {7th Edition},
	title = {A {Policy} on {Geometric} {Design} of {Highways} and {Streets}},
	isbn = {978-1-56051-676-7},
	language = {en},
	editor = {{American Association of State Highway and Transportation Officials}},
	year = {2018},
}

@techreport{NHTSA2023_facts,
	title = {Traffic safety facts 2021: {A} compilation of motor vehicle traffic crash data},
	number = {DOT HS 813 527},
	institution = {National Highway Traffic Safety Administration},
	author = {{National Center for Statistics and Analysis}},
	month = dec,
	year = {2023},
}

@article{Evans1993,
	title = {Mass ratio and relative driver fatality risk in two-vehicle crashes},
	volume = {25},
	copyright = {https://www.elsevier.com/tdm/userlicense/1.0/},
	issn = {00014575},
	url = {https://linkinghub.elsevier.com/retrieve/pii/0001457593900622},
	doi = {10.1016/0001-4575(93)90062-2},
	language = {en},
	number = {2},
	urldate = {2024-05-06},
	journal = {Accident Analysis \& Prevention},
	author = {Evans, Leonard and Frick, Michael C.},
	month = apr,
	year = {1993},
	pages = {213--224},
}

@inproceedings{Stigson2006,
	address = {Madrid, Spain},
	title = {Variation of {Crash} {Severity} and {Injury} {Risk} {Depending} on {Collisions} with {Different} {Vehicle} {Types} and {Objects}},
	language = {en},
	author = {Stigson, H and Ydenius, A and Kullgren, A},
	month = sep,
	year = {2006},
}

@article{Chen2020,
	title = {Examining injury severity in truck-involved collisions using a cumulative link mixed model},
	volume = {19},
	issn = {22141405},
	url = {https://linkinghub.elsevier.com/retrieve/pii/S2214140520301468},
	doi = {10.1016/j.jth.2020.100942},
	language = {en},
	urldate = {2024-05-06},
	journal = {Journal of Transport \& Health},
	author = {Chen, Mingyang and Chen, Peng and Gao, Xu and Yang, Chao},
	month = dec,
	year = {2020},
	pages = {100942},
}

@article{Erbulut2014,
	title = {Biomechanics of neck injuries resulting from rear-end vehicle collisions},
	volume = {24},
	url = {http://www.turkishneurosurgery.org.tr/summary_en_doi.php3?doi=10.5137/1019-5149.JTN.9218-13.1},
	doi = {10.5137/1019-5149.JTN.9218-13.1},
	urldate = {2024-05-08},
	journal = {Turkish Neurosurgery},
	author = {Erbulut, Deniz Ufuk},
	year = {2014},
	pages = {466--470},
}

@article{Yang2005,
	title = {Metamodeling {Development} for {Vehicle} {Frontal} {Impact} {Simulation}},
	volume = {127},
	issn = {1050-0472},
	url = {https://doi.org/10.1115/1.1906264},
	doi = {10.1115/1.1906264},
	language = {en},
	number = {5},
	journal = {Journal of Mechanical Design},
	author = {Yang, R. J. and Wang, N. and Tho, C. H . and Bobineau, J. P. and Wang, B. P.},
	month = jan,
	year = {2005},
	pages = {1014--1020},
}

@article{Kostek2017,
	title = {Simulation of car collision with an impact block},
	volume = {252},
	copyright = {http://iopscience.iop.org/info/page/text-and-data-mining},
	issn = {1757-8981, 1757-899X},
	url = {https://iopscience.iop.org/article/10.1088/1757-899X/252/1/012008},
	doi = {10.1088/1757-899X/252/1/012008},
	language = {en},
	urldate = {2024-06-17},
	journal = {IOP Conference Series: Materials Science and Engineering},
	author = {Kostek, R and Aleksandrowicz, P},
	month = oct,
	year = {2017},
	pages = {012008},
}

@inproceedings{Cummings2024,
	title = {Assessing {Readiness} of {Self}-{Driving} {Vehicles}},
	language = {en},
	author = {Cummings, M. L.},
	month = jan,
	year = {2024},
}

@techreport{Smith2014,
	title = {U.{S}. {Views} of {Technology} and the {Future}},
	url = {http://www.pewinternet.org/2014/04/17/us-views-of-technology-and-the-future/},
	language = {en},
	institution = {Pew Research Center},
	author = {Smith, Aaron},
	month = apr,
	year = {2014},
}

@techreport{Rainie2022,
	title = {{AI} and {Human} {Enhancement}: {Americans}' {Openness} {Is} {Tempered} by a {Range} of {Concerns}},
	institution = {Pew Research Center},
	author = {Rainie, Lee and Funk, Cary and Anderson, Monica and Tyson, Alec},
	month = mar,
	year = {2022},
}

@misc{Cruise2023,
	title = {Important {Updates} from {Cruise}},
	url = {https://www.getcruise.com/de-DE/news/blog/2023/important-updates-from-cruise/},
	author = {{cruise}},
	month = nov,
	year = {2023},
}

@article{Mathews2024,
	title = {In a single night, self-driving startup {Cruise} went from sizzling startup to cautionary tale. {Here}’s what really happened—and how {GM} is scrambling to save its \${10B} bet},
	url = {https://fortune.com/2024/05/16/inside-gm-cruise-self-driving-car-accident-san-francisco-what-really-happened/},
	abstract = {Before October 2, Cruise was the coolest part of GM’s driverless, eco-friendly future. Now it’s a rescue mission.},
	language = {en},
	urldate = {2024-06-11},
	journal = {Fortune},
	author = {Mathews, Jessica},
	month = may,
	year = {2024},
}


@inproceedings{Bock2019,
	title = {The {inD} {Dataset}: {A} {Drone} {Dataset} of {Naturalistic} {Road} {User} {Trajectories} at {German} {Intersections}},
	shorttitle = {The {inD} {Dataset}},
	url = {http://arxiv.org/abs/1911.07602},
	urldate = {2024-01-03},
	publisher = {arXiv},
	author = {Bock, Julian and Krajewski, Robert and Moers, Tobias and Runde, Steffen and Vater, Lennart and Eckstein, Lutz},
	month = nov,
	year = {2019},
	note = {arXiv:1911.07602 [cs, eess]},
}

@techreport{ISOTR4804:2020,
	address = {Geneva, Switzerland},
	type = {Technical {Report}},
	title = {Road vehicles — {Safety} and cybersecurity for automated driving systems — {Design}, verification and validation},
	number = {ISO/TR 4804},
	institution = {International Organization for Standardization},
	author = {{ISO}},
	year = {2020},
}

@article{Koopman2019_credible_safety,
	title = {Credible {Autonomy} {Safety} {Argumentation}},
	language = {en},
	author = {Koopman, Philip and Kane, Aaron and Black, Jen},
	year = {2019},
}

@inproceedings{Krajewski2018,
	address = {Maui, HI},
	title = {The {highD} {Dataset}: {A} {Drone} {Dataset} of {Naturalistic} {Vehicle} {Trajectories} on {German} {Highways} for {Validation} of {Highly} {Automated} {Driving} {Systems}},
	shorttitle = {The {highD} {Dataset}},
	url = {https://ieeexplore.ieee.org/document/8569552/},
	doi = {10.1109/ITSC.2018.8569552},
	language = {en},
	urldate = {2024-07-17},
	booktitle = {2018 21st {International} {Conference} on {Intelligent} {Transportation} {Systems} ({ITSC})},
	publisher = {IEEE},
	author = {Krajewski, Robert and Bock, Julian and Kloeker, Laurent and Eckstein, Lutz},
	month = nov,
	year = {2018},
	pages = {2118--2125},
}

@techreport{Smith2017,
	title = {Automation in {Everyday} {Life}},
	language = {en},
	institution = {Pew Research Center},
	author = {Smith, Aaron and Anderson, Monica},
	month = oct,
	year = {2017},
}

@article{Wood2021,
	title = {Evaluating {Relationships} between {Perception}-{Reaction} {Times}, {Emergency} {Deceleration} {Rates}, and {Crash} {Outcomes} using {Naturalistic} {Driving} {Data}},
	volume = {2675},
	issn = {0361-1981, 2169-4052},
	url = {http://journals.sagepub.com/doi/10.1177/0361198120966602},
	doi = {10.1177/0361198120966602},
	language = {en},
	number = {1},
	urldate = {2023-12-15},
	journal = {Transportation Research Record: Journal of the Transportation Research Board},
	author = {Wood, Jonathan S. and Zhang, Shaohu},
	month = jan,
	year = {2021},
	pages = {213--223},
}

% ---------------------
% ---------------------
% ---------------------
% ---------------------



@incollection{Shi2025_Classification,
	title = {Classification of automated driving functions},
	isbn = {978-3-658-45275-9},
	booktitle = {Handbook {Assisted} and {Automated} {Driving}},
	publisher = {Springer},
	author = {Shi, Elisabeth and Gasser, Tom Michael},
	editor = {Winner, Hermann and Dietmayer, Klaus C J and Eckstein, Lutz and Jipp, Meike and Maurer, Markus and Stiller, Christoph},
	year = {2025},
	pages = {to be published.},
}



@article{Liu2022,
	title = {Analyzing injury severity of rear-end crashes involving large trucks using a mixed logit model: {A} case study in {North} {Carolina}},
	volume = {14},
	shorttitle = {Analyzing injury severity of rear-end crashes involving large trucks using a mixed logit model},
	url = {https://www.tandfonline.com/doi/full/10.1080/19439962.2020.1812784},
	doi = {10.1080/19439962.2020.1812784},
	language = {en},
	number = {5},
	urldate = {2024-05-03},
	journal = {Journal of Transportation Safety \& Security},
	author = {Liu, Pengfei and Fan, Wei},
	month = may,
	year = {2022},
	pages = {723--736},
}

@incollection{Shi2024_Klassifizierungen,
	address = {Wiesbaden},
	series = {{ATZ}/{MTZ}-{Fachbuch}},
	title = {Klassifizierung automatisierter {Fahrfunktionen}},
	copyright = {https://www.springernature.com/gp/researchers/text-and-data-mining},
	url = {https://link.springer.com/10.1007/978-3-658-38486-9},
	language = {de},
	urldate = {2024-08-08},
	booktitle = {Handbuch {Assistiertes} und {Automatisiertes} {Fahren}: {Grundlagen}, {Komponenten} und {Systeme} für assistiertes und automatisiertes {Fahren}},
	publisher = {Springer Fachmedien Wiesbaden},
	author = {Shi, Elisabeth and Gasser, Tom Michael},
	editor = {Winner, Hermann and Dietmayer, Klaus C J and Eckstein, Lutz and Jipp, Meike and Maurer, Markus and Stiller, Christoph},
	year = {2024},
	doi = {10.1007/978-3-658-38486-9},
	pages = {25--35},
}


@standard{ISO21448,
  title = {Road {{Vehicles}} - {{Safety}} of the {{Intended Functionality}}},
  date = {2022},
  number = {ISO 21448},
  publisher = {International Organization for Standardization},
  location = {Geneva, Switzerland},
}

@standard{ISO22839,
  title = {Forward Vehicle Collision Mitigation Systems {{Operation}}, Performance, and Verification Requirements},
  date = {2013},
  publisher = {International Organization for Standardization},
  number = {ISO 22839},
  location = {Geneva, Switzerland},
}

@standard{ISO26262,
  title = {Road {{Vehicles}} - {{Functional Safety}}},
  date = {2018},
  number = {ISO 26262},
  publisher = {International Organization for Standardization},
}

@standard{J2980,
  title = {(R) Considerations for ISO 26262 ASIL Hazard Classification},
  date = {2023},
  number = {J2980},
  publisher = {SAE International},
}

@standard{J3016,
  title = {Taxonomy and Definitions for Terms Related to Driving Automation Systems for On-Road Motor Vehicles},
  date = {2021},
  number = {J3016},
  publisher = {SAE International},
}

@standard{IEEE2846-2022,
  title = {{IEEE} {Standard} for {Assumptions} in {Safety}-{Related} {Models} for {Automated} {Driving} {Systems}},
  date = {2022},
  number = {IEEE STD 2846-2022},
  publisher = {IEEE},
}


@article{StVG_1d_BGB,
	title = {Gesetz zur {Änderung} des {Straßenverkehrsgesetzes} und
des {Pflichtversicherungsgesetzes} – {Gesetz} zum autonomen {Fahren}},
        journal = {{Bundesgesetzblatt} ({BGBl.}), Part 1}, 
	author = {{German Federal Ministry of Justice}},
        number = {48},
        pages = {3108 - 3114},
        year = {2021}
}




@misc{Cruise_with_Link,
	title = {Important {Updates} from {Cruise}},
	url = {https://www.getcruise.com/de-DE/news/blog/2023/important-updates-from-cruise/},
	author = {{cruise}},
	month = nov,
	year = {2023},
        note = {\newline\url{https://getcruise. com/de-DE/news/blog/2023/important-updates-from-cruise/}}
}


@misc{DMV_Cruise2023,
	title = {{DMV} {Statement} on {Cruise} {LLC} {Suspension}},
	url = {https://www.dmv.ca.gov/portal/news-and-media/dmv-statement-on-cruise-llc-suspension/},
	language = {en-US},
	urldate = {2024-08-15},
	month = oct,
	year = {2023},
        note = {\newline\url{https://www.dmv.ca.gov/portal/news-and-media/dmv-statement-on-cruise-llc-suspension/}}
}
