@inproceedings{Avery2008,
	address = {Munich, Germany},
	title = {Volvo {City} {Safety} – {Collision} {Avoidance} {Technology} and its {Potential} to reduce {Whiplash} {Injuries}},
	author = {Avery, M. and Weekes, A.},
	month = nov,
	year = {2008},
}

@inproceedings{Beyerer2019,
	title = {General {Fail}-{Safe} {Emergency} {Stopping} for {Highly} {Automated} {Vehicles}},
	url = {https://mediatum.ub.tum.de/1142060?show_id=1535146},
	language = {en},
	publisher = {Lehrstuhl für Fahrzeugtechnik with TÜV SÜD Akademie},
	author = {Beyerer, J and Doll, J and Duerr, F and Flad, M and Frey, M and Gauterin, F and Hohmann, S and Knoch, E and Kohlhaas, R and Lauber, A and Pistorius, F and Roschani, M and Ruf, M and Sax, E and Strasser, S and Ziehn, J},
	year = {2019},
}

@inproceedings{Bock2019,
	title = {The {inD} {Dataset}: {A} {Drone} {Dataset} of {Naturalistic} {Road} {User} {Trajectories} at {German} {Intersections}},
	shorttitle = {The {inD} {Dataset}},
	url = {http://arxiv.org/abs/1911.07602},
	urldate = {2024-01-03},
	publisher = {arXiv},
	author = {Bock, Julian and Krajewski, Robert and Moers, Tobias and Runde, Steffen and Vater, Lennart and Eckstein, Lutz},
	month = nov,
	year = {2019},
	note = {arXiv:1911.07602 [cs, eess]},
}

@mastersthesis{Bodell2016,
	address = {Gothenburg, Sweden},
	title = {Teleoperation of {Autonomous} {Vehicle} {With} 360° {Camera} {Feedback}},
	school = {Chalmers University of Technology},
	author = {Bodell, Oscar and Gulliksson, Erik},
	year = {2016},
}

@inproceedings{Certad2023,
	address = {Bilbao, Spain},
	title = {Extraction of {Road} {Users} {Behavior} from {Realistic} {Data} {According} to {Assumptions} in {Safety}-{Related} {Models} for {Automated} {Driving} {Systems}},
	language = {en},
	author = {Certad, Novel and Tschernuth, Sebastian and Olaverri-Monreal, Cristina},
	month = sep,
	year = {2023},
}

@article{Chen2007,
	title = {Human {Performance} {Issues} and {User} {Interface} {Design} for {Teleoperated} {Robots}},
	volume = {37},
	issn = {1094-6977},
	url = {http://ieeexplore.ieee.org/document/4343985/},
	doi = {10.1109/TSMCC.2007.905819},
	language = {en},
	number = {6},
	urldate = {2023-12-06},
	journal = {IEEE Transactions on Systems, Man and Cybernetics, Part C (Applications and Reviews)},
	author = {Chen, Jessie Y. C. and Haas, Ellen C. and Barnes, Michael J.},
	month = nov,
	year = {2007},
	pages = {1231--1245},
}

@article{Davis2010,
	title = {The {Effects} of {Time} {Lag} on {Driving} {Performance} and a {Possible} {Mitigation}},
	volume = {26},
	issn = {1552-3098, 1941-0468},
	url = {http://ieeexplore.ieee.org/document/5460896/},
	doi = {10.1109/TRO.2010.2046695},
	language = {en},
	number = {3},
	urldate = {2023-12-06},
	journal = {IEEE Transactions on Robotics},
	author = {Davis, James and Smyth, Christopher and McDowell, Kaleb},
	month = jun,
	year = {2010},
	pages = {590--593},
}

@article{Diermeyer2011,
	title = {Der {Mensch} als {Sensor} - {Der} {Weg} zum teleoperierten {Fahren}},
	language = {de},
	journal = {Conference: AAET - Automatisierungssysteme, Assistenzsysteme und eingebettete Systeme für Transportmittel},
	author = {Diermeyer, Dr Frank and Gnatzig, Sebastian and Chucholowski, Frederic and Tang, Tito and Lienkamp, Dr Markus},
	month = feb,
	year = {2011},
	pages = {16},
}

@inproceedings{Distner2009,
	title = {A {System} {Addressing} {Rear}-{End} {Collisions} at {Low} {Speeds}},
	language = {en},
	author = {Distner, Martin and Bengtsson, Mattias and Broberg, Thomas and Jakobsson, Lotta},
	month = jun,
	year = {2009},
}

@inproceedings{Faerber2005,
	address = {Walting, Germany},
	title = {Nutzer- und {Nutzen}-{Parameter} von {Collision} {Warning} und {Collision} {Mitigation} {Systemen}},
	publisher = {Maurer, M.; Stiller, C.},
	author = {Färber, B. and Maurer, M.},
	year = {2005},
}

@inproceedings{Gnatzig2013,
	address = {Reykjavík, Iceland},
	title = {A {System} {Design} for {Teleoperated} {Road} {Vehicles}:},
	shorttitle = {A {System} {Design} for {Teleoperated} {Road} {Vehicles}},
	url = {http://www.scitepress.org/DigitalLibrary/Link.aspx?doi=10.5220/0004475802310238},
	doi = {10.5220/0004475802310238},
	language = {en},
	urldate = {2022-08-10},
	booktitle = {Proceedings of the 10th {International} {Conference} on {Informatics} in {Control}, {Automation} and {Robotics}},
	publisher = {SciTePress - Science and and Technology Publications},
	author = {Gnatzig, Sebastian and Chucholowski, Frederic and Tang, Tito and Lienkamp, Markus},
	year = {2013},
	pages = {231--238},
}

@phdthesis{Heck2015,
	address = {Braunschweig, Germany},
	title = {Grundlagen für ein bordautonomes {Handlungskonzept} zur {Unfallfolgenminderung} im {Querverkehr}},
	url = {https://leopard.tu-braunschweig.de/servlets/MCRFileNodeServlet/dbbs_derivate_00037531/Diss_Heck_Julian_Philip_Alexander.pdf},
	urldate = {2023-12-05},
	school = {Technische Universität Braunschweig},
	author = {Heck, Julian Philip Alexander},
	year = {2015},
}

@inproceedings{Hoffmann2022,
	address = {Lakeland, Florida, USA},
	title = {Safe {Corridor}: {A} {Trajectory}-{Based} {Safety} {Concept} for {Teleoperated} {Road} {Vehicles}},
	isbn = {978-1-66541-687-0},
	shorttitle = {Safe {Corridor}},
	url = {https://ieeexplore.ieee.org/document/9742770/},
	doi = {10.1109/ICCVE52871.2022.9742770},
	language = {en},
	urldate = {2023-12-06},
	booktitle = {2022 {International} {Conference} on {Connected} {Vehicle} and {Expo} ({ICCVE})},
	publisher = {IEEE},
	author = {Hoffmann, Simon and Majstorovic, Domagoj and Diermeyer, Frank},
	month = mar,
	year = {2022},
	pages = {1--6},
}

@standard{IEEE2846-2022,
  title = {{IEEE} {Standard} for {Assumptions} in {Safety}-{Related} {Models} for {Automated} {Driving} {Systems}},
  date = {2022},
  number = {IEEE STD 2846-2022},
  publisher = {IEEE},
}

@inproceedings{Krajewski2018,
	address = {Maui, HI},
	title = {The {highD} {Dataset}: {A} {Drone} {Dataset} of {Naturalistic} {Vehicle} {Trajectories} on {German} {Highways} for {Validation} of {Highly} {Automated} {Driving} {Systems}},
	shorttitle = {The {highD} {Dataset}},
	url = {https://ieeexplore.ieee.org/document/8569552/},
	doi = {10.1109/ITSC.2018.8569552},
	language = {en},
	urldate = {2024-07-17},
	booktitle = {2018 21st {International} {Conference} on {Intelligent} {Transportation} {Systems} ({ITSC})},
	publisher = {IEEE},
	author = {Krajewski, Robert and Bock, Julian and Kloeker, Laurent and Eckstein, Lutz},
	month = nov,
	year = {2018},
	pages = {2118--2125},
}

@inproceedings{Krajewski2020,
	address = {Rhodes, Greece},
	title = {The {rounD} {Dataset}: {A} {Drone} {Dataset} of {Road} {User} {Trajectories} at {Roundabouts} in {Germany}},
	isbn = {978-1-72814-149-7},
	shorttitle = {The {rounD} {Dataset}},
	url = {https://ieeexplore.ieee.org/document/9294728/},
	doi = {10.1109/ITSC45102.2020.9294728},
	language = {en},
	urldate = {2024-01-03},
	booktitle = {2020 {IEEE} 23rd {International} {Conference} on {Intelligent} {Transportation} {Systems} ({ITSC})},
	publisher = {IEEE},
	author = {Krajewski, Robert and Moers, Tobias and Bock, Julian and Vater, Lennart and Eckstein, Lutz},
	month = sep,
	year = {2020},
	pages = {1--6},
}

@inproceedings{Liu2017,
	address = {Oldenburg Germany},
	title = {Investigating {Remote} {Driving} over the {LTE} {Network}},
	isbn = {978-1-4503-5150-8},
	url = {https://dl.acm.org/doi/10.1145/3122986.3123008},
	doi = {10.1145/3122986.3123008},
	language = {en},
	urldate = {2023-12-06},
	booktitle = {Proceedings of the 9th {International} {Conference} on {Automotive} {User} {Interfaces} and {Interactive} {Vehicular} {Applications}},
	publisher = {ACM},
	author = {Liu, Ruilin and Kwak, Daehan and Devarakonda, Srinivas and Bekris, Kostas and Iftode, Liviu},
	month = sep,
	year = {2017},
	pages = {264--269},
}

@inproceedings{Luck2006,
	address = {Salt Lake City Utah USA},
	title = {An investigation of real world control of robotic assets under communication latency},
	isbn = {978-1-59593-294-5},
	url = {https://dl.acm.org/doi/10.1145/1121241.1121277},
	doi = {10.1145/1121241.1121277},
	language = {en},
	urldate = {2023-12-06},
	booktitle = {Proceedings of the 1st {ACM} {SIGCHI}/{SIGART} conference on {Human}-robot interaction},
	publisher = {ACM},
	author = {Luck, Jason P. and McDermott, Patricia L. and Allender, Laurel and Russell, Deborah C.},
	month = mar,
	year = {2006},
	pages = {202--209},
}

@inproceedings{Moers2022,
	address = {Aachen, Germany},
	title = {The {exiD} {Dataset}: {A} {Real}-{World} {Trajectory} {Dataset} of {Highly} {Interactive} {Highway} {Scenarios} in {Germany}},
	isbn = {978-1-66548-821-1},
	shorttitle = {The {exiD} {Dataset}},
	url = {https://ieeexplore.ieee.org/document/9827305/},
	doi = {10.1109/IV51971.2022.9827305},
	language = {en},
	urldate = {2024-01-03},
	booktitle = {2022 {IEEE} {Intelligent} {Vehicles} {Symposium} ({IV})},
	publisher = {IEEE},
	author = {Moers, Tobias and Vater, Lennart and Krajewski, Robert and Bock, Julian and Zlocki, Adrian and Eckstein, Lutz},
	month = jun,
	year = {2022},
	pages = {958--964},
}

@techreport{NHTSA2007,
	address = {Springfield, Virginia, USA},
	title = {Analyses of {Rear}-{End} {Crashes} and {Near}-{Crashes} in the 100-{Car} {Naturalistic} {Driving} {Study} to {Support} {Rear}-{Signaling} {Countermeasure} {Development}},
	url = {https://www.nhtsa.gov/document/analyses-rear-end-crashes-and-near-crashes-100-car-naturalistic-driving-study-support-rear},
	number = {DOT HS 810 846},
	urldate = {2023-12-14},
	institution = {National Highway Traffic Safety Administration},
	author = {Lee, Suzanne E. and Llaneras, Eddy and Klauer, Sheila and Sudweeks, Jeremy},
	editor = {{National Highway Traffic Safety Administration}},
	year = {2007},
	pages = {125},
}

@article{Sheridan1963,
	title = {Remote {Manipulative} {Control} with {Transmission} {Delay}},
	volume = {HFE-4},
	issn = {0096-249X},
	url = {http://ieeexplore.ieee.org/document/1698160/},
	doi = {10.1109/THFE.1963.231283},
	language = {en},
	number = {1},
	urldate = {2023-12-06},
	journal = {IEEE Transactions on Human Factors in Electronics},
	author = {Sheridan, T.B. and Ferrell, W.R.},
	month = sep,
	year = {1963},
	pages = {25--29},
}

@article{Tang2014,
	title = {Teleoperated {Road} {Vehicles} – {The} ''{Free} {Corridor}''  as a {Safety} {Strategy} {Approach}},
	volume = {490-491},
	issn = {1662-7482},
	url = {https://www.scientific.net/AMM.490-491.1399},
	doi = {10.4028/www.scientific.net/AMM.490-491.1399},
	language = {en},
	urldate = {2023-12-05},
	journal = {Applied Mechanics and Materials},
	author = {Tang, Tito and Vetter, Pascal and Finkl, Simon and Figel, Korbinian and Lienkamp, Markus},
	month = jan,
	year = {2014},
	pages = {1399--1409},
}

@techreport{WG_Teleoperation2024_en,
	address = {Bergisch Gladbach, Germany},
	type = {Technical {Report}},
	title = {Technical report of the working group “{Research} {Needs} in {Teleoperation}”},
	language = {en},
	institution = {Federal Highway Research Institute},
	author = {{WG Research Needs in Teleoperation}},
	month = nov,
	year = {2023},
}

@article{Zhang2020,
	title = {Toward {Automated} {Vehicle} {Teleoperation}: {Vision}, {Opportunities}, and {Challenges}},
	volume = {7},
	issn = {2327-4662, 2372-2541},
	shorttitle = {Toward {Automated} {Vehicle} {Teleoperation}},
	url = {https://ieeexplore.ieee.org/document/9214882/},
	doi = {10.1109/JIOT.2020.3028766},
	language = {en},
	number = {12},
	urldate = {2023-12-06},
	journal = {IEEE Internet of Things Journal},
	author = {Zhang, Tao},
	month = dec,
	year = {2020},
	pages = {11347--11354},
}

