@misc{aerpawWebsite,
  title = {{AERPAW} - Aerial Experimentation and Research Platform for Advanced Wireless},
  url = {https://aerpaw.org},
}

@misc{matlab_ray_tracing,
  title = {{Matlab Ray Tracing Tool}},
  url = {https://www.mathworks.com/help/antenna/ref/rfprop.raytracing.html},
}

@misc{osm,
  title = {{OpenStreetMap}},
  url = {https://www.openstreetmap.org},
}

@misc{osm_buildings,
  title = {{OpenStreetMap Buildings}},
  url = {https://osmbuildings.org},
}

@book{Cressie_2015, place={Hoboken, NJ}, title={\textit{Statistics for Spatial Data}}, publisher={John Wiley \& Sons, Inc}, author={Cressie, Noel A. C.}, year={2015}} 

@ARTICLE{maeng2023kriging,
  author={Maeng, Sung Joon and Ozdemir, Ozgur and Guvenc, Ismail and Sichitiu, Mihail L.},
  journal= {\textit{IEEE Sensors J.}}, 
  title={Kriging-Based 3-{D} Spectrum Awareness for Radio Dynamic Zones Using Aerial Spectrum Sensors}, 
  year={2024},
  volume={24},
  number={6},
  pages={9044-9058},
  keywords={Three-dimensional displays;Sensors;Autonomous aerial vehicles;Correlation;Antenna measurements;Loss measurement;Interpolation;3-D spectrum awareness;Aerial Experimentation and Research Platform for Advanced Wireless (AERPAW);antenna radiation pattern;I/Q samples;Kriging interpolation;long-term evolution (LTE);propagation modeling;radio dynamic zones (RDZ);reference signal received power (RSRP);Universal Software Radio Peripheral (USRP);unmanned aerial vehicle (UAV)},
  doi={10.1109/JSEN.2024.3357430}}


@ARTICLE{Kriging_solution_paper,
  author={Sato, Koya and Suto, Katsuya and Inage, Kei and Adachi, Koichi and Fujii, Takeo},
  journal={\textit{IEEE Trans. Veh. Technol.}}, 
  title={Space-Frequency-Interpolated Radio Map}, 
  year={2021},
  volume={70},
  number={1},
  pages={714-725},
  keywords={Location awareness;Interpolation;Time-frequency analysis;Correlation;Indoor environment;Internet of Things;Shadow mapping;Correlation;crowdsourcing;interpolation;radio map;radio propagation;spatial statistics},
  doi={10.1109/TVT.2021.3049894}}

@book{lte_book,
  title={\textit{{LTE}-the {UMTS} long term evolution: From theory to practice}},
  author={Sesia, Stefania and Toufik, Issam and Baker, Matthew},
  year={2011},
  publisher={John Wiley \& Sons}
}

@article{MIMO_white_paper,
  title={Assessing a {MIMO} channel white paper},
  author={Schindler, S and Mellein, H},
  journal={\textit{Rohdge and Schwarz App Note}},
  year={2011},
}

@ARTICLE{ray_tracing_access_paper,  author={Yun, Zhengqing and Iskander, Magdy F.},  journal={\textit{IEEE Access}},   title={Ray Tracing for Radio Propagation Modeling: Principles and Applications},   year={2015},  volume={3},  number={},  pages={1089-1100},  doi={10.1109/ACCESS.2015.2453991}}

@ARTICLE{sbr_paper,  author={Ling, H. and Chou, R.-C. and Lee, S.-W.},  journal={\textit{IEEE Trans. Antennas and Propag.}},   title={Shooting and bouncing rays: Calculating the {RCS} of an arbitrarily shaped cavity},   year={1989},  volume={37},  number={2},  pages={194-205},  doi={10.1109/8.18706}}

@misc{ITU-R-P.2040-3,
  title = {{ITU-R P.2040-3}},
  url = {https://https://www.itu.int/rec/R-REC-P.2040/en},
}

@misc{matlab_curve_fitting,
  title = {{Matlab Curve Fitting Tool}},
  url = {https://www.mathworks.com/help/curvefit/curve-fitting.html},
}

@INPROCEEDINGS{previous_work,
  author={Lee, Donggu and Guvenc, Ismail},
  booktitle={Proc. \textit{IEEE Veh. Technol. Conf. (VTC)}}, 
  title={Rank and Condition Number Analysis for {UAV} {MIMO} Channels Using Ray Tracing}, 
  year={2023},
  month={June},
  volume={},
  number={},
  pages={1-7},
  address={Florence, Italy}, 
  keywords={Vehicular and wireless technologies;Roads;RF signals;Ray tracing;Lakes;Autonomous aerial vehicles;Trajectory;AERPAW;condition number;drone;MIMO;channel rank;ray tracing;spatial multiplexing;UAV},
  doi={10.1109/VTC2023-Spring57618.2023.10199529}}

@ARTICLE{RT_indoor,
  author={Tiberi, Gianluigi and Bertini, Stefano and Malik, Wasim Q. and Monorchio, Agostino and Edwards, David J. and Manara, Giuliano},
  journal={\textit{IEEE Trans. Antennas Propag.}}, 
  title={Analysis of Realistic Ultrawideband Indoor Communication Channels by Using an Efficient Ray-Tracing Based Method}, 
  year={2009},
  volume={57},
  number={3},
  pages={777-785},
  keywords={Ultra wideband technology;Indoor communication;Ray tracing;Frequency;Computational modeling;Computational efficiency;Narrowband;Biomedical engineering;Communication channels;Predictive models;Angle of arrival (AoA);indoor propagation;parallel rays;ray-tracing;ultrawideband (UWB) channel},
  doi={10.1109/TAP.2009.2013432}}

@ARTICLE{RT_channel_measure,
  author={Chen, Yi and Li, Yuanbo and Han, Chong and Yu, Ziming and Wang, Guangjian},
  journal={\textit{IEEE Trans. Wireless Commun.}}, 
  title={Channel Measurement and Ray-Tracing-Statistical Hybrid Modeling for Low-Terahertz Indoor Communications}, 
  year={2021},
  volume={20},
  number={12},
  pages={8163-8176},
  keywords={Antenna measurements;Wireless communication;Channel models;Loss measurement;Delays;Position measurement;Spatial resolution;Terahertz communications;channel measurement;temporal-spatial analysis;ray-tracing-statistic hybrid modeling},
  doi={10.1109/TWC.2021.3090781}}

@INPROCEEDINGS{Channel_rank_massive_MIMO,
  author={Schützenhöfer, Daniel and Pratschner, Stefan and Groll, Herbert and Rupp, Markus},
  booktitle={Proc. \textit{IEEE Int. Workshop on Signal Process. Advances in Wireless Commun. (SPAWC)}}, 
  title={Channel Rank Analysis of an Outdoor-to-Indoor Massive {MIMO} Measurement}, 
  year={2020},
  month={May},
  volume={},
  number={},
  pages={1-5},
  address={Atlanta, GA, USA},
  keywords={Antenna measurements;Antenna arrays;MIMO communication;Signal to noise ratio;Wireless communication;Receivers;Transmitting antennas;massive MIMO;virtual antenna array;outdoor-to-indoor measurement;double directional beamforming},
  doi={10.1109/SPAWC48557.2020.9154226}}

@INPROCEEDINGS{RT_channel_modeling,
  author={An, Hao and Guan, Ke and Li, Wenbin and Zhang, Jundi and He, Danping and Zhu, Fusheng and Chen, Lei},
  booktitle={Proc. \textit{IEEE Int. Conf. on Electron. Inf. and Commun. Technol. (ICEICT)}}, 
  title={Measurement and Ray-tracing for {UAV} Air-to-air Channel Modeling}, 
  year={2022},
  month={Aug.},
  volume={},
  number={},
  pages={415-420},
  address={Hefei, China},
  keywords={Wireless communication;Analytical models;Power measurement;Atmospheric modeling;Mission critical systems;Rayleigh channels;Ray tracing;Air-to-air channel measurement;UAV channel;ray-tracing;channel modeling;tapped-delay line models},
  doi={10.1109/ICEICT55736.2022.9908966}}

@INPROCEEDINGS{RT_terahz_UAV,
  author={Li, Yuanbo and Li, Ning and Han, Chong},
  booktitle={Proc. \textit{IEEE Intern. Conf. on Commun. ({ICC})}}, 
  title={Ray-tracing Simulation and Hybrid Channel Modeling for Low-Terahertz {UAV} Communications}, 
  year={2021},
  month={June},
  volume={},
  number={},
  pages={1-6},
  address={Montreal, QC, Canada},
  keywords={Fading channels;Wireless communication;Analytical models;Atmospheric modeling;Stochastic processes;Ray tracing;Time-varying channels},
  doi={10.1109/ICC42927.2021.9500549}}

@INPROCEEDINGS{Kriging_coverage,
  author={Braham, Hajer and Ben Jemaa, Sana and Sayrac, Berna and Fort, Gersende and Moulines, Eric},
  booktitle={Proc. \textit{IEEE Int. Symp. Personal, Indoor, and Mobile Radio Commun. (PIMRC)}}, 
  title={Coverage mapping using spatial interpolation with field measurements}, 
  year={2014},
  month={Sep.},
  volume={},
  number={},
  pages={1743-1747},
  address={Washington, DC, USA},
  keywords={Predictive models;Computational modeling;Numerical models;Interpolation;Area measurement;Prediction algorithms;Computational complexity;Coverage Map;Spatial Statistics;Fixed Rank Kriging;Wireless Network;Drive Test},
  doi={10.1109/PIMRC.2014.7136450}}

@ARTICLE{fixed_rank_kriging,
  author={Braham, Hajer and Jemaa, Sana Ben and Fort, Gersende and Moulines, Eric and Sayrac, Berna},
  journal={\textit{IEEE Trans. Veh. Technol.}}, 
  title={Fixed Rank {K}riging for Cellular Coverage Analysis}, 
  year={2017},
  volume={66},
  number={5},
  pages={4212-4222},
  keywords={Adaptation models;Prediction algorithms;Predictive models;Estimation;Optimization;Mobile handsets;Computational complexity;Coverage map;expectation-maximization (EM) algorithm;fixed rank Kriging (FRK);radio environment map (REM);spatial statistics;wireless network},
  doi={10.1109/TVT.2016.2599842}}

@ARTICLE{Kriging_map_construction,
  author={Gao, Ying and Fujii, Takeo},
  journal={\textit{IEEE Access}}, 
  title={A {K}riging-Based Radio Environment Map Construction and Channel Estimation System in Threatening Environments}, 
  year={2023},
  volume={11},
  number={},
  pages={38136-38148},
  keywords={Databases;Sensors;Interpolation;Channel estimation;Shadow mapping;Security;Reactive power;Radio environment map;security;Kriging interpolation;path-loss estimation;shadowing estimation},
  doi={10.1109/ACCESS.2023.3267973}}

@INPROCEEDINGS{Kriging_mapping,
  author={Phillips, Caleb and Ton, Michael and Sicker, Douglas and Grunwald, Dirk},
  booktitle={Proc. \textit{IEEE Int. Symp. Dynamic Spectr. Access Netw.}}, 
  title={Practical radio environment mapping with geostatistics}, 
  year={2012},
  month={Oct.},
  volume={},
  number={},
  pages={422-433},
  address={Bellevue, WA, USA},
  keywords={Interpolation;Educational institutions;Loss measurement;Predictive models;Mathematical model;WiMAX;Data models},
  doi={10.1109/DYSPAN.2012.6478166}}

@INPROCEEDINGS{rank_analysis_radar,
  author={Wu, Yong and Tang, Jun and Peng, Yingning},
  booktitle={Proc. \textit{CIE Int. Conf. Radar}}, 
  title={Analysis on Rank of Channel Matrix for Monostatic {MIMO} Radar System}, 
  year={2006},
  month={Oct.}, 
  volume={},
  number={},
  pages={1-4},
  address={Shanghai, China},
  keywords={MIMO;Decorrelation;Radar scattering;Sensor arrays;System performance;Analytical models;Frequency diversity;Radar detection;Diversity methods;Phased arrays;Channel matrix rank;MIMO radar},
  doi={10.1109/ICR.2006.343455}}

@ARTICLE{vertical_MIMO_paper,  author={Xie, Weiliang and Yang, Tao and Zhu, Xuetian and Yang, Fengyi and Bi, Qi},  
journal={\textit{IEEE Antennas and Wireless Propag. Lett.}},   title={Measurement-Based Evaluation of Vertical Separation {MIMO} Antennas for Base Station},   
year={2012},  volume={11},  number={},  pages={415-418},  doi={10.1109/LAWP.2012.2194688}}

@INPROCEEDINGS{vertical_MIMO_paper_2,  
author={Lerch, Martin and Rupp, Markus},  
booktitle={Proc. \textit{Int. ITG Workshop on Smart Antennas}},   title={Measurement-Based Evaluation of the {LTE MIMO} Downlink at Different Antenna Configurations},   year={2013},  month={Mar.}, volume={},  number={},  pages={1-6},  doi={}, address={Stuttgart, Germany}}

@ARTICLE{RT_tutorial,
  author={He, Danping and Ai, Bo and Guan, Ke and Wang, Longhe and Zhong, Zhangdui and Kürner, Thomas},
  journal={\textit{IEEE Commun. Surveys \& Tuts.}}, 
  title={The Design and Applications of High-Performance Ray-Tracing Simulation Platform for 5{G} and Beyond Wireless Communications: A Tutorial}, 
  year={2019},
  volume={21},
  number={1},
  pages={10-27},
  keywords={5G mobile communication;Stochastic processes;MIMO communication;Solid modeling;Tutorials;Wireless communication;Computational modeling;Channel modeling;cloud computing;5G and beyond wireless communications;high-performance computing;millimeter wave;MIMO;ray-tracing simulation;vehicular communication},
  doi={10.1109/COMST.2018.2865724}}

@misc{nvidia_sionna,
  title = {{NVIDIA Sionna}},
  url = {https://developer.nvidia.com/sionna},
}

@ARTICLE{ray_tracing_foliage,
  author={Lai, Chiehping and Senic, Damir and Gentile, Camillo and Senic, Jelena and Golmie, Nada},
  journal={\textit{IEEE Access}}, 
  title={Raytracing Digital Foliage at Millimeter-Wave: A Case Study on Calibration Against 60-GHz Channel Measurements on Summer and Winter Trees}, 
  year={2023},
  volume={11},
  number={},
  pages={145931-145943},
  keywords={Vegetation;Loss measurement;Antenna measurements;Shape measurement;Propagation losses;NIST;Millimeter wave communication;5G;mmWave;foliage;penetration loss;propagation;Ansys HFSS SBR+;raytracing;tuning;Terragraph;vegetation;wireless networks},
  doi={10.1109/ACCESS.2023.3345248}}

@misc{blender,
  title = {{Blender}},
  url = {https://www.blender.org/},
}

@misc{itu_R_vegetation,
  title = {{ITU-R P.833-10}},
  url = {https://www.itu.int/pub/R-REC/en},
}

@misc{itu_R_buildings,
  title = {{ITU-R P.2040-1}},
  url = {https://www.itu.int/pub/R-REC/en},
}

@INPROCEEDINGS{ray_tracing_tree_urban,
  author={Yang, Songjiang and Zhang, Jiliang and Zhang, Jie},
  booktitle={Proc. \textit{Int. Symp. Antennas and Propag. (ISAP)}}, 
  title={Impact of Foliage on Urban MmWave Wireless Propagation Channel: A Ray-tracing Based Analysis}, 
  year={2019},
  month={Oct.},
  volume={},
  number={},
  pages={1-3},
  address={Xi'an, China},
  keywords={mmWave;foliage;correlation-based channel model;ray-tracing;radio propagation},
  doi={}}

@ARTICLE{ray_tracing_vegetation,
  author={Leonor, Nuno R. and Fernandes, Telmo R. and García Sánchez, Manuel and Caldeirinha, Rafael F. S.},
  journal={\textit{IEEE Trans. Antennas Propag.}}, 
  title={A 3-D Model for Millimeter-Wave Propagation Through Vegetation Media Using Ray-Tracing}, 
  year={2019},
  volume={67},
  number={6},
  pages={4313-4318},
  keywords={Vegetation;Three-dimensional displays;Solid modeling;Scattering;Azimuth;Antennas;Two dimensional displays;Millimeter-wave radio propagation;modeling;propagation measurements;scattering;vegetation},
  doi={10.1109/TAP.2019.2905957}}

 @book{tse2005fundamentals,
  title={Fundamentals of wireless communication},
  author={Tse, David and Viswanath, Pramod},
  year={2005},
  publisher={Cambridge University Press},
}

@ARTICLE{access_UAV_application,
  author={Shakhatreh, Hazim and Sawalmeh, Ahmad H. and Al-Fuqaha, Ala and Dou, Zuochao and Almaita, Eyad and Khalil, Issa and Othman, Noor Shamsiah and Khreishah, Abdallah and Guizani, Mohsen},
  journal={IEEE Access}, 
  title={Unmanned Aerial Vehicles ({UAV}s): {A} Survey on Civil Applications and Key Research Challenges}, 
  year={2019},
  volume={7},
  number={},
  pages={48572-48634},
  keywords={Unmanned aerial vehicles;Market research;Wireless sensor networks;Wireless communication;Communication system security;Security;Surveillance;Civil infrastructure inspection;delivery of goods;precision agriculture;real-time monitoring;remote sensing;search and rescue;security and surveillance;UAVs;wireless coverage},
  doi={10.1109/ACCESS.2019.2909530}}

@ARTICLE{proc_ieee_UAV_application,
  author={Zeng, Yongs and Wu, Qingqing and Zhang, Rui},
  journal={in Proc. \textit{IEEE}}, 
  title={Accessing From the Sky: {A} Tutorial on {UAV} Communications for 5{G} and Beyond}, 
  year={2019},
  volume={107},
  number={12},
  pages={2327-2375},
  keywords={Tutorials;Unammed aerial vehicles;Wireless communication;Antennas;Cellular networks;Trajectory;Optimization;Energy efficiency;3-D placement;air–ground interference;antenna model;energy efficiency;cellular network;channel model;trajectory optimization;unmanned aerial vehicle (UAV);wireless communication},
  doi={10.1109/JPROC.2019.2952892}}

@misc{openGERT_paper,
  title={Open{GERT}: Open Source Automated Geometry Extraction with Geometric and Electromagnetic Sensitivity Analyses for Ray-Tracing Propagation Models}, 
  author={Serhat Tadik and Rajib Bhattacharjea and Johnathan Corgan and David Johnson and Jacobus Van der Merwe and Gregory D. Durgin},
  year={2025},
  eprint={2501.06945},
  archivePrefix={arXiv},
  primaryClass={eess.SP},
  url={https://arxiv.org/abs/2501.06945}, 
}

@INPROCEEDINGS{duke_sionna_paper,
  author={Li, Yiming and Li, Zeyu and Gao, Zhihui and Chen, Tingjun},
  booktitle={ Proc. \textit{IEEE Int. Symp. on Dyn. Spectr. Access Netw. (DySPAN)}}, 
  title={Geo2{S}ig{M}ap: High-Fidelity {RF} Signal Mapping Using Geographic Databases}, 
  year={2024},
  month={May},
  address={Washington, DC, USA}, 
  volume={},
  number={},
  pages={277-285},
  keywords={Three-dimensional displays;Databases;Computational modeling;RF signals;Buildings;Area measurement;Ray tracing},
  doi={10.1109/DySPAN60163.2024.10632773}}

@ARTICLE{digital_twin_benchmark,
  author={Zhu, Michele and Cazzella, Lorenzo and Linsalata, Francesco and Magarini, Maurizio and Matteucci, Matteo and Spagnolini, Umberto},
  journal={IEEE Open J. Commun. S.}, 
  title={Toward Real-Time Digital Twins of {EM} Environments: Computational Benchmark for Ray Launching Software}, 
  year={2024},
  volume={5},
  number={},
  pages={6291-6302},
  keywords={Computational modeling;Reflection;Benchmark testing;Software;Wireless communication;Ray tracing;Digital twins;Network digital twins;radio map;radio propagation;ray launching;ray tracing;wireless communication},
  doi={10.1109/OJCOMS.2024.3463963}}

@inproceedings{boston_sionna,
author = {Testolina, Paolo and Polese, Michele and Johari, Pedram and Melodia, Tommaso},
title = {Boston Twin: the {B}oston Digital Twin for Ray-Tracing in 6{G} Networks},
year = {2024},
isbn = {9798400704123},
address = {Bari, Italy},
booktitle = {Proc. ACM Multimed. Syst. Conf.},
pages = {441–447},
numpages = {7},
keywords = {Digital Twin, Ray Tracing, Wireless Networks},
month ={Apr.}
}

@ARTICLE{rank_MIMO_bounds,
  author={Hailin, Xiao and Shan, Ouyang and Zaiping, Nie and Feng, Zhao},
  journal={J. of Syst. Eng. Electron.}, 
  title={Capacity analysis of high-rank line-of-sight {MIMO} channels}, 
  year={2009},
  volume={20},
  number={4},
  pages={706-710},
  keywords={Educational institutions;Channel capacity;Wireless communication;Relays;Signal to noise ratio;Antennas;Scattering;MIMO channel;matrix perturbation theory;condition number;space time block code},
  doi={}}

@INPROCEEDINGS{MIMO_adaptation_1,  
author={Yu, Jiang and Lin, Fei and Teng, Yong and Yue, Guangxin},  
booktitle={Proc. Int. Symp. Pers., Indoor and Mobile Radio Commun.},   title={{MIMO-OFDM} Transmission Adaptation using Rank},   
year={2007},  volume={},  number={}, month={Sep.}, address={Athens, Greece}, pages={1-5},  doi={10.1109/PIMRC.2007.4394456}}

@INPROCEEDINGS{MIMO_adaptation_2,  
author={Jonna, Thulasiram and Reddy, Siva Kishore and Milleth, J Klutto},  booktitle={Proc. IEEE Int. Conf. Adv. Netw. and Telecommun. Syst. (ANTS)},  
title={Rank and {MIMO} mode adaptation in {LTE}},   
year={2013},  volume={},  number={}, month={Dec.}, address={Kattankulathur, India}, pages={1-6},  doi={10.1109/ANTS.2013.6802841}}

@INPROCEEDINGS{wahab_paper,
  author={Khawaja, Wahab and Guvenc, Ismail and Matolak, David},
  booktitle={Proc. IEEE Global Commun. Conf. (GLOBECOM)}, 
  title={{UWB} Channel Sounding and Modeling for {UAV} Air-to-Ground Propagation Channels}, 
  year={2016},
  volume={},
  number={},
  pages={1-7},
  month={Dec.},
  address={Washington, DC, USA}, 
  keywords={Receivers;Unmanned aerial vehicles;Channel models;Loss measurement;Delays;Data models;Antenna measurements},
  doi={10.1109/GLOCOM.2016.7842372}}

@INPROCEEDINGS{uav_channel_model_urban,  author={Yang, Zhi and Zhou, Lai and Zhao, Guangyue and Zhou, Shidong},  booktitle={Proc. European Conf. Antennas and Propag. (EuCAP 2018)},   
title={Channel model in the urban environment for unmanned aerial vehicle communications},   year={2018}, month={Apr.}, address={London, UK}, volume={},  number={},  pages={1-5},  doi={10.1049/cp.2018.1078}}

@misc{uav_channel_model_arxiv, 
  url = {https://arxiv.org/abs/1710.03701},
  author = {Galkin, Boris and Kibiłda, Jacek and DaSilva, Luiz A.},
  keywords = {Networking and Internet Architecture (cs.NI), FOS: Computer and information sciences, FOS: Computer and information sciences},
  title = {A Stochastic Geometry Model of Backhaul and User Coverage in Urban {UAV} Networks},
howpublished = {Preprint arXiv:1710.03701v2},  
month = {Oct.},
  publisher = {arXiv},
  year = {2017},
  copyright = {arXiv.org perpetual, non-exclusive license}
}

@INPROCEEDINGS{MIMO_performance_metric,  author={Wood, Leslie C. and Hodgkiss, William S.},  booktitle={Proc. IEEE Global Telecommun. Conf. (GLOBECOM)},   
title={{MIMO} Channel Models and Performance Metrics},   year={2007},  volume={},  number={},  pages={3740-3744}, month={Nov.}, address={Washington, DC, USA}
}

@ARTICLE{RT_mode_urban,  author={Kaya, Aliye Ozge and Trappe, Wade and Greenstein, Larry J. and Chizhik, Dmitry},  journal={IEEE Trans. Wireless Commun.},   title={Predicting {MIMO} Performance in Urban Microcells Using Ray Tracing to Characterize the Channel},   year={2012},  volume={11},  number={7},  pages={2402-2411},  doi={10.1109/TWC.2012.041612.102335}}

@INPROCEEDINGS{rank_irs,
  author={Ozturk, Ender and Anjinappa, Chethan K. and Erden, Fatih and Uddin Chowdhury, Md Moin and Guvenc, Ismail and Dai, Huaiyu and Bhuyan, Arupjyoti},
  booktitle={IEEE Aerosp. Conf.}, 
  title={Channel Rank Improvement in Urban Drone Corridors Using Passive Intelligent Reflectors}, 
  year={2023},
  volume={},
  number={},
  pages={1-8},
  month={Mar.},
  address={Big Sky, MT, USA},
  keywords={Channel capacity;Millimeter wave technology;Line-of-sight propagation;MIMO;Space division multiplexing;Frequency division multiplexing;Millimeter wave communication},
  doi={10.1109/AERO55745.2023.10115741}}
















