@article{Malashin2016,
	title        = {Extraction of object hierarchy data from trained deep-learning neural networks via analysis of the confusion matrix},
	author       = {Malashin, R},
	year         = 2016,
	journal      = {J. Opt. Tech.},
	volume       = 83,
	pages        = {599--603},
	issue        = 10
}

@inproceedings{arpit2017closer,
	title        = {A closer look at memorization in deep networks},
	author       = {Arpit, Devansh and Jastrz{\k{e}}bski, Stanis{\l}aw and Ballas, Nicolas and Krueger, David and Bengio, Emmanuel and Kanwal, Maxinder S and Maharaj, Tegan and Fischer, Asja and Courville, Aaron and Bengio, Yoshua and others},
	year         = 2017,
	booktitle    = {International conference on machine learning},
	pages        = {233--242},
	organization = {PMLR}
}

@article{benjdiraa2023guided,
	title        = {Guided Frequency Loss for Image Restoration},
	author       = {Benjdiraa, Bilel and Alia, Anas M and Koubaa, Anis},
	year         = 2023,
	journal      = {arXiv preprint arXiv:2309.15563}
}

@article{beyazit2024inductive,
	title        = {An inductive bias for tabular deep learning},
	author       = {Beyazit, Ege and Kozaczuk, Jonathan and Li, Bo and Wallace, Vanessa and Fadlallah, Bilal},
	year         = 2024,
	journal      = {Advances in Neural Information Processing Systems},
	volume       = 36
}

@inproceedings{brust2019integrating,
	title        = {Integrating domain knowledge: using hierarchies to improve deep classifiers},
	author       = {Brust, Clemens-Alexander and Denzler, Joachim},
	year         = 2019,
	booktitle    = {Asian conference on pattern recognition},
	pages        = {3--16},
	organization = {Springer}
}

@article{dang2024neural,
	title        = {Neural Collapse for Cross-entropy Class-Imbalanced Learning with Unconstrained ReLU Feature Model},
	author       = {Dang, Hien and Tran, Tho and Nguyen, Tan and Ho, Nhat},
	year         = 2024,
	journal      = {arXiv preprint arXiv:2401.02058}
}

@article{fang2021exploring,
	title        = {Exploring deep neural networks via layer-peeled model: Minority collapse in imbalanced training},
	author       = {Fang, Cong and He, Hangfeng and Long, Qi and Su, Weijie J},
	year         = 2021,
	journal      = {Proceedings of the National Academy of Sciences},
	publisher    = {National Acad Sciences},
	volume       = 118,
	number       = 43,
	pages        = {e2103091118}
}

@incollection{fellbaum2010wordnet,
	title        = {WordNet},
	author       = {Fellbaum, Christiane},
	year         = 2010,
	booktitle    = {Theory and applications of ontology: computer applications},
	publisher    = {Springer},
	pages        = {231--243}
}

@article{geirhos2020shortcut,
	title        = {Shortcut learning in deep neural networks},
	author       = {Geirhos, Robert and Jacobsen, J{\"o}rn-Henrik and Michaelis, Claudio and Zemel, Richard and Brendel, Wieland and Bethge, Matthias and Wichmann, Felix A},
	year         = 2020,
	journal      = {Nature Machine Intelligence},
	publisher    = {Nature Publishing Group UK London},
	volume       = 2,
	number       = 11,
	pages        = {665--673}
}

@article{hinton2015distilling,
  title =        {Distilling the knowledge in a neural network},
  author =       {Hinton, Geoffrey and Vinyals, Oriol and Dean, Jeff},
  year =         2015,
  journal =      {arXiv preprint arXiv:1503.02531}
}

@article{hu2020surprising,
	title        = {The surprising simplicity of the early-time learning dynamics of neural networks},
	author       = {Hu, Wei and Xiao, Lechao and Adlam, Ben and Pennington, Jeffrey},
	year         = 2020,
	journal      = {Advances in Neural Information Processing Systems},
	volume       = 33,
	pages        = {17116--17128}
}

@article{hui2022limitations,
	title        = {Limitations of neural collapse for understanding generalization in deep learning},
	author       = {Hui, Like and Belkin, Mikhail and Nakkiran, Preetum},
	year         = 2022,
	journal      = {arXiv preprint arXiv:2202.08384}
}

@inproceedings{mangalam2019deep,
	title        = {Do deep neural networks learn shallow learnable examples first?},
	author       = {Mangalam, Karttikeya and Prabhu, Vinay Uday},
	year         = 2019,
	booktitle    = {ICML 2019 Workshop on Identifying and Understanding Deep Learning Phenomena}
}

@article{papyan2020prevalence,
	title        = {Prevalence of neural collapse during the terminal phase of deep learning training},
	author       = {Papyan, Vardan and Han, XY and Donoho, David L},
	year         = 2020,
	journal      = {Proceedings of the National Academy of Sciences},
	publisher    = {National Acad Sciences},
	volume       = 117,
	number       = 40,
	pages        = {24652--24663}
}

@article{pezeshki2022dynamics,
	title        = {Dynamics of learning and generalization in neural networks},
	author       = {Pezeshki, Mohammad},
	year         = 2022
}

@article{qiu2024complexity,
	title        = {Complexity Matters: Dynamics of Feature Learning in the Presence of Spurious Correlations},
	author       = {Qiu, GuanWen and Kuang, Da and Goel, Surbhi},
	year         = 2024,
	journal      = {arXiv preprint arXiv:2403.03375}
}

@inproceedings{rahaman2019spectral,
	title        = {On the spectral bias of neural networks},
	author       = {Rahaman, Nasim and Baratin, Aristide and Arpit, Devansh and Draxler, Felix and Lin, Min and Hamprecht, Fred and Bengio, Yoshua and Courville, Aaron},
	year         = 2019,
	booktitle    = {International conference on machine learning},
	pages        = {5301--5310},
	organization = {PMLR}
}

@inproceedings{redmon2017yolo9000,
	title        = {YOLO9000: better, faster, stronger},
	author       = {Redmon, Joseph and Farhadi, Ali},
	year         = 2017,
	booktitle    = {Proceedings of the IEEE conference on computer vision and pattern recognition},
	pages        = {7263--7271}
}

@article{russakovsky2015imagenet,
	title        = {Imagenet large scale visual recognition challenge},
	author       = {Russakovsky, Olga and Deng, Jia and Su, Hao and Krause, Jonathan and Satheesh, Sanjeev and Ma, Sean and Huang, Zhiheng and Karpathy, Andrej and Khosla, Aditya and Bernstein, Michael and others},
	year         = 2015,
	journal      = {International journal of computer vision},
	publisher    = {Springer},
	volume       = 115,
	pages        = {211--252}
}

@article{shah2020pitfalls,
	title        = {The pitfalls of simplicity bias in neural networks},
	author       = {Shah, Harshay and Tamuly, Kaustav and Raghunathan, Aditi and Jain, Prateek and Netrapalli, Praneeth},
	year         = 2020,
	journal      = {Advances in Neural Information Processing Systems},
	volume       = 33,
	pages        = {9573--9585}
}

@article{shwartz2022tabular,
	title        = {Tabular data: Deep learning is not all you need},
	author       = {Shwartz-Ziv, Ravid and Armon, Amitai},
	year         = 2022,
	journal      = {Information Fusion},
	publisher    = {Elsevier},
	volume       = 81,
	pages        = {84--90}
}

@article{snell2017prototypical,
	title        = {Prototypical networks for few-shot learning},
	author       = {Snell, Jake and Swersky, Kevin and Zemel, Richard},
	year         = 2017,
	journal      = {Advances in neural information processing systems},
	volume       = 30
}

@inproceedings{ulyanov2018deep,
	title        = {Deep image prior},
	author       = {Ulyanov, Dmitry and Vedaldi, Andrea and Lempitsky, Victor},
	year         = 2018,
	booktitle    = {Proceedings of the IEEE conference on computer vision and pattern recognition},
	pages        = {9446--9454}
}

@article{vinyals2016matching,
	title        = {Matching networks for one shot learning},
	author       = {Vinyals, Oriol and Blundell, Charles and Lillicrap, Timothy and Wierstra, Daan and others},
	year         = 2016,
	journal      = {Advances in neural information processing systems},
	volume       = 29
}

@inproceedings{wang2022frequency,
	title        = {Frequency shortcut learning in neural networks},
	author       = {Wang, Shunxin and Veldhuis, Raymond and Brune, Christoph and Strisciuglio, Nicola},
	year         = 2022,
	booktitle    = {NeurIPS 2022 Workshop on Distribution Shifts: Connecting Methods and Applications}
}

@inproceedings{wang2023neural,
	title        = {What do neural networks learn in image classification? a frequency shortcut perspective},
	author       = {Wang, Shunxin and Veldhuis, Raymond and Brune, Christoph and Strisciuglio, Nicola},
	year         = 2023,
	booktitle    = {Proceedings of the IEEE/CVF International Conference on Computer Vision},
	pages        = {1433--1442}
}

@inproceedings{xiao2014error,
  title={Error-driven incremental learning in deep convolutional neural network for large-scale image classification},
  author={Xiao, Tianjun and Zhang, Jiaxing and Yang, Kuiyuan and Peng, Yuxin and Zhang, Zheng},
  booktitle={Proceedings of the 22nd ACM international conference on Multimedia},
  pages={177--186},
  year={2014}
}

@article{xu2019frequency,
	title        = {Frequency principle: Fourier analysis sheds light on deep neural networks},
	author       = {Xu, Zhi-Qin John and Zhang, Yaoyu and Luo, Tao and Xiao, Yanyang and Ma, Zheng},
	year         = 2019,
	journal      = {arXiv preprint arXiv:1901.06523}
}

@inproceedings{xu2021deep,
	title        = {Deep frequency principle towards understanding why deeper learning is faster},
	author       = {Xu, Zhiqin John and Zhou, Hanxu},
	year         = 2021,
	booktitle    = {Proceedings of the AAAI conference on artificial intelligence},
	volume       = 35,
	number       = 12,
	pages        = {10541--10550}
}

@article{xu2024overview,
	title        = {Overview frequency principle/spectral bias in deep learning},
	author       = {Xu, Zhi-Qin John and Zhang, Yaoyu and Luo, Tao},
	year         = 2024,
	journal      = {Communications on Applied Mathematics and Computation},
	publisher    = {Springer},
	pages        = {1--38}
}

@article{yang2023neural,
	title        = {Neural collapse inspired feature-classifier alignment for few-shot class incremental learning},
	author       = {Yang, Yibo and Yuan, Haobo and Li, Xiangtai and Lin, Zhouchen and Torr, Philip and Tao, Dacheng},
	year         = 2023,
	journal      = {arXiv preprint arXiv:2302.03004}
}

@article{zhang2020rethink,
	title        = {Rethink the connections among generalization, memorization and the spectral bias of DNNs},
	author       = {Zhang, Xiao and Xiong, Haoyi and Wu, Dongrui},
	year         = 2020,
	journal      = {arXiv preprint arXiv:2004.13954}
}

@article{zhang2021linear,
	title        = {A linear frequency principle model to understand the absence of overfitting in neural networks},
	author       = {Zhang, Yaoyu and Luo, Tao and Ma, Zheng and Xu, Zhi-Qin John},
	year         = 2021,
	journal      = {Chinese Physics Letters},
	publisher    = {IOP Publishing},
	volume       = 38,
	number       = 3,
	pages        = 038701
}

