@article{huxley1949evidence,
  title =        {Evidence for saltatory conduction in peripheral myelinated
                  nerve fibres},
  author =       {Huxley, AF and St{\"a}mpfli, R},
  year =         1949,
  journal =      {The Journal of physiology},
  publisher =    {Wiley-Blackwell},
  volume =       108,
  number =       3,
  pages =        315
}

@article{salami2003change,
  title =        {Change of conduction velocity by regional myelination yields
                  constant latency irrespective of distance between thalamus and
                  cortex},
  author =       {Salami, Mahmoud and Itami, Chiaki and Tsumoto, Tadaharu and
                  Kimura, Fumitaka},
  year =         2003,
  journal =      {Proceedings of the National Academy of Sciences},
  publisher =    {National Acad Sciences},
  volume =       100,
  number =       10,
  pages =        {6174--6179}
}

@article{pajevic2014role,
  title =        {Role of myelin plasticity in oscillations and synchrony of
                  neuronal activity},
  author =       {Pajevic, Sinisa and Basser, Peter J and Fields, R Douglas},
  year =         2014,
  journal =      {Neuroscience},
  publisher =    {Elsevier},
  volume =       276,
  pages =        {135--147}
}

@article{kato2021myelin,
  title =        {Myelin plasticity modulates neural circuitry required for
                  learning and behavior},
  author =       {Kato, Daisuke and Wake, Hiroaki},
  year =         2021,
  journal =      {Neuroscience Research},
  publisher =    {Elsevier},
  volume =       167,
  pages =        {11--16}
}

@article{bechler2018intrinsic,
  title =        {Intrinsic and adaptive myelination—A sequential mechanism for
                  smart wiring in the brain},
  author =       {Bechler, Marie E and Swire, Matthew and ffrench-Constant,
                  Charles},
  year =         2018,
  journal =      {Developmental neurobiology},
  publisher =    {Wiley Online Library},
  volume =       78,
  number =       2,
  pages =        {68--79}
}

@article{scholz2009training,
  title =        {Training induces changes in white-matter architecture},
  author =       {Scholz, Jan and Klein, Miriam C and Behrens, Timothy EJ and
                  Johansen-Berg, Heidi},
  year =         2009,
  journal =      {Nature neuroscience},
  publisher =    {Nature Publishing Group US New York},
  volume =       12,
  number =       11,
  pages =        {1370--1371}
}

@article{fields2015new,
  title =        {A new mechanism of nervous system plasticity:
                  activity-dependent myelination},
  author =       {Fields, R Douglas},
  year =         2015,
  journal =      {Nature Reviews Neuroscience},
  publisher =    {Nature Publishing Group UK London},
  volume =       16,
  number =       12,
  pages =        {756--767}
}

@article{xiao2016rapid,
  title =        {Rapid production of new oligodendrocytes is required in the
                  earliest stages of motor-skill learning},
  author =       {Xiao, Lin and Ohayon, David and McKenzie, Ian A and
                  Sinclair-Wilson, Alexander and Wright, Jordan L and Fudge,
                  Alexander D and Emery, Ben and Li, Huiliang and Richardson,
                  William D},
  year =         2016,
  journal =      {Nature neuroscience},
  publisher =    {Nature Publishing Group US New York},
  volume =       19,
  number =       9,
  pages =        {1210--1217}
}

@article{akbik2012myelin,
  title =        {Myelin associated inhibitors: a link between injury-induced
                  and experience-dependent plasticity},
  author =       {Akbik, Feras and Cafferty, William BJ and Strittmatter,
                  Stephen M},
  year =         2012,
  journal =      {Experimental neurology},
  publisher =    {Elsevier},
  volume =       235,
  number =       1,
  pages =        {43--52}
}

@article{kovrazhkina2018inhibitors,
  title =        {Inhibitors of CNS regeneration, their physiological role and
                  participation in pathogenesis of diseases},
  author =       {Kovrazhkina, EA and Stakhovskaya, LV and Razinskaya, OD and
                  Serdyuk, AV},
  year =         2018,
  journal =      {Zhurnal Nevrologii i Psikhiatrii Imeni SS Korsakova},
  volume =       118,
  number =       5,
  pages =        {143--149}
}

@article{amtul2015neural,
  title =        {Neural plasticity and memory: molecular mechanism},
  author =       {Amtul, Zareen},
  year =         2015,
  journal =      {Reviews in the Neurosciences},
  publisher =    {De Gruyter},
  volume =       26,
  number =       3,
  pages =        {253--268}
}

@article{xin2020myelin,
  title =        {Myelin plasticity: sculpting circuits in learning and memory},
  author =       {Xin, Wendy and Chan, Jonah R},
  year =         2020,
  journal =      {Nature Reviews Neuroscience},
  publisher =    {Nature Publishing Group UK London},
  volume =       21,
  number =       12,
  pages =        {682--694}
}

@article{budel2008genetic,
  title =        {Genetic variants of Nogo-66 receptor with possible association
                  to schizophrenia block myelin inhibition of axon growth},
  author =       {Budel, St{\'e}phane and Padukkavidana, Thihan and Liu, Betty P
                  and Feng, Zeny and Hu, Fenghua and Johnson, Sam and Lauren,
                  Juha and Park, James H and McGee, Aaron W and Liao, Ji and
                  others},
  year =         2008,
  journal =      {Journal of Neuroscience},
  publisher =    {Soc Neuroscience},
  volume =       28,
  number =       49,
  pages =        {13161--13172}
}

@article{karlen2009nogo,
  title =        {Nogo receptor 1 regulates formation of lasting memories},
  author =       {Karl{\'e}n, Alexandra and Karlsson, Tobias E and Mattsson,
                  Anna and Lundstr{\"o}mer, Karin and Codeluppi, Simone and
                  Pham, Therese M and B{\"a}ckman, Cristina M and {\"O}gren,
                  Sven Ove and {\AA}berg, Elin and Hoffman, Alexander F and
                  others},
  year =         2009,
  journal =      {Proceedings of the National Academy of Sciences},
  publisher =    {National Acad Sciences},
  volume =       106,
  number =       48,
  pages =        {20476--20481}
}

@inproceedings{mullin2017,
  title =        {The role of oligodendroglia in the brain infromation process},
  author =       {Mullin Alexander},
  year =         2017,
  booktitle =    {Intellectutal systems congress «IS-IT’17»},
  pages =        {295--300},
  note =         {In Russian},
  adress =       {Taganrog},
  language =     {Russian}
}

@incollection{mccloskey1989catastrophic,
  title =        {Catastrophic interference in connectionist networks: The
                  sequential learning problem},
  author =       {McCloskey, Michael and Cohen, Neal J},
  year =         1989,
  booktitle =    {Psychology of learning and motivation},
  publisher =    {Elsevier},
  volume =       24,
  pages =        {109--165}
}

@article{shen2023astrocyte,
  title =        {Astrocyte-Enabled Advancements in Spiking Neural Networks for
                  Large Language Modeling},
  author =       {Shen, Guobin and Zhao, Dongcheng and Dong, Yiting and Li, Yang
                  and Li, Jindong and Zeng, Yi},
  year =         2023,
  journal =      {arXiv preprint arXiv:2312.07625}
}

@article{perea2016activity,
  title =        {Activity-dependent switch of GABAergic inhibition into
                  glutamatergic excitation in astrocyte-neuron networks},
  author =       {Perea, Gertrudis and G{\'o}mez, Ricardo and Mederos, Sara and
                  Covelo, Ana and Ballesteros, Jes{\'u}s J and Schlosser, Laura
                  and Hern{\'a}ndez-Vivanco, Alicia and
                  Mart{\'\i}n-Fern{\'a}ndez, Mario and Quintana, Ruth and Rayan,
                  Abdelrahman and others},
  year =         2016,
  journal =      {Elife},
  publisher =    {eLife Sciences Publications, Ltd},
  volume =       5,
  pages =        {e20362}
}

@article{czopka2013individual,
  title =        {Individual oligodendrocytes have only a few hours in which to
                  generate new myelin sheaths in vivo},
  author =       {Czopka, Tim and Lyons, David A and others},
  year =         2013,
  journal =      {Developmental cell},
  publisher =    {Elsevier},
  volume =       25,
  number =       6,
  pages =        {599--609}
}

@article{watkins2008distinct,
  title =        {Distinct stages of myelination regulated by $\gamma$-secretase
                  and astrocytes in a rapidly myelinating CNS coculture system},
  author =       {Watkins, Trent A and Emery, Ben and Mulinyawe, Sara and
                  Barres, Ben A},
  year =         2008,
  journal =      {Neuron},
  publisher =    {Elsevier},
  volume =       60,
  number =       4,
  pages =        {555--569}
}

@article{lecun1989handwritten,
  title =        {Handwritten digit recognition with a back-propagation network},
  author =       {LeCun, Yann and Boser, Bernhard and Denker, John and
                  Henderson, Donnie and Howard, Richard and Hubbard, Wayne and
                  Jackel, Lawrence},
  year =         1989,
  journal =      {Advances in neural information processing systems},
  volume =       2
}

@article{vaswani2017attention,
  title =        {Attention is all you need},
  author =       {Vaswani, Ashish and Shazeer, Noam and Parmar, Niki and
                  Uszkoreit, Jakob and Jones, Llion and Gomez, Aidan N and
                  Kaiser, {\L}ukasz and Polosukhin, Illia},
  year =         2017,
  journal =      {Advances in neural information processing systems},
  volume =       30
}

@article{nam2021view,
  title =        {View-tuned and view-invariant face encoding in IT cortex is
                  explained by selected natural image fragments},
  author =       {Nam, Yunjun and Sato, Takayuki and Uchida, Go and Malakhova,
                  Ekaterina and Ullman, Shimon and Tanifuji, Manabu},
  year =         2021,
  journal =      {Scientific reports},
  publisher =    {Nature Publishing Group UK London},
  volume =       11,
  number =       1,
  pages =        7827
}

@article{malakhova2018visualization,
  title =        {Visualization of information encoded by neurons in the
                  higher-level areas of the visual system},
  author =       {Malakhova, K},
  year =         2018,
  journal =      {Journal of Optical Technology},
  publisher =    {SI Vavilov Optical Institute},
  volume =       85,
  number =       8,
  pages =        {494--498}
}

@article{malakhova2020information,
  title =        {Information representation space in artificial and biological
                  neural networks},
  author =       {Malakhova, E Yu},
  year =         2020,
  journal =      {Journal of Optical Technology},
  publisher =    {SI Vavilov Optical Institute},
  volume =       87,
  number =       10,
  pages =        {598--603}
}

@article{malakhova2021representation,
  title =        {Representation of categories through prototypes formed based
                  on coordinated activity of units in convolutional neural
                  networks},
  author =       {Malakhova, E Yu},
  year =         2021,
  journal =      {Journal of Optical Technology},
  publisher =    {SI Vavilov Optical Institute},
  volume =       88,
  number =       12,
  pages =        {706--709}
}

@inproceedings{zeiler2014visualizing,
  title =        {Visualizing and understanding convolutional networks},
  author =       {Zeiler, Matthew D and Fergus, Rob},
  year =         2014,
  booktitle =    {Computer Vision--ECCV 2014: 13th European Conference, Zurich,
                  Switzerland, September 6-12, 2014, Proceedings, Part I 13},
  pages =        {818--833},
  organization = {Springer}
}

@article{russakovsky2015imagenet,
  title =        {Imagenet large scale visual recognition challenge},
  author =       {Russakovsky, Olga and Deng, Jia and Su, Hao and Krause,
                  Jonathan and Satheesh, Sanjeev and Ma, Sean and Huang, Zhiheng
                  and Karpathy, Andrej and Khosla, Aditya and Bernstein, Michael
                  and others},
  year =         2015,
  journal =      {International journal of computer vision},
  publisher =    {Springer},
  volume =       115,
  pages =        {211--252}
}

@incollection{fellbaum2010wordnet,
  title =        {WordNet},
  author =       {Fellbaum, Christiane},
  year =         2010,
  booktitle =    {Theory and applications of ontology: computer applications},
  publisher =    {Springer},
  pages =        {231--243}
}

@article{demerens1996induction,
  title =        {Induction of myelination in the central nervous system by
                  electrical activity.},
  author =       {Demerens, C and Stankoff, Bruno and Logak, M and Anglade, P
                  and Allinquant, B and Couraud, F and Zalc, B and Lubetzki,
                  Catherine},
  year =         1996,
  journal =      {Proceedings of the National Academy of Sciences},
  publisher =    {National Acad Sciences},
  volume =       93,
  number =       18,
  pages =        {9887--9892}
}

@article{wake2015nonsynaptic,
  title =        {Nonsynaptic junctions on myelinating glia promote preferential
                  myelination of electrically active axons},
  author =       {Wake, Hiroaki and Ortiz, Fernando C and Woo, Dong Ho and Lee,
                  Philip R and Angulo, Mar{\'\i}a Cecilia and Fields, R Douglas},
  year =         2015,
  journal =      {Nature communications},
  publisher =    {Nature Publishing Group UK London},
  volume =       6,
  number =       1,
  pages =        7844
}

@article{han2015deep,
  title =        {Deep compression: Compressing deep neural networks with
                  pruning, trained quantization and huffman coding},
  author =       {Han, Song and Mao, Huizi and Dally, William J},
  year =         2015,
  journal =      {arXiv preprint arXiv:1510.00149}
}

@inproceedings{ioffe2015batch,
  title =        {Batch normalization: Accelerating deep network training by
                  reducing internal covariate shift},
  author =       {Ioffe, Sergey and Szegedy, Christian},
  year =         2015,
  booktitle =    {International conference on machine learning},
  pages =        {448--456},
  organization = {pmlr}
}

@article{ba2016layer,
  title =        {Layer normalization},
  author =       {Ba, Jimmy Lei and Kiros, Jamie Ryan and Hinton, Geoffrey E},
  year =         2016,
  journal =      {arXiv preprint arXiv:1607.06450}
}

@article{cubuk2018autoaugment,
  title =        {Autoaugment: Learning augmentation policies from data},
  author =       {Cubuk, Ekin D and Zoph, Barret and Mane, Dandelion and
                  Vasudevan, Vijay and Le, Quoc V},
  year =         2018,
  journal =      {arXiv preprint arXiv:1805.09501}
}

@article{Dosovitskiy2020,
  title =        {An Image is Worth 16x16 Words: Transformers for Image
                  Recognition at Scale},
  author =       {Alexey Dosovitskiy, Lucas Beyer, Alexander Kolesnikov},
  year =         2020,
  journal =      {arXiv preprint arXiv:2010.11929}
}

@article{Malashin2016,
  title =        {Extraction of object hierarchy data from trained deep-learning
                  neural networks via analysis of the confusion matrix},
  author =       {Malashin, R},
  year =         2016,
  journal =      {J. Opt. Tech.},
  volume =       83,
  pages =        {599--603},
  issue =        10
}

@article{raghu2017svcca,
  title =        {Svcca: Singular vector canonical correlation analysis for deep
                  learning dynamics and interpretability},
  author =       {Raghu, Maithra and Gilmer, Justin and Yosinski, Jason and
                  Sohl-Dickstein, Jascha},
  year =         2017,
  journal =      {Advances in neural information processing systems},
  volume =       30
}

@inproceedings{wang2023egeria,
  title =        {Egeria: Efficient DNN Training with Knowledge-Guided Layer
                  Freezing},
  author =       {Wang, Yiding and Sun, Decang and Chen, Kai and Lai, Fan and
                  Chowdhury, Mosharaf},
  year =         2023,
  booktitle =    {Proceedings of the Eighteenth European Conference on Computer
                  Systems},
  pages =        {851--866}
}

@article{alain2016understanding,
  title =        {Understanding intermediate layers using linear classifier
                  probes},
  author =       {Alain, Guillaume and Bengio, Yoshua},
  year =         2016,
  journal =      {arXiv preprint arXiv:1610.01644}
}

@article{raghu2021vision,
  title =        {Do vision transformers see like convolutional neural
                  networks?},
  author =       {Raghu, Maithra and Unterthiner, Thomas and Kornblith, Simon
                  and Zhang, Chiyuan and Dosovitskiy, Alexey},
  year =         2021,
  journal =      {Advances in Neural Information Processing Systems},
  volume =       34,
  pages =        {12116--12128}
}

@inproceedings{redmon2017yolo9000,
  title =        {YOLO9000: better, faster, stronger},
  author =       {Redmon, Joseph and Farhadi, Ali},
  year =         2017,
  booktitle =    {Proceedings of the IEEE conference on computer vision and
                  pattern recognition},
  pages =        {7263--7271}
}

@inproceedings{brust2019integrating,
  title =        {Integrating domain knowledge: using hierarchies to improve
                  deep classifiers},
  author =       {Brust, Clemens-Alexander and Denzler, Joachim},
  year =         2019,
  booktitle =    {Asian conference on pattern recognition},
  pages =        {3--16},
  organization = {Springer}
}

@article{kingma2014adam,
  title =        {Adam: A method for stochastic optimization},
  author =       {Kingma, Diederik P and Ba, Jimmy},
  year =         2014,
  journal =      {arXiv preprint arXiv:1412.6980}
}

@inproceedings{chen2020generative,
  title =        {Generative pretraining from pixels},
  author =       {Chen, Mark and Radford, Alec and Child, Rewon and Wu, Jeffrey
                  and Jun, Heewoo and Luan, David and Sutskever, Ilya},
  year =         2020,
  booktitle =    {International conference on machine learning},
  pages =        {1691--1703},
  organization = {PMLR}
}

@article{xu2019frequency,
  title =        {Frequency principle: Fourier analysis sheds light on deep
                  neural networks},
  author =       {Xu, Zhi-Qin John and Zhang, Yaoyu and Luo, Tao and Xiao,
                  Yanyang and Ma, Zheng},
  year =         2019,
  journal =      {arXiv preprint arXiv:1901.06523}
}

@inproceedings{rahaman2019spectral,
  title =        {On the spectral bias of neural networks},
  author =       {Rahaman, Nasim and Baratin, Aristide and Arpit, Devansh and
                  Draxler, Felix and Lin, Min and Hamprecht, Fred and Bengio,
                  Yoshua and Courville, Aaron},
  year =         2019,
  booktitle =    {International conference on machine learning},
  pages =        {5301--5310},
  organization = {PMLR}
}

@inproceedings{ulyanov2018deep,
  title =        {Deep image prior},
  author =       {Ulyanov, Dmitry and Vedaldi, Andrea and Lempitsky, Victor},
  year =         2018,
  booktitle =    {Proceedings of the IEEE conference on computer vision and
                  pattern recognition},
  pages =        {9446--9454}
}

@article{xu2024overview,
  title =        {Overview frequency principle/spectral bias in deep learning},
  author =       {Xu, Zhi-Qin John and Zhang, Yaoyu and Luo, Tao},
  year =         2024,
  journal =      {Communications on Applied Mathematics and Computation},
  publisher =    {Springer},
  pages =        {1--38}
}

@inproceedings{arpit2017closer,
  title =        {A closer look at memorization in deep networks},
  author =       {Arpit, Devansh and Jastrz{\k{e}}bski, Stanis{\l}aw and Ballas,
                  Nicolas and Krueger, David and Bengio, Emmanuel and Kanwal,
                  Maxinder S and Maharaj, Tegan and Fischer, Asja and Courville,
                  Aaron and Bengio, Yoshua and others},
  year =         2017,
  booktitle =    {International conference on machine learning},
  pages =        {233--242},
  organization = {PMLR}
}

@article{hu2020surprising,
  title =        {The surprising simplicity of the early-time learning dynamics
                  of neural networks},
  author =       {Hu, Wei and Xiao, Lechao and Adlam, Ben and Pennington,
                  Jeffrey},
  year =         2020,
  journal =      {Advances in Neural Information Processing Systems},
  volume =       33,
  pages =        {17116--17128}
}

@inproceedings{mangalam2019deep,
  title =        {Do deep neural networks learn shallow learnable examples
                  first?},
  author =       {Mangalam, Karttikeya and Prabhu, Vinay Uday},
  year =         2019,
  booktitle =    {ICML 2019 Workshop on Identifying and Understanding Deep
                  Learning Phenomena}
}

@article{shah2020pitfalls,
  title =        {The pitfalls of simplicity bias in neural networks},
  author =       {Shah, Harshay and Tamuly, Kaustav and Raghunathan, Aditi and
                  Jain, Prateek and Netrapalli, Praneeth},
  year =         2020,
  journal =      {Advances in Neural Information Processing Systems},
  volume =       33,
  pages =        {9573--9585}
}

@article{shwartz2022tabular,
  title =        {Tabular data: Deep learning is not all you need},
  author =       {Shwartz-Ziv, Ravid and Armon, Amitai},
  year =         2022,
  journal =      {Information Fusion},
  publisher =    {Elsevier},
  volume =       81,
  pages =        {84--90}
}

@article{beyazit2024inductive,
  title =        {An inductive bias for tabular deep learning},
  author =       {Beyazit, Ege and Kozaczuk, Jonathan and Li, Bo and Wallace,
                  Vanessa and Fadlallah, Bilal},
  year =         2024,
  journal =      {Advances in Neural Information Processing Systems},
  volume =       36
}

@article{hui2022limitations,
  title =        {Limitations of neural collapse for understanding
                  generalization in deep learning},
  author =       {Hui, Like and Belkin, Mikhail and Nakkiran, Preetum},
  year =         2022,
  journal =      {arXiv preprint arXiv:2202.08384}
}

@article{dang2024neural,
  title =        {Neural Collapse for Cross-entropy Class-Imbalanced Learning
                  with Unconstrained ReLU Feature Model},
  author =       {Dang, Hien and Tran, Tho and Nguyen, Tan and Ho, Nhat},
  year =         2024,
  journal =      {arXiv preprint arXiv:2401.02058}
}

@article{yang2022inducing,
  title =        {Inducing neural collapse in imbalanced learning: Do we really
                  need a learnable classifier at the end of deep neural
                  network?},
  author =       {Yang, Yibo and Chen, Shixiang and Li, Xiangtai and Xie, Liang
                  and Lin, Zhouchen and Tao, Dacheng},
  year =         2022,
  journal =      {Advances in neural information processing systems},
  volume =       35,
  pages =        {37991--38002}
}

@inproceedings{Moghimi2016,
  title =        {Boosted Convolutional Neural Networks},
  author =       {Mohammad Moghimi, Serge Belongie, Mohammad Saberian, Jian
                  Yang, Nuno Vasconcelos and Li-Jia Li},
  year =         2016,
  month =        {September},
  booktitle =    {Proceedings of the British Machine Vision Conference (BMVC)},
  publisher =    {BMVA Press},
  pages =        {24.1--24.13},
  doi =          {10.5244/C.30.24},
  isbn =         {1-901725-59-6},
  url =          {https://dx.doi.org/10.5244/C.30.24},
  articleno =    24,
  numpages =     13,
  editor =       {Richard C. Wilson, Edwin R. Hancock and William A. P. Smith}
}

@inproceedings{MalashinICMLT_2021,
  title =        {Sparsely Ensembled Convolutional Neural Network Classifiers
                  via Reinforcement Learning},
  author =       {Roman Olegovich Malashin},
  year =         2021,
  booktitle =    {{ICMLT} 2021: 6th International Conference on Machine Learning
                  Technologies, Jeju Island, Republic of Korea, April 23 - 25,
                  2021},
  pages =        {102--110},
  doi =          {10.1145/3468891.3468906},
  url =          {https://doi.org/10.1145/3468891.3468906},
  crossref =     {DBLP:conf/icmlt/2021},
  timestamp =    {Wed, 22 Jun 2022 15:49:05 +0200},
  biburl =       {https://dblp.org/rec/conf/icmlt/Malashin21.bib},
  bibsource =    {dblp computer science bibliography, https://dblp.org}
}

@article{hastie2009multi,
  title =        {Multi-class adaboost},
  author =       {Hastie, Trevor and Rosset, Saharon and Zhu, Ji and Zou, Hui},
  year =         2009,
  journal =      {Statistics and its Interface},
  publisher =    {International Press of Boston},
  volume =       2,
  number =       3,
  pages =        {349--360}
}

@article{saberian2011multiclass,
  title =        {Multiclass boosting: Theory and algorithms},
  author =       {Saberian, Mohammad and Vasconcelos, Nuno},
  year =         2011,
  journal =      {Advances in neural information processing systems},
  volume =       24
}

@article{verma2019error,
  title =        {Error correcting output codes improve probability estimation
                  and adversarial robustness of deep neural networks},
  author =       {Verma, Gunjan and Swami, Ananthram},
  year =         2019,
  journal =      {Advances in Neural Information Processing Systems},
  volume =       32
}

@article{medepalli2023role,
  title =        {On the Role of Neural Collapse in Meta Learning Models for
                  Few-shot Learning},
  author =       {Medepalli, Saaketh and Doraiswamy, Naren},
  year =         2023,
  journal =      {arXiv preprint arXiv:2310.00451}
}

@article{yang2023neural,
  title =        {Neural collapse inspired feature-classifier alignment for
                  few-shot class incremental learning},
  author =       {Yang, Yibo and Yuan, Haobo and Li, Xiangtai and Lin, Zhouchen
                  and Torr, Philip and Tao, Dacheng},
  year =         2023,
  journal =      {arXiv preprint arXiv:2302.03004}
}

@article{papyan2020prevalence,
  title =        {Prevalence of neural collapse during the terminal phase of
                  deep learning training},
  author =       {Papyan, Vardan and Han, XY and Donoho, David L},
  year =         2020,
  journal =      {Proceedings of the National Academy of Sciences},
  publisher =    {National Acad Sciences},
  volume =       117,
  number =       40,
  pages =        {24652--24663}
}

@article{snell2017prototypical,
  title =        {Prototypical networks for few-shot learning},
  author =       {Snell, Jake and Swersky, Kevin and Zemel, Richard},
  year =         2017,
  journal =      {Advances in neural information processing systems},
  volume =       30
}

@inproceedings{qi2018low,
  title =        {Low-shot learning with imprinted weights},
  author =       {Qi, Hang and Brown, Matthew and Lowe, David G},
  year =         2018,
  booktitle =    {Proceedings of the IEEE conference on computer vision and
                  pattern recognition},
  pages =        {5822--5830}
}

@article{fang2021exploring,
  title =        {Exploring deep neural networks via layer-peeled model:
                  Minority collapse in imbalanced training},
  author =       {Fang, Cong and He, Hangfeng and Long, Qi and Su, Weijie J},
  year =         2021,
  journal =      {Proceedings of the National Academy of Sciences},
  publisher =    {National Acad Sciences},
  volume =       118,
  number =       43,
  pages =        {e2103091118}
}

@inproceedings{wang2024navigate,
  title =        {Navigate Beyond Shortcuts: Debiased Learning through the Lens
                  of Neural Collapse},
  author =       {Wang, Yining and Sun, Junjie and Wang, Chenyue and Zhang, Mi
                  and Yang, Min},
  year =         2024,
  booktitle =    {Proceedings of the IEEE/CVF Conference on Computer Vision and
                  Pattern Recognition},
  pages =        {12322--12331}
}

@article{yang2022inducing,
  title =        {Inducing neural collapse in imbalanced learning: Do we really
                  need a learnable classifier at the end of deep neural
                  network?},
  author =       {Yang, Yibo and Chen, Shixiang and Li, Xiangtai and Xie, Liang
                  and Lin, Zhouchen and Tao, Dacheng},
  year =         2022,
  journal =      {Advances in neural information processing systems},
  volume =       35,
  pages =        {37991--38002}
}

@inproceedings{Moghimi2016,
  title =        {Boosted Convolutional Neural Networks},
  author =       {Mohammad Moghimi, Serge Belongie, Mohammad Saberian, Jian
                  Yang, Nuno Vasconcelos and Li-Jia Li},
  year =         2016,
  month =        {September},
  booktitle =    {Proceedings of the British Machine Vision Conference (BMVC)},
  publisher =    {BMVA Press},
  pages =        {24.1--24.13},
  doi =          {10.5244/C.30.24},
  isbn =         {1-901725-59-6},
  url =          {https://dx.doi.org/10.5244/C.30.24},
  articleno =    24,
  numpages =     13,
  editor =       {Richard C. Wilson, Edwin R. Hancock and William A. P. Smith}
}

@inproceedings{MalashinICMLT_2021,
  title =        {Sparsely Ensembled Convolutional Neural Network Classifiers
                  via Reinforcement Learning},
  author =       {Roman Olegovich Malashin},
  year =         2021,
  booktitle =    {{ICMLT} 2021: 6th International Conference on Machine Learning
                  Technologies, Jeju Island, Republic of Korea, April 23 - 25,
                  2021},
  pages =        {102--110},
  doi =          {10.1145/3468891.3468906},
  url =          {https://doi.org/10.1145/3468891.3468906},
  crossref =     {DBLP:conf/icmlt/2021},
  timestamp =    {Wed, 22 Jun 2022 15:49:05 +0200},
  biburl =       {https://dblp.org/rec/conf/icmlt/Malashin21.bib},
  bibsource =    {dblp computer science bibliography, https://dblp.org}
}

@article{hastie2009multi,
  title =        {Multi-class adaboost},
  author =       {Hastie, Trevor and Rosset, Saharon and Zhu, Ji and Zou, Hui},
  year =         2009,
  journal =      {Statistics and its Interface},
  publisher =    {International Press of Boston},
  volume =       2,
  number =       3,
  pages =        {349--360}
}

@article{saberian2011multiclass,
  title =        {Multiclass boosting: Theory and algorithms},
  author =       {Saberian, Mohammad and Vasconcelos, Nuno},
  year =         2011,
  journal =      {Advances in neural information processing systems},
  volume =       24
}

@article{verma2019error,
  title =        {Error correcting output codes improve probability estimation
                  and adversarial robustness of deep neural networks},
  author =       {Verma, Gunjan and Swami, Ananthram},
  year =         2019,
  journal =      {Advances in Neural Information Processing Systems},
  volume =       32
}

@article{papyan2020traces,
  title =        {Traces of class/cross-class structure pervade deep learning
                  spectra},
  author =       {Papyan, Vardan},
  year =         2020,
  journal =      {Journal of Machine Learning Research},
  volume =       21,
  number =       252,
  pages =        {1--64}
}

@article{medepalli2023role,
  title =        {On the Role of Neural Collapse in Meta Learning Models for
                  Few-shot Learning},
  author =       {Medepalli, Saaketh and Doraiswamy, Naren},
  year =         2023,
  journal =      {arXiv preprint arXiv:2310.00451}
}

@article{vinyals2016matching,
  title =        {Matching networks for one shot learning},
  author =       {Vinyals, Oriol and Blundell, Charles and Lillicrap, Timothy
                  and Wierstra, Daan and others},
  year =         2016,
  journal =      {Advances in neural information processing systems},
  volume =       29
}

@article{zhang2020rethink,
  title =        {Rethink the connections among generalization, memorization and
                  the spectral bias of DNNs},
  author =       {Zhang, Xiao and Xiong, Haoyi and Wu, Dongrui},
  year =         2020,
  journal =      {arXiv preprint arXiv:2004.13954}
}

@inproceedings{xu2021deep,
  title =        {Deep frequency principle towards understanding why deeper
                  learning is faster},
  author =       {Xu, Zhiqin John and Zhou, Hanxu},
  year =         2021,
  booktitle =    {Proceedings of the AAAI conference on artificial intelligence},
  volume =       35,
  number =       12,
  pages =        {10541--10550}
}

@article{benjdiraa2023guided,
  title =        {Guided Frequency Loss for Image Restoration},
  author =       {Benjdiraa, Bilel and Alia, Anas M and Koubaa, Anis},
  year =         2023,
  journal =      {arXiv preprint arXiv:2309.15563}
}

@article{zhang2021linear,
  title =        {A linear frequency principle model to understand the absence
                  of overfitting in neural networks},
  author =       {Zhang, Yaoyu and Luo, Tao and Ma, Zheng and Xu, Zhi-Qin John},
  year =         2021,
  journal =      {Chinese Physics Letters},
  publisher =    {IOP Publishing},
  volume =       38,
  number =       3,
  pages =        038701
}

@inproceedings{wang2023neural,
  title =        {What do neural networks learn in image classification? a
                  frequency shortcut perspective},
  author =       {Wang, Shunxin and Veldhuis, Raymond and Brune, Christoph and
                  Strisciuglio, Nicola},
  year =         2023,
  booktitle =    {Proceedings of the IEEE/CVF International Conference on
                  Computer Vision},
  pages =        {1433--1442}
}

@inproceedings{wang2022frequency,
  title =        {Frequency shortcut learning in neural networks},
  author =       {Wang, Shunxin and Veldhuis, Raymond and Brune, Christoph and
                  Strisciuglio, Nicola},
  year =         2022,
  booktitle =    {NeurIPS 2022 Workshop on Distribution Shifts: Connecting
                  Methods and Applications}
}

@article{geirhos2020shortcut,
  title =        {Shortcut learning in deep neural networks},
  author =       {Geirhos, Robert and Jacobsen, J{\"o}rn-Henrik and Michaelis,
                  Claudio and Zemel, Richard and Brendel, Wieland and Bethge,
                  Matthias and Wichmann, Felix A},
  year =         2020,
  journal =      {Nature Machine Intelligence},
  publisher =    {Nature Publishing Group UK London},
  volume =       2,
  number =       11,
  pages =        {665--673}
}

@article{qiu2024complexity,
  title =        {Complexity Matters: Dynamics of Feature Learning in the
                  Presence of Spurious Correlations},
  author =       {Qiu, GuanWen and Kuang, Da and Goel, Surbhi},
  year =         2024,
  journal =      {arXiv preprint arXiv:2403.03375}
}

@article{pezeshki2022dynamics,
  title =        {Dynamics of learning and generalization in neural networks},
  author =       {Pezeshki, Mohammad},
  year =         2022
}

@article{hinton2015distilling,
  title =        {Distilling the knowledge in a neural network},
  author =       {Hinton, Geoffrey and Vinyals, Oriol and Dean, Jeff},
  year =         2015,
  journal =      {arXiv preprint arXiv:1503.02531}
}

@inproceedings{xiao2014error,
  title =        {Error-driven incremental learning in deep convolutional neural
                  network for large-scale image classification},
  author =       {Xiao, Tianjun and Zhang, Jiaxing and Yang, Kuiyuan and Peng,
                  Yuxin and Zhang, Zheng},
  booktitle =    {Proceedings of the 22nd ACM international conference on
                  Multimedia},
  pages =        {177--186},
  year =         2014
}

@inproceedings{he2016deep,
  title =        {Deep residual learning for image recognition},
  author =       {He, Kaiming and Zhang, Xiangyu and Ren, Shaoqing and Sun,
                  Jian},
  year =         2016,
  booktitle =    { Proceedings of the IEEE conference on computer vision and
                  pattern recognition },
  pages =        {770--778}
}

@inproceedings{howard2019searching,
  title =        {Searching for mobilenetv3},
  author =       { Howard, Andrew and Sandler, Mark and Chu, Grace and Chen,
                  Liang-Chieh and Chen, Bo and Tan, Mingxing and Wang, Weijun
                  and Zhu, Yukun and Pang, Ruoming and Vasudevan, Vijay and
                  others },
  year =         2019,
  booktitle =    {Proceedings of the IEEE/CVF international conference on
                  computer vision},
  pages =        {1314--1324}
}

@article{mcinnes2018umap,
  title =        {Umap: Uniform manifold approximation and projection for
                  dimension reduction},
  author =       {McInnes, Leland and Healy, John and Melville, James},
  journal =      {arXiv preprint arXiv:1802.03426},
  year =         2018
}

@article{jin2020quantifying,
  title =        {Quantifying the generalization error in deep learning in terms
                  of data distribution and neural network smoothness},
  author =       {Jin, Pengzhan and Lu, Lu and Tang, Yifa and Karniadakis,
                  George Em},
  journal =      {Neural Networks},
  volume =       130,
  pages =        {85--99},
  year =         2020,
  publisher =    {Elsevier}
}

@inproceedings{gemmeke2017audio,
  title =        {Audio set: An ontology and human-labeled dataset for audio
                  events},
  author =       {Gemmeke, Jort F and Ellis, Daniel PW and Freedman, Dylan and
                  Jansen, Aren and Lawrence, Wade and Moore, R Channing and
                  Plakal, Manoj and Ritter, Marvin},
  booktitle =    {2017 IEEE international conference on acoustics, speech and
                  signal processing (ICASSP)},
  pages =        {776--780},
  year =         2017,
  organization = {IEEE}
}

@article{huxley1949evidence,
	title        = {Evidence for saltatory conduction in peripheral myelinated nerve fibres},
	author       = {Huxley, AF and St{\"a}mpfli, R},
	year         = 1949,
	journal      = {The Journal of physiology},
	publisher    = {Wiley-Blackwell},
	volume       = 108,
	number       = 3,
	pages        = 315
}
@article{salami2003change,
	title        = {Change of conduction velocity by regional myelination yields constant latency irrespective of distance between thalamus and cortex},
	author       = {Salami, Mahmoud and Itami, Chiaki and Tsumoto, Tadaharu and Kimura, Fumitaka},
	year         = 2003,
	journal      = {Proceedings of the National Academy of Sciences},
	publisher    = {National Acad Sciences},
	volume       = 100,
	number       = 10,
	pages        = {6174--6179}
}
@article{pajevic2014role,
	title        = {Role of myelin plasticity in oscillations and synchrony of neuronal activity},
	author       = {Pajevic, Sinisa and Basser, Peter J and Fields, R Douglas},
	year         = 2014,
	journal      = {Neuroscience},
	publisher    = {Elsevier},
	volume       = 276,
	pages        = {135--147}
}
@article{kato2021myelin,
	title        = {Myelin plasticity modulates neural circuitry required for learning and behavior},
	author       = {Kato, Daisuke and Wake, Hiroaki},
	year         = 2021,
	journal      = {Neuroscience Research},
	publisher    = {Elsevier},
	volume       = 167,
	pages        = {11--16}
}
@article{bechler2018intrinsic,
	title        = {Intrinsic and adaptive myelination—A sequential mechanism for smart wiring in the brain},
	author       = {Bechler, Marie E and Swire, Matthew and ffrench-Constant, Charles},
	year         = 2018,
	journal      = {Developmental neurobiology},
	publisher    = {Wiley Online Library},
	volume       = 78,
	number       = 2,
	pages        = {68--79}
}
@article{scholz2009training,
	title        = {Training induces changes in white-matter architecture},
	author       = {Scholz, Jan and Klein, Miriam C and Behrens, Timothy EJ and Johansen-Berg, Heidi},
	year         = 2009,
	journal      = {Nature neuroscience},
	publisher    = {Nature Publishing Group US New York},
	volume       = 12,
	number       = 11,
	pages        = {1370--1371}
}
@article{fields2015new,
	title        = {A new mechanism of nervous system plasticity: activity-dependent myelination},
	author       = {Fields, R Douglas},
	year         = 2015,
	journal      = {Nature Reviews Neuroscience},
	publisher    = {Nature Publishing Group UK London},
	volume       = 16,
	number       = 12,
	pages        = {756--767}
}
@article{xiao2016rapid,
	title        = {Rapid production of new oligodendrocytes is required in the earliest stages of motor-skill learning},
	author       = {Xiao, Lin and Ohayon, David and McKenzie, Ian A and Sinclair-Wilson, Alexander and Wright, Jordan L and Fudge, Alexander D and Emery, Ben and Li, Huiliang and Richardson, William D},
	year         = 2016,
	journal      = {Nature neuroscience},
	publisher    = {Nature Publishing Group US New York},
	volume       = 19,
	number       = 9,
	pages        = {1210--1217}
}
@article{akbik2012myelin,
	title        = {Myelin associated inhibitors: a link between injury-induced and experience-dependent plasticity},
	author       = {Akbik, Feras and Cafferty, William BJ and Strittmatter, Stephen M},
	year         = 2012,
	journal      = {Experimental neurology},
	publisher    = {Elsevier},
	volume       = 235,
	number       = 1,
	pages        = {43--52}
}
@article{kovrazhkina2018inhibitors,
	title        = {Inhibitors of CNS regeneration, their physiological role and participation in pathogenesis of diseases},
	author       = {Kovrazhkina, EA and Stakhovskaya, LV and Razinskaya, OD and Serdyuk, AV},
	year         = 2018,
	journal      = {Zhurnal Nevrologii i Psikhiatrii Imeni SS Korsakova},
	volume       = 118,
	number       = 5,
	pages        = {143--149}
}
@article{amtul2015neural,
	title        = {Neural plasticity and memory: molecular mechanism},
	author       = {Amtul, Zareen},
	year         = 2015,
	journal      = {Reviews in the Neurosciences},
	publisher    = {De Gruyter},
	volume       = 26,
	number       = 3,
	pages        = {253--268}
}
@article{xin2020myelin,
	title        = {Myelin plasticity: sculpting circuits in learning and memory},
	author       = {Xin, Wendy and Chan, Jonah R},
	year         = 2020,
	journal      = {Nature Reviews Neuroscience},
	publisher    = {Nature Publishing Group UK London},
	volume       = 21,
	number       = 12,
	pages        = {682--694}
}
@article{budel2008genetic,
	title        = {Genetic variants of Nogo-66 receptor with possible association to schizophrenia block myelin inhibition of axon growth},
	author       = {Budel, St{\'e}phane and Padukkavidana, Thihan and Liu, Betty P and Feng, Zeny and Hu, Fenghua and Johnson, Sam and Lauren, Juha and Park, James H and McGee, Aaron W and Liao, Ji and others},
	year         = 2008,
	journal      = {Journal of Neuroscience},
	publisher    = {Soc Neuroscience},
	volume       = 28,
	number       = 49,
	pages        = {13161--13172}
}
@article{karlen2009nogo,
	title        = {Nogo receptor 1 regulates formation of lasting memories},
	author       = {Karl{\'e}n, Alexandra and Karlsson, Tobias E and Mattsson, Anna and Lundstr{\"o}mer, Karin and Codeluppi, Simone and Pham, Therese M and B{\"a}ckman, Cristina M and {\"O}gren, Sven Ove and {\AA}berg, Elin and Hoffman, Alexander F and others},
	year         = 2009,
	journal      = {Proceedings of the National Academy of Sciences},
	publisher    = {National Acad Sciences},
	volume       = 106,
	number       = 48,
	pages        = {20476--20481}
}
@inproceedings{mullin2017,
	title        = {The role of oligodendroglia in the brain infromation process},
	author       = {Mullin Alexander},
	year         = 2017,
	booktitle    = {Intellectutal systems congress «IS-IT’17»},
	pages        = {295--300},
	note         = {In Russian},
	adress       = {Taganrog},
	language     = {Russian}
}
@incollection{mccloskey1989catastrophic,
	title        = {Catastrophic interference in connectionist networks: The sequential learning problem},
	author       = {McCloskey, Michael and Cohen, Neal J},
	year         = 1989,
	booktitle    = {Psychology of learning and motivation},
	publisher    = {Elsevier},
	volume       = 24,
	pages        = {109--165}
}
@article{shen2023astrocyte,
	title        = {Astrocyte-Enabled Advancements in Spiking Neural Networks for Large Language Modeling},
	author       = {Shen, Guobin and Zhao, Dongcheng and Dong, Yiting and Li, Yang and Li, Jindong and Zeng, Yi},
	year         = 2023,
	journal      = {arXiv preprint arXiv:2312.07625}
}
@article{perea2016activity,
	title        = {Activity-dependent switch of GABAergic inhibition into glutamatergic excitation in astrocyte-neuron networks},
	author       = {Perea, Gertrudis and G{\'o}mez, Ricardo and Mederos, Sara and Covelo, Ana and Ballesteros, Jes{\'u}s J and Schlosser, Laura and Hern{\'a}ndez-Vivanco, Alicia and Mart{\'\i}n-Fern{\'a}ndez, Mario and Quintana, Ruth and Rayan, Abdelrahman and others},
	year         = 2016,
	journal      = {Elife},
	publisher    = {eLife Sciences Publications, Ltd},
	volume       = 5,
	pages        = {e20362}
}
@article{czopka2013individual,
	title        = {Individual oligodendrocytes have only a few hours in which to generate new myelin sheaths in vivo},
	author       = {Czopka, Tim and Lyons, David A and others},
	year         = 2013,
	journal      = {Developmental cell},
	publisher    = {Elsevier},
	volume       = 25,
	number       = 6,
	pages        = {599--609}
}
@article{watkins2008distinct,
	title        = {Distinct stages of myelination regulated by $\gamma$-secretase and astrocytes in a rapidly myelinating CNS coculture system},
	author       = {Watkins, Trent A and Emery, Ben and Mulinyawe, Sara and Barres, Ben A},
	year         = 2008,
	journal      = {Neuron},
	publisher    = {Elsevier},
	volume       = 60,
	number       = 4,
	pages        = {555--569}
}
@article{lecun1989handwritten,
	title        = {Handwritten digit recognition with a back-propagation network},
	author       = {LeCun, Yann and Boser, Bernhard and Denker, John and Henderson, Donnie and Howard, Richard and Hubbard, Wayne and Jackel, Lawrence},
	year         = 1989,
	journal      = {Advances in neural information processing systems},
	volume       = 2
}
@article{vaswani2017attention,
	title        = {Attention is all you need},
	author       = {Vaswani, Ashish and Shazeer, Noam and Parmar, Niki and Uszkoreit, Jakob and Jones, Llion and Gomez, Aidan N and Kaiser, {\L}ukasz and Polosukhin, Illia},
	year         = 2017,
	journal      = {Advances in neural information processing systems},
	volume       = 30
}
@article{nam2021view,
	title        = {View-tuned and view-invariant face encoding in IT cortex is explained by selected natural image fragments},
	author       = {Nam, Yunjun and Sato, Takayuki and Uchida, Go and Malakhova, Ekaterina and Ullman, Shimon and Tanifuji, Manabu},
	year         = 2021,
	journal      = {Scientific reports},
	publisher    = {Nature Publishing Group UK London},
	volume       = 11,
	number       = 1,
	pages        = 7827
}
@article{malakhova2018visualization,
	title        = {Visualization of information encoded by neurons in the higher-level areas of the visual system},
	author       = {Malakhova, K},
	year         = 2018,
	journal      = {Journal of Optical Technology},
	publisher    = {SI Vavilov Optical Institute},
	volume       = 85,
	number       = 8,
	pages        = {494--498}
}
@article{malakhova2020information,
	title        = {Information representation space in artificial and biological neural networks},
	author       = {Malakhova, E Yu},
	year         = 2020,
	journal      = {Journal of Optical Technology},
	publisher    = {SI Vavilov Optical Institute},
	volume       = 87,
	number       = 10,
	pages        = {598--603}
}
@article{malakhova2021representation,
	title        = {Representation of categories through prototypes formed based on coordinated activity of units in convolutional neural networks},
	author       = {Malakhova, E Yu},
	year         = 2021,
	journal      = {Journal of Optical Technology},
	publisher    = {SI Vavilov Optical Institute},
	volume       = 88,
	number       = 12,
	pages        = {706--709}
}
@inproceedings{zeiler2014visualizing,
	title        = {Visualizing and understanding convolutional networks},
	author       = {Zeiler, Matthew D and Fergus, Rob},
	year         = 2014,
	booktitle    = {Computer Vision--ECCV 2014: 13th European Conference, Zurich, Switzerland, September 6-12, 2014, Proceedings, Part I 13},
	pages        = {818--833},
	organization = {Springer}
}
@article{russakovsky2015imagenet,
	title        = {Imagenet large scale visual recognition challenge},
	author       = {Russakovsky, Olga and Deng, Jia and Su, Hao and Krause, Jonathan and Satheesh, Sanjeev and Ma, Sean and Huang, Zhiheng and Karpathy, Andrej and Khosla, Aditya and Bernstein, Michael and others},
	year         = 2015,
	journal      = {International journal of computer vision},
	publisher    = {Springer},
	volume       = 115,
	pages        = {211--252}
}
@incollection{fellbaum2010wordnet,
	title        = {WordNet},
	author       = {Fellbaum, Christiane},
	year         = 2010,
	booktitle    = {Theory and applications of ontology: computer applications},
	publisher    = {Springer},
	pages        = {231--243}
}
@article{demerens1996induction,
	title        = {Induction of myelination in the central nervous system by electrical activity.},
	author       = {Demerens, C and Stankoff, Bruno and Logak, M and Anglade, P and Allinquant, B and Couraud, F and Zalc, B and Lubetzki, Catherine},
	year         = 1996,
	journal      = {Proceedings of the National Academy of Sciences},
	publisher    = {National Acad Sciences},
	volume       = 93,
	number       = 18,
	pages        = {9887--9892}
}
@article{wake2015nonsynaptic,
	title        = {Nonsynaptic junctions on myelinating glia promote preferential myelination of electrically active axons},
	author       = {Wake, Hiroaki and Ortiz, Fernando C and Woo, Dong Ho and Lee, Philip R and Angulo, Mar{\'\i}a Cecilia and Fields, R Douglas},
	year         = 2015,
	journal      = {Nature communications},
	publisher    = {Nature Publishing Group UK London},
	volume       = 6,
	number       = 1,
	pages        = 7844
}
@article{han2015deep,
	title        = {Deep compression: Compressing deep neural networks with pruning, trained quantization and huffman coding},
	author       = {Han, Song and Mao, Huizi and Dally, William J},
	year         = 2015,
	journal      = {arXiv preprint arXiv:1510.00149}
}
@inproceedings{ioffe2015batch,
	title        = {Batch normalization: Accelerating deep network training by reducing internal covariate shift},
	author       = {Ioffe, Sergey and Szegedy, Christian},
	year         = 2015,
	booktitle    = {International conference on machine learning},
	pages        = {448--456},
	organization = {pmlr}
}
@article{ba2016layer,
	title        = {Layer normalization},
	author       = {Ba, Jimmy Lei and Kiros, Jamie Ryan and Hinton, Geoffrey E},
	year         = 2016,
	journal      = {arXiv preprint arXiv:1607.06450}
}
@article{cubuk2018autoaugment,
	title        = {Autoaugment: Learning augmentation policies from data},
	author       = {Cubuk, Ekin D and Zoph, Barret and Mane, Dandelion and Vasudevan, Vijay and Le, Quoc V},
	year         = 2018,
	journal      = {arXiv preprint arXiv:1805.09501}
}
@article{Dosovitskiy2020,
	title        = {An Image is Worth 16x16 Words: Transformers for Image Recognition at Scale},
	author       = {Alexey Dosovitskiy, Lucas Beyer, Alexander Kolesnikov},
	year         = 2020,
	journal      = {arXiv preprint arXiv:2010.11929}
}
@article{Malashin2016,
	title        = {Extraction of object hierarchy data from trained deep-learning neural networks via analysis of the confusion matrix},
	author       = {Malashin, R},
	year         = 2016,
	journal      = {J. Opt. Tech.},
	volume       = 83,
	pages        = {599--603},
	issue        = 10
}
@article{raghu2017svcca,
	title        = {Svcca: Singular vector canonical correlation analysis for deep learning dynamics and interpretability},
	author       = {Raghu, Maithra and Gilmer, Justin and Yosinski, Jason and Sohl-Dickstein, Jascha},
	year         = 2017,
	journal      = {Advances in neural information processing systems},
	volume       = 30
}
@inproceedings{wang2023egeria,
	title        = {Egeria: Efficient DNN Training with Knowledge-Guided Layer Freezing},
	author       = {Wang, Yiding and Sun, Decang and Chen, Kai and Lai, Fan and Chowdhury, Mosharaf},
	year         = 2023,
	booktitle    = {Proceedings of the Eighteenth European Conference on Computer Systems},
	pages        = {851--866}
}
@article{alain2016understanding,
	title        = {Understanding intermediate layers using linear classifier probes},
	author       = {Alain, Guillaume and Bengio, Yoshua},
	year         = 2016,
	journal      = {arXiv preprint arXiv:1610.01644}
}
@article{raghu2021vision,
	title        = {Do vision transformers see like convolutional neural networks?},
	author       = {Raghu, Maithra and Unterthiner, Thomas and Kornblith, Simon and Zhang, Chiyuan and Dosovitskiy, Alexey},
	year         = 2021,
	journal      = {Advances in Neural Information Processing Systems},
	volume       = 34,
	pages        = {12116--12128}
}
@inproceedings{redmon2017yolo9000,
	title        = {YOLO9000: better, faster, stronger},
	author       = {Redmon, Joseph and Farhadi, Ali},
	year         = 2017,
	booktitle    = {Proceedings of the IEEE conference on computer vision and pattern recognition},
	pages        = {7263--7271}
}
@inproceedings{brust2019integrating,
	title        = {Integrating domain knowledge: using hierarchies to improve deep classifiers},
	author       = {Brust, Clemens-Alexander and Denzler, Joachim},
	year         = 2019,
	booktitle    = {Asian conference on pattern recognition},
	pages        = {3--16},
	organization = {Springer}
}
@article{kingma2014adam,
	title        = {Adam: A method for stochastic optimization},
	author       = {Kingma, Diederik P and Ba, Jimmy},
	year         = 2014,
	journal      = {arXiv preprint arXiv:1412.6980}
}
@inproceedings{chen2020generative,
	title        = {Generative pretraining from pixels},
	author       = {Chen, Mark and Radford, Alec and Child, Rewon and Wu, Jeffrey and Jun, Heewoo and Luan, David and Sutskever, Ilya},
	year         = 2020,
	booktitle    = {International conference on machine learning},
	pages        = {1691--1703},
	organization = {PMLR}
}
@article{xu2019frequency,
	title        = {Frequency principle: Fourier analysis sheds light on deep neural networks},
	author       = {Xu, Zhi-Qin John and Zhang, Yaoyu and Luo, Tao and Xiao, Yanyang and Ma, Zheng},
	year         = 2019,
	journal      = {arXiv preprint arXiv:1901.06523}
}
@inproceedings{rahaman2019spectral,
	title        = {On the spectral bias of neural networks},
	author       = {Rahaman, Nasim and Baratin, Aristide and Arpit, Devansh and Draxler, Felix and Lin, Min and Hamprecht, Fred and Bengio, Yoshua and Courville, Aaron},
	year         = 2019,
	booktitle    = {International conference on machine learning},
	pages        = {5301--5310},
	organization = {PMLR}
}
@inproceedings{ulyanov2018deep,
	title        = {Deep image prior},
	author       = {Ulyanov, Dmitry and Vedaldi, Andrea and Lempitsky, Victor},
	year         = 2018,
	booktitle    = {Proceedings of the IEEE conference on computer vision and pattern recognition},
	pages        = {9446--9454}
}
@article{xu2024overview,
	title        = {Overview frequency principle/spectral bias in deep learning},
	author       = {Xu, Zhi-Qin John and Zhang, Yaoyu and Luo, Tao},
	year         = 2024,
	journal      = {Communications on Applied Mathematics and Computation},
	publisher    = {Springer},
	pages        = {1--38}
}
@inproceedings{arpit2017closer,
	title        = {A closer look at memorization in deep networks},
	author       = {Arpit, Devansh and Jastrz{\k{e}}bski, Stanis{\l}aw and Ballas, Nicolas and Krueger, David and Bengio, Emmanuel and Kanwal, Maxinder S and Maharaj, Tegan and Fischer, Asja and Courville, Aaron and Bengio, Yoshua and others},
	year         = 2017,
	booktitle    = {International conference on machine learning},
	pages        = {233--242},
	organization = {PMLR}
}
@article{hu2020surprising,
	title        = {The surprising simplicity of the early-time learning dynamics of neural networks},
	author       = {Hu, Wei and Xiao, Lechao and Adlam, Ben and Pennington, Jeffrey},
	year         = 2020,
	journal      = {Advances in Neural Information Processing Systems},
	volume       = 33,
	pages        = {17116--17128}
}
@inproceedings{mangalam2019deep,
	title        = {Do deep neural networks learn shallow learnable examples first?},
	author       = {Mangalam, Karttikeya and Prabhu, Vinay Uday},
	year         = 2019,
	booktitle    = {ICML 2019 Workshop on Identifying and Understanding Deep Learning Phenomena}
}
@article{shah2020pitfalls,
	title        = {The pitfalls of simplicity bias in neural networks},
	author       = {Shah, Harshay and Tamuly, Kaustav and Raghunathan, Aditi and Jain, Prateek and Netrapalli, Praneeth},
	year         = 2020,
	journal      = {Advances in Neural Information Processing Systems},
	volume       = 33,
	pages        = {9573--9585}
}
@article{shwartz2022tabular,
	title        = {Tabular data: Deep learning is not all you need},
	author       = {Shwartz-Ziv, Ravid and Armon, Amitai},
	year         = 2022,
	journal      = {Information Fusion},
	publisher    = {Elsevier},
	volume       = 81,
	pages        = {84--90}
}
@article{beyazit2024inductive,
	title        = {An inductive bias for tabular deep learning},
	author       = {Beyazit, Ege and Kozaczuk, Jonathan and Li, Bo and Wallace, Vanessa and Fadlallah, Bilal},
	year         = 2024,
	journal      = {Advances in Neural Information Processing Systems},
	volume       = 36
}
@article{hui2022limitations,
	title        = {Limitations of neural collapse for understanding generalization in deep learning},
	author       = {Hui, Like and Belkin, Mikhail and Nakkiran, Preetum},
	year         = 2022,
	journal      = {arXiv preprint arXiv:2202.08384}
}
@article{dang2024neural,
	title        = {Neural Collapse for Cross-entropy Class-Imbalanced Learning with Unconstrained ReLU Feature Model},
	author       = {Dang, Hien and Tran, Tho and Nguyen, Tan and Ho, Nhat},
	year         = 2024,
	journal      = {arXiv preprint arXiv:2401.02058}
}
@article{yang2022inducing,
	title        = {Inducing neural collapse in imbalanced learning: Do we really need a learnable classifier at the end of deep neural network?},
	author       = {Yang, Yibo and Chen, Shixiang and Li, Xiangtai and Xie, Liang and Lin, Zhouchen and Tao, Dacheng},
	year         = 2022,
	journal      = {Advances in neural information processing systems},
	volume       = 35,
	pages        = {37991--38002}
}
@inproceedings{Moghimi2016,
	title        = {Boosted Convolutional Neural Networks},
	author       = {Mohammad Moghimi, Serge Belongie, Mohammad Saberian, Jian Yang, Nuno Vasconcelos and Li-Jia Li},
	year         = 2016,
	month        = {September},
	booktitle    = {Proceedings of the British Machine Vision Conference (BMVC)},
	publisher    = {BMVA Press},
	pages        = {24.1--24.13},
	doi          = {10.5244/C.30.24},
	isbn         = {1-901725-59-6},
	url          = {https://dx.doi.org/10.5244/C.30.24},
	articleno    = 24,
	numpages     = 13,
	editor       = {Richard C. Wilson, Edwin R. Hancock and William A. P. Smith}
}
@inproceedings{MalashinICMLT_2021,
	title        = {Sparsely Ensembled Convolutional Neural Network Classifiers via Reinforcement Learning},
	author       = {Roman Olegovich Malashin},
	year         = 2021,
	booktitle    = {{ICMLT} 2021: 6th International Conference on Machine Learning Technologies, Jeju Island, Republic of Korea, April 23 - 25, 2021},
	pages        = {102--110},
	doi          = {10.1145/3468891.3468906},
	url          = {https://doi.org/10.1145/3468891.3468906},
	crossref     = {DBLP:conf/icmlt/2021},
	timestamp    = {Wed, 22 Jun 2022 15:49:05 +0200},
	biburl       = {https://dblp.org/rec/conf/icmlt/Malashin21.bib},
	bibsource    = {dblp computer science bibliography, https://dblp.org}
}
@article{hastie2009multi,
	title        = {Multi-class adaboost},
	author       = {Hastie, Trevor and Rosset, Saharon and Zhu, Ji and Zou, Hui},
	year         = 2009,
	journal      = {Statistics and its Interface},
	publisher    = {International Press of Boston},
	volume       = 2,
	number       = 3,
	pages        = {349--360}
}
@article{saberian2011multiclass,
	title        = {Multiclass boosting: Theory and algorithms},
	author       = {Saberian, Mohammad and Vasconcelos, Nuno},
	year         = 2011,
	journal      = {Advances in neural information processing systems},
	volume       = 24
}
@article{verma2019error,
	title        = {Error correcting output codes improve probability estimation and adversarial robustness of deep neural networks},
	author       = {Verma, Gunjan and Swami, Ananthram},
	year         = 2019,
	journal      = {Advances in Neural Information Processing Systems},
	volume       = 32
}
@article{medepalli2023role,
	title        = {On the Role of Neural Collapse in Meta Learning Models for Few-shot Learning},
	author       = {Medepalli, Saaketh and Doraiswamy, Naren},
	year         = 2023,
	journal      = {arXiv preprint arXiv:2310.00451}
}
@article{yang2023neural,
	title        = {Neural collapse inspired feature-classifier alignment for few-shot class incremental learning},
	author       = {Yang, Yibo and Yuan, Haobo and Li, Xiangtai and Lin, Zhouchen and Torr, Philip and Tao, Dacheng},
	year         = 2023,
	journal      = {arXiv preprint arXiv:2302.03004}
}
@article{papyan2020prevalence,
	title        = {Prevalence of neural collapse during the terminal phase of deep learning training},
	author       = {Papyan, Vardan and Han, XY and Donoho, David L},
	year         = 2020,
	journal      = {Proceedings of the National Academy of Sciences},
	publisher    = {National Acad Sciences},
	volume       = 117,
	number       = 40,
	pages        = {24652--24663}
}
@article{snell2017prototypical,
	title        = {Prototypical networks for few-shot learning},
	author       = {Snell, Jake and Swersky, Kevin and Zemel, Richard},
	year         = 2017,
	journal      = {Advances in neural information processing systems},
	volume       = 30
}
@inproceedings{qi2018low,
	title        = {Low-shot learning with imprinted weights},
	author       = {Qi, Hang and Brown, Matthew and Lowe, David G},
	year         = 2018,
	booktitle    = {Proceedings of the IEEE conference on computer vision and pattern recognition},
	pages        = {5822--5830}
}
@article{fang2021exploring,
	title        = {Exploring deep neural networks via layer-peeled model: Minority collapse in imbalanced training},
	author       = {Fang, Cong and He, Hangfeng and Long, Qi and Su, Weijie J},
	year         = 2021,
	journal      = {Proceedings of the National Academy of Sciences},
	publisher    = {National Acad Sciences},
	volume       = 118,
	number       = 43,
	pages        = {e2103091118}
}
@inproceedings{wang2024navigate,
	title        = {Navigate Beyond Shortcuts: Debiased Learning through the Lens of Neural Collapse},
	author       = {Wang, Yining and Sun, Junjie and Wang, Chenyue and Zhang, Mi and Yang, Min},
	year         = 2024,
	booktitle    = {Proceedings of the IEEE/CVF Conference on Computer Vision and Pattern Recognition},
	pages        = {12322--12331}
}
@article{yang2022inducing,
	title        = {Inducing neural collapse in imbalanced learning: Do we really need a learnable classifier at the end of deep neural network?},
	author       = {Yang, Yibo and Chen, Shixiang and Li, Xiangtai and Xie, Liang and Lin, Zhouchen and Tao, Dacheng},
	year         = 2022,
	journal      = {Advances in neural information processing systems},
	volume       = 35,
	pages        = {37991--38002}
}
@inproceedings{Moghimi2016,
	title        = {Boosted Convolutional Neural Networks},
	author       = {Mohammad Moghimi, Serge Belongie, Mohammad Saberian, Jian Yang, Nuno Vasconcelos and Li-Jia Li},
	year         = 2016,
	month        = {September},
	booktitle    = {Proceedings of the British Machine Vision Conference (BMVC)},
	publisher    = {BMVA Press},
	pages        = {24.1--24.13},
	doi          = {10.5244/C.30.24},
	isbn         = {1-901725-59-6},
	url          = {https://dx.doi.org/10.5244/C.30.24},
	articleno    = 24,
	numpages     = 13,
	editor       = {Richard C. Wilson, Edwin R. Hancock and William A. P. Smith}
}
@inproceedings{MalashinICMLT_2021,
	title        = {Sparsely Ensembled Convolutional Neural Network Classifiers via Reinforcement Learning},
	author       = {Roman Olegovich Malashin},
	year         = 2021,
	booktitle    = {{ICMLT} 2021: 6th International Conference on Machine Learning Technologies, Jeju Island, Republic of Korea, April 23 - 25, 2021},
	pages        = {102--110},
	doi          = {10.1145/3468891.3468906},
	url          = {https://doi.org/10.1145/3468891.3468906},
	crossref     = {DBLP:conf/icmlt/2021},
	timestamp    = {Wed, 22 Jun 2022 15:49:05 +0200},
	biburl       = {https://dblp.org/rec/conf/icmlt/Malashin21.bib},
	bibsource    = {dblp computer science bibliography, https://dblp.org}
}
@article{hastie2009multi,
	title        = {Multi-class adaboost},
	author       = {Hastie, Trevor and Rosset, Saharon and Zhu, Ji and Zou, Hui},
	year         = 2009,
	journal      = {Statistics and its Interface},
	publisher    = {International Press of Boston},
	volume       = 2,
	number       = 3,
	pages        = {349--360}
}
@article{saberian2011multiclass,
	title        = {Multiclass boosting: Theory and algorithms},
	author       = {Saberian, Mohammad and Vasconcelos, Nuno},
	year         = 2011,
	journal      = {Advances in neural information processing systems},
	volume       = 24
}
@article{verma2019error,
	title        = {Error correcting output codes improve probability estimation and adversarial robustness of deep neural networks},
	author       = {Verma, Gunjan and Swami, Ananthram},
	year         = 2019,
	journal      = {Advances in Neural Information Processing Systems},
	volume       = 32
}
@article{papyan2020traces,
	title        = {Traces of class/cross-class structure pervade deep learning spectra},
	author       = {Papyan, Vardan},
	year         = 2020,
	journal      = {Journal of Machine Learning Research},
	volume       = 21,
	number       = 252,
	pages        = {1--64}
}
@article{medepalli2023role,
	title        = {On the Role of Neural Collapse in Meta Learning Models for Few-shot Learning},
	author       = {Medepalli, Saaketh and Doraiswamy, Naren},
	year         = 2023,
	journal      = {arXiv preprint arXiv:2310.00451}
}
@article{vinyals2016matching,
	title        = {Matching networks for one shot learning},
	author       = {Vinyals, Oriol and Blundell, Charles and Lillicrap, Timothy and Wierstra, Daan and others},
	year         = 2016,
	journal      = {Advances in neural information processing systems},
	volume       = 29
}
@article{zhang2020rethink,
	title        = {Rethink the connections among generalization, memorization and the spectral bias of DNNs},
	author       = {Zhang, Xiao and Xiong, Haoyi and Wu, Dongrui},
	year         = 2020,
	journal      = {arXiv preprint arXiv:2004.13954}
}
@inproceedings{xu2021deep,
	title        = {Deep frequency principle towards understanding why deeper learning is faster},
	author       = {Xu, Zhiqin John and Zhou, Hanxu},
	year         = 2021,
	booktitle    = {Proceedings of the AAAI conference on artificial intelligence},
	volume       = 35,
	number       = 12,
	pages        = {10541--10550}
}
@article{benjdiraa2023guided,
	title        = {Guided Frequency Loss for Image Restoration},
	author       = {Benjdiraa, Bilel and Alia, Anas M and Koubaa, Anis},
	year         = 2023,
	journal      = {arXiv preprint arXiv:2309.15563}
}
@article{zhang2021linear,
	title        = {A linear frequency principle model to understand the absence of overfitting in neural networks},
	author       = {Zhang, Yaoyu and Luo, Tao and Ma, Zheng and Xu, Zhi-Qin John},
	year         = 2021,
	journal      = {Chinese Physics Letters},
	publisher    = {IOP Publishing},
	volume       = 38,
	number       = 3,
	pages        = 038701
}
@inproceedings{wang2023neural,
	title        = {What do neural networks learn in image classification? a frequency shortcut perspective},
	author       = {Wang, Shunxin and Veldhuis, Raymond and Brune, Christoph and Strisciuglio, Nicola},
	year         = 2023,
	booktitle    = {Proceedings of the IEEE/CVF International Conference on Computer Vision},
	pages        = {1433--1442}
}
@inproceedings{wang2022frequency,
	title        = {Frequency shortcut learning in neural networks},
	author       = {Wang, Shunxin and Veldhuis, Raymond and Brune, Christoph and Strisciuglio, Nicola},
	year         = 2022,
	booktitle    = {NeurIPS 2022 Workshop on Distribution Shifts: Connecting Methods and Applications}
}
@article{geirhos2020shortcut,
	title        = {Shortcut learning in deep neural networks},
	author       = {Geirhos, Robert and Jacobsen, J{\"o}rn-Henrik and Michaelis, Claudio and Zemel, Richard and Brendel, Wieland and Bethge, Matthias and Wichmann, Felix A},
	year         = 2020,
	journal      = {Nature Machine Intelligence},
	publisher    = {Nature Publishing Group UK London},
	volume       = 2,
	number       = 11,
	pages        = {665--673}
}
@article{qiu2024complexity,
	title        = {Complexity Matters: Dynamics of Feature Learning in the Presence of Spurious Correlations},
	author       = {Qiu, GuanWen and Kuang, Da and Goel, Surbhi},
	year         = 2024,
	journal      = {arXiv preprint arXiv:2403.03375}
}
@article{pezeshki2022dynamics,
	title        = {Dynamics of learning and generalization in neural networks},
	author       = {Pezeshki, Mohammad},
	year         = 2022
}

@article{hinton2015distilling,
  title =        {Distilling the knowledge in a neural network},
  author =       {Hinton, Geoffrey and Vinyals, Oriol and Dean, Jeff},
  year =         2015,
  journal =      {arXiv preprint arXiv:1503.02531}
}
@inproceedings{xiao2014error,
  title={Error-driven incremental learning in deep convolutional neural network for large-scale image classification},
  author={Xiao, Tianjun and Zhang, Jiaxing and Yang, Kuiyuan and Peng, Yuxin and Zhang, Zheng},
  booktitle={Proceedings of the 22nd ACM international conference on Multimedia},
  pages={177--186},
  year={2014}
}

@inproceedings{he2016deep,
  title =        {Deep residual learning for image recognition},
  author =       {He, Kaiming and Zhang, Xiangyu and Ren, Shaoqing and Sun,
                  Jian},
  year =         2016,
  booktitle =    { Proceedings of the IEEE conference on computer vision and
                  pattern recognition },
  pages =        {770--778}
}

@inproceedings{howard2019searching,
  title =        {Searching for mobilenetv3},
  author =       { Howard, Andrew and Sandler, Mark and Chu, Grace and Chen,
                  Liang-Chieh and Chen, Bo and Tan, Mingxing and Wang, Weijun
                  and Zhu, Yukun and Pang, Ruoming and Vasudevan, Vijay and
                  others },
  year =         2019,
  booktitle =    {Proceedings of the IEEE/CVF international conference on
                  computer vision},
  pages =        {1314--1324}
}

@article{mcinnes2018umap,
  title={Umap: Uniform manifold approximation and projection for dimension reduction},
  author={McInnes, Leland and Healy, John and Melville, James},
  journal={arXiv preprint arXiv:1802.03426},
  year={2018}
}

@article{jin2020quantifying,
  title={Quantifying the generalization error in deep learning in terms of data distribution and neural network smoothness},
  author={Jin, Pengzhan and Lu, Lu and Tang, Yifa and Karniadakis, George Em},
  journal={Neural Networks},
  volume={130},
  pages={85--99},
  year={2020},
  publisher={Elsevier}
}

@article{krizhevsky2009learning,
  title={Learning multiple layers of features from tiny images},
  author={Krizhevsky, Alex and Hinton, Geoffrey and others},
  year={2009},
  publisher={Toronto, ON, Canada}
}

@article{lehmann2015dbpedia,
  title={Dbpedia--a large-scale, multilingual knowledge base extracted from wikipedia},
  author={Lehmann, Jens and Isele, Robert and Jakob, Max and Jentzsch, Anja and Kontokostas, Dimitris and Mendes, Pablo N and Hellmann, Sebastian and Morsey, Mohamed and Van Kleef, Patrick and Auer, S{\"o}ren and others},
  journal={Semantic web},
  volume={6},
  number={2},
  pages={167--195},
  year={2015},
  publisher={IOS Press}
}