
@article{deng2023verilog,
	title={A Verilog code verification method based on C program analysis and verification techniques},
	author={Xi Deng, Guangsheng Fan, Liqian Chen, Tun Li, and Ji Wang},
	journal={Computer Engineering \& Science},
	volume={45},
	number={12},
	pages={2146},
	year={2023}
}

@inproceedings{stefanovic2020static,
	title={Static code analysis tools: A systematic literature review},
	author={Stefanovi{\'c}, Darko and Nikoli{\'c}, Danilo and Daki{\'c}, Du{\v{s}}anka and Spasojevi{\'c}, Ivana and Risti{\'c}, Sonja},
	booktitle={Proceedings of the 31st DAAAM International Symposium},
	year={2020}
}

@inproceedings{novak2010taxonomy,
	title={Taxonomy of static code analysis tools},
	author={Novak Jernej, Krajnc Andrej and Rok Zontar},
	booktitle={Proceedings of the 33rd international convention MIPRO},
	year={2010},
}

@inproceedings{firdous2019speeding,
	title={Speeding up of design convergence using spyglass},
	author={Firdous, Ajmal and Kusuma, SM},
	booktitle={Proceedings of the 2019 Global Conference for Advancement in Technology (GCAT)},
	year={2019},
}

@article{journals/corr/abs-2409-15186,
	author       = {Bingkun Yao and
	Ning Wang and
	Jie Zhou and
	Xi Wang and
	Hong Gao and
	Zhe Jiang and
	Nan Guan},
	title        = {Location is Key: Leveraging Large Language Model for Functional Bug
	Localization in Verilog},
	journal      = {CoRR},
	volume       = {abs/2409.15186},
	year         = {2024}
}

@inproceedings{conf/dac/TsaiLR24,
	author       = {Yunda Tsai and
	Mingjie Liu and
	Haoxing Ren},
	title        = {RTLFixer: Automatically Fixing {RTL} Syntax Errors with Large Language
	Model},
	booktitle    = {Proceedings of the 61st {ACM/IEEE} Design Automation Conference (DAC)},
	year         = {2024}
}

@inproceedings{journals/corr/abs-2405-06840,
	author       = {Ke Xu and
	Jialin Sun and
	Yuchen Hu and
	Xinwei Fang and
	Weiwei Shan and
	Xi Wang and
	Zhe Jiang},
	title        = {{MEIC:} Re-thinking {RTL} Debug Automation using LLMs},
	booktitle      = {Proceedings of the 8th ACM/IEEE International Conference on Computer-Aided Design (ICCAD)},
	year         = {2024}
}

@inproceedings{conf/asianhost/FuYDGQ23,
	author       = {Weimin Fu and
	Kaichen Yang and
	Raj Gautam Dutta and
	Xiaolong Guo and
	Gang Qu},
	title        = {LLM4SecHW: Leveraging Domain-Specific Large Language Model for Hardware
	Debugging},
	booktitle    = {Proceedings of the Asian Hardware Oriented Security and Trust Symposium (AsianHOST)},
	year         = {2023}
}

@inproceedings{journals/corr/abs-2403-11671,
	author       = {Xufeng Yao and
	Haoyang Li and
	Tsz Ho Chan and
	Wenyi Xiao and
	Mingxuan Yuan and
	Yu Huang and
	Lei Chen and
	Bei Yu},
	title        = {HDLdebugger: Streamlining {HDL} debugging with Large Language Models},
	booktitle      = {Proceedings of the 30th ACM SIGKDD Conference on Knowledge Discovery and Data Mining (KDD)},
	year         = {2024}
}

@inproceedings{conf/aspdac/LiHT0ZWLQLLSCBZ24,
	author       = {Xingquan Li and
	Zengrong Huang and
	Simin Tao and
	Zhipeng Huang and
	Chunan Zhuang and
	Hao Wang and
	Yifan Li and
	Yihang Qiu and
	Guojie Luo and
	Huawei Li and
	Haihua Shen and
	Mingyu Chen and
	Dongbo Bu and
	Wenxing Zhu and
	Ye Cai and
	Xiaoming Xiong and
	Ying Jiang and
	Yi Heng and
	Peng Zhang and
	Bei Yu and
	Biwei Xie and
	Yungang Bao},
	title        = {iEDA: An Open-source infrastructure of {EDA}},
	booktitle    = {Proceedings of the 29th Asia and South Pacific Design Automation Conference (ASPDAC)},
	year         = {2024}
}

@article{journals/corr/abs-2305-14019,
	author       = {Kaiyan Chang and
	Ying Wang and
	Haimeng Ren and
	Mengdi Wang and
	Shengwen Liang and
	Yinhe Han and
	Huawei Li and
	Xiaowei Li},
	title        = {ChipGPT: How far are we from natural language hardware design},
	journal      = {CoRR},
	volume       = {abs/2305.14019},
	year         = {2023}
}

@inproceedings{journals/corr/abs-2311-04887,
	author       = {Shailja Thakur and
	Jason Blocklove and
	Hammond Pearce and
	Benjamin Tan and
	Siddharth Garg and
	Ramesh Karri},
	title        = {AutoChip: Automating {HDL} Generation Using {LLM} Feedback},
	booktitle      = {Proceedings of the 61st {ACM/IEEE} Design Automation Conference (DAC)},
	year         = {2024}
}

@article{journals/todaes/ThakurAPTDKG24,
	author       = {Shailja Thakur and
	Baleegh Ahmad and
	Hammond Pearce and
	Benjamin Tan and
	Brendan Dolan{-}Gavitt and
	Ramesh Karri and
	Siddharth Garg},
	title        = {VeriGen: {A} Large Language Model for Verilog Code Generation},
	journal      = {{ACM} Trans. Design Autom. Electr. Syst.},
	volume       = {29},
	number       = {3},
	pages        = {46:1--46:31},
	year         = {2024}
}

@inproceedings{conf/icml/PeiZYH024,
	author       = {Zehua Pei and
	Hui{-}Ling Zhen and
	Mingxuan Yuan and
	Yu Huang and
	Bei Yu},
	title        = {BetterV: Controlled Verilog Generation with Discriminative Guidance},
	booktitle    = {Proceedings of the 41st International Conference on Machine Learning (ICML)},
	year         = {2024}
}

@article{journals/corr/abs-2407-10424,
	author       = {Yang Zhao and
	Di Huang and
	Chongxiao Li and
	Pengwei Jin and
	Ziyuan Nan and
	TianYun Ma and
	Lei Qi and
	Yansong Pan and
	Zhenxing Zhang and
	Rui Zhang and
	Xishan Zhang and
	Zidong Du and
	Qi Guo and
	Xing Hu and
	Yunji Chen},
	title        = {CodeV: Empowering LLMs for Verilog Generation through Multi-Level
	Summarization},
	journal      = {CoRR},
	volume       = {abs/2407.10424},
	year         = {2024}
}

@article{journals/corr/abs-2407-18333,
	author       = {Mingzhe Gao and
	Jieru Zhao and
	Zhe Lin and
	Wenchao Ding and
	Xiaofeng Hou and
	Yu Feng and
	Chao Li and
	Minyi Guo},
	title        = {AutoVCoder: {A} Systematic Framework for Automated Verilog Code Generation
	using LLMs},
	journal      = {CoRR},
	volume       = {abs/2407.18333},
	year         = {2024}
}

@article{journals/corr/abs-2312-08617,
	author       = {Shang Liu and
	Wenji Fang and
	Yao Lu and
	Qijun Zhang and
	Hongce Zhang and
	Zhiyao Xie},
	title        = {RTLCoder: Outperforming {GPT-3.5} in Design {RTL} Generation with
	Our Open-Source Dataset and Lightweight Solution},
	journal      = {CoRR},
	volume       = {abs/2312.08617},
	year         = {2023}
}

@article{journals/corr/abs-2408-08927,
	author       = {Chia{-}Tung Ho and
	Haoxing Ren and
	Brucek Khailany},
	title        = {VerilogCoder: Autonomous Verilog Coding Agents with Graph-based Planning
	and Abstract Syntax Tree (AST)-based Waveform Tracing Tool},
	journal      = {CoRR},
	volume       = {abs/2408.08927},
	year         = {2024}
}

@inproceedings{conf/dac/ChangWY0JZCLYZZ24,
	author       = {Kaiyan Chang and
	Kun Wang and
	Nan Yang and
	Ying Wang and
	Dantong Jin and
	Wenlong Zhu and
	Zhirong Chen and
	Cangyuan Li and
	Hao Yan and
	Yunhao Zhou and
	Zhuoliang Zhao and
	Yuan Cheng and
	Yudong Pan and
	Yiqi Liu and
	Mengdi Wang and
	Shengwen Liang and
	Yinhe Han and
	Huawei Li and
	Xiaowei Li},
	title        = {Data is all you need: Finetuning LLMs for Chip Design via an Automated
	design-data augmentation framework},
	booktitle    = {Proceedings of the 61st {ACM/IEEE} Design Automation Conference (DAC)},
	year         = {2024}
}

@article{journals/tcad/WuHZYZZY24,
	author       = {Haoyuan Wu and
	Zhuolun He and
	Xinyun Zhang and
	Xufeng Yao and
	Su Zheng and
	Haisheng Zheng and
	Bei Yu},
	title        = {ChatEDA: {A} Large Language Model Powered Autonomous Agent for {EDA}},
	journal      = {{IEEE} Trans. Comput. Aided Des. Integr. Circuits Syst.},
	volume       = {43},
	number       = {10},
	pages        = {3184--3197},
	year         = {2024}
}

@inproceedings{conf/aspdac/LuLZX24,
	author       = {Yao Lu and
	Shang Liu and
	Qijun Zhang and
	Zhiyao Xie},
	title        = {{RTLLM:} An Open-Source Benchmark for Design {RTL} Generation with
	Large Language Model},
	booktitle    = {Proceedings of the 29th Asia and South Pacific Design Automation Conference (ASPDAC)},
	year         = {2024}
}

@article{journals/corr/abs-2407-01910,
	author       = {Yongan Zhang and
	Zhongzhi Yu and
	Yonggan Fu and
	Cheng Wan and
	Yingyan Celine Lin},
	title        = {MG-Verilog: Multi-grained Dataset Towards Enhanced LLM-assisted Verilog
	Generation},
	journal      = {CoRR},
	volume       = {abs/2407.01910},
	year         = {2024}
}

@inproceedings{journals/corr/abs-2406-04373,
	author       = {Ruiyang Ma and
	Yuxin Yang and
	Ziqian Liu and
	Jiaxi Zhang and
	Min Li and
	Junhua Huang and
	Guojie Luo},
	title        = {VerilogReader: LLM-Aided Hardware Test Generation},
	booktitle      = {Proceedings of the 1st IEEE International Workshop on LLM-Aided Design (LAD)},
	year         = {2024}
}

@article{journals/corr/abs-2405-02326,
	author       = {Jason Blocklove and
	Siddharth Garg and
	Ramesh Karri and
	Hammond Pearce},
	title        = {Evaluating LLMs for Hardware Design and Test},
	journal      = {CoRR},
	volume       = {abs/2405.02326},
	year         = {2024}
}

@inproceedings{conf/date/XiaoDYCWZDWTX24,
	author       = {Chao Xiao and
	Yifei Deng and
	Zhijie Yang and
	Renzhi Chen and
	Hong Wang and
	Jingyue Zhao and
	Huadong Dai and
	Lei Wang and
	Yuhua Tang and
	Weixia Xu},
	title        = {LLM-Based Processor Verification: {A} Case Study for Neuronnorphic
	Processor},
	booktitle    = {Proceedings of the 24th Design, Automation {\&} Test in Europe Conference {\&} Exhibition (DATE)},
	year         = {2024}
}

@article{journals/corr/abs-2310-04535,
	author       = {Zixi Zhang and
	Greg Chadwick and
	Hugo McNally and
	Yiren Zhao and
	Robert D. Mullins},
	title        = {{LLM4DV:} Using Large Language Models for Hardware Test Stimuli Generation},
	journal      = {CoRR},
	volume       = {abs/2310.04535},
	year         = {2023}
}

@inproceedings{conf/mlcad/BlockloveGKP23,
	author       = {Jason Blocklove and
	Siddharth Garg and
	Ramesh Karri and
	Hammond Pearce},
	title        = {Chip-Chat: Challenges and Opportunities in Conversational Hardware
	Design},
	booktitle    = {Proceedings of the 5th {ACM/IEEE} Workshop on Machine Learning for CAD (MLCAD)},
	year         = {2023}
}

@article{journals/corr/abs-2311-00176,
	author       = {Mingjie Liu and
	Teodor{-}Dumitru Ene and
	Robert Kirby and
	Chris Cheng and
	Nathaniel Ross Pinckney and
	Rongjian Liang and
	Jonah Alben and
	Himyanshu Anand and
	Sanmitra Banerjee and
	Ismet Bayraktaroglu and
	Bonita Bhaskaran and
	Bryan Catanzaro and
	Arjun Chaudhuri and
	Sharon Clay and
	Bill Dally and
	Laura Dang and
	Parikshit Deshpande and
	Siddhanth Dhodhi and
	Sameer Halepete and
	Eric Hill and
	Jiashang Hu and
	Sumit Jain and
	Brucek Khailany and
	Kishor Kunal and
	Xiaowei Li and
	Hao Liu and
	Stuart F. Oberman and
	Sujeet Omar and
	Sreedhar Pratty and
	Jonathan Raiman and
	Ambar Sarkar and
	Zhengjiang Shao and
	Hanfei Sun and
	Pratik P. Suthar and
	Varun Tej and
	Kaizhe Xu and
	Haoxing Ren},
	title        = {ChipNeMo: Domain-Adapted LLMs for Chip Design},
	journal      = {CoRR},
	volume       = {abs/2311.00176},
	year         = {2023}
}

@article{chen2024large,
	title={Large circuit models: opportunities and challenges},
	author={Chen, Lei and Chen, Yiqi and Chu, Zhufei and Fang, Wenji and Ho, Tsung-Yi and Huang, Ru and Huang, Yu and Khan, Sadaf and Li, Min and Li, Xingquan and others},
	journal={Science China Information Sciences},
	volume={67},
	number={10},
	pages={1--42},
	year={2024},
	publisher={Springer}
}

@article{journals/ese/VassalloPPPGZ20,
	author       = {Carmine Vassallo and
	Sebastiano Panichella and
	Fabio Palomba and
	Sebastian Proksch and
	Harald C. Gall and
	Andy Zaidman},
	title        = {How developers engage with static analysis tools in different contexts},
	journal      = {Empir. Softw. Eng.},
	volume       = {25},
	number       = {2},
	pages        = {1419--1457},
	year         = {2020}
}

@inproceedings{novak2010taxonomy,
	title={Taxonomy of static code analysis tools},
	author={Novak, Jernej and Krajnc, Andrej and others},
	booktitle={Proceedings of the 33rd international convention MIPRO},
	organization={IEEE}
}

@misc{SpyGlass,
	title={SpyGlass Lint: Early Design Analysis for Logic Designers
	},
	url={https://www.synopsys.com/verification/static-and-formal-verification/spyglass/spyglass-lint.html},
	howpublished ={Website},
}

@misc{JasperGold,
	title={JasperGold},
	url={https://www.cadence.com/home/tools/system-design-and-verification/formal-and-static-verification/jasper-verification-platform.html},
	howpublished ={Website},
}

@misc{QuestaLint,
	title={Questa Lint
	},
	url={https://eda.sw.siemens.com/en-US/ic/questa/design-solutions/lint
	},
	howpublished ={Website}
}

@inproceedings{conf/icse/JohnsonSMB13,
	author       = {Brittany Johnson and
	Yoonki Song and
	Emerson R. Murphy{-}Hill and
	Robert W. Bowdidge},
	title        = {Why don't software developers use static analysis tools to find bugs?},
	booktitle    = {Proceedings of the 35th International Conference on Software Engineering (ICSE)},
	year         = {2013}
}

@article{journals/corr/abs-2406-19508,
	author       = {Darren Holden and
	Nafiseh Kahani},
	title        = {Code Linting using Language Models},
	journal      = {CoRR},
	volume       = {abs/2406.19508},
	year         = {2024}
}

@inproceedings{conf/nips/YaoYZS00N23,
	author       = {Shunyu Yao and
	Dian Yu and
	Jeffrey Zhao and
	Izhak Shafran and
	Tom Griffiths and
	Yuan Cao and
	Karthik Narasimhan},
	title        = {Tree of Thoughts: Deliberate Problem Solving with Large Language Models},
	booktitle    = {Proceedings of the 36th Annual Conference on Neural Information Processing Systems (NeurIPS)},  
	year         = {2023}
}

@inproceedings{conf/mbmv/Ahmadi-PourHD21,
	author       = {Sallar Ahmadi{-}Pour and
	Vladimir Herdt and
	Rolf Drechsler},
	title        = {Constrained Random Verification for {RISC-V:} Overview, Evaluation
	and Discussion},
	booktitle    = {Proceedings of the 24th Methods and Description Languages for Modelling and Verification of
	Circuits and Systems Workshop},
	year         = {2021},
}

@misc{Verilator,
	title={Verilator open-source SystemVerilog simulator and lint system},
	url={https://github.com/verilator/verilator},
	howpublished ={Website},
}

@misc{price,
	title={API Price},
	url={https://openai.com/api/pricing/},
	howpublished ={Website}
}