@ARTICLE{adas,
  author={Nidamanuri, Jaswanth and Nibhanupudi, Chinmayi and Assfalg, Rolf and Venkataraman, Hrishikesh},
  journal={IEEE Transactions on Intelligent Vehicles}, 
  title={A Progressive Review: Emerging Technologies for ADAS Driven Solutions}, 
  year={2022},
  volume={7},
  number={2},
  pages={326-341},
  keywords={Sensors;Roads;Vehicles;Cameras;Laser radar;Safety;Radar;Autonomous driving;computer vision;intelligent transportation;machine learning;multi-sensor},
  doi={10.1109/TIV.2021.3122898}
}

@inproceedings{motiontrack,
  title={Motiontrack: end-to-end transformer-based multi-object tracking with lidar-camera fusion},
  author={Zhang, Ce and Zhang, Chengjie and Guo, Yiluan and Chen, Lingji and Happold, Michael},
  booktitle={Proceedings of the IEEE/CVF Conference on Computer Vision and Pattern Recognition},
  pages={151--160},
  year={2023}
}

@article{adversetrack,
  title={Vehicle detection and tracking in adverse weather using a deep learning framework},
  author={Hassaballah, Mahmoud and Kenk, Mourad A and Muhammad, Khan and Minaee, Shervin},
  journal={IEEE transactions on intelligent transportation systems},
  volume={22},
  number={7},
  pages={4230--4242},
  year={2020},
  publisher={IEEE}
}

@inproceedings{fogsimulation,
  title={Fog simulation on real LiDAR point clouds for 3D object detection in adverse weather},
  author={Hahner, Martin and Sakaridis, Christos and Dai, Dengxin and Van Gool, Luc},
  booktitle={Proceedings of the IEEE/CVF International Conference on Computer Vision},
  pages={15283--15292},
  year={2021}
}

@article{kradar,
  title={K-radar: 4d radar object detection for autonomous driving in various weather conditions},
  author={Paek, Dong-Hee and Kong, Seung-Hyun and Wijaya, Kevin Tirta},
  journal={Advances in Neural Information Processing Systems},
  volume={35},
  pages={3819--3829},
  year={2022}
}

@inproceedings{dopplertrack,
  title={Detection and tracking on automotive radar data with deep learning},
  author={Tilly, Julius F and Haag, Stefan and Schumann, Ole and Weishaupt, Fabio and Duraisamy, Bharanidhar and Dickmann, J{\"u}rgen and Fritzsche, Martin},
  booktitle={2020 IEEE 23rd International Conference on Information Fusion (FUSION)},
  pages={1--7},
  year={2020},
  organization={IEEE}
}

@inproceedings{ramaptrack,
  title={Deep-learning based multi-object detection and tracking using range-angle map in automotive radar systems},
  author={Kim, Ji-He and Lee, Ming-Chun and Lee, Ta-Sung},
  booktitle={2022 IEEE 95th Vehicular Technology Conference:(VTC2022-Spring)},
  pages={1--6},
  year={2022},
  organization={IEEE}
}

@inproceedings{radiatetrack,
  title={Exploiting temporal relations on radar perception for autonomous driving},
  author={Li, Peizhao and Wang, Pu and Berntorp, Karl and Liu, Hongfu},
  booktitle={Proceedings of the IEEE/CVF Conference on Computer Vision and Pattern Recognition},
  pages={17071--17080},
  year={2022}
}

@article{radarvision,
  title={On-road object detection and tracking based on radar and vision fusion: A review},
  author={Tang, Xiaolin and Zhang, Zhiqiang and Qin, Yechen},
  journal={IEEE Intelligent Transportation Systems Magazine},
  volume={14},
  number={5},
  pages={103--128},
  year={2021},
  publisher={IEEE}
}

@article{lidarradar,
  title={Lidar and radar fusion for real-time road-objects detection and tracking},
  author={Farag, Wael},
  journal={Intelligent Decision Technologies},
  volume={15},
  number={2},
  pages={291--304},
  year={2021},
  publisher={IOS Press}
}

@inproceedings{tj4d,
  title={Tj4dradset: A 4d radar dataset for autonomous driving},
  author={Zheng, Lianqing and Ma, Zhixiong and Zhu, Xichan and Tan, Bin and Li, Sen and Long, Kai and Sun, Weiqi and Chen, Sihan and Zhang, Lu and Wan, Mengyue and others},
  booktitle={2022 IEEE 25th International Conference on Intelligent Transportation Systems (ITSC)},
  pages={493--498},
  year={2022},
  organization={IEEE}
}

@article{vod,
  title={Multi-class road user detection with 3+ 1D radar in the View-of-Delft dataset},
  author={Palffy, Andras and Pool, Ewoud and Baratam, Srimannarayana and Kooij, Julian FP and Gavrila, Dariu M},
  journal={IEEE Robotics and Automation Letters},
  volume={7},
  number={2},
  pages={4961--4968},
  year={2022},
  publisher={IEEE}
}

@inproceedings{enhanced,
  title={Enhanced k-radar: Optimal density reduction to improve detection performance and accessibility of 4d radar tensor-based object detection},
  author={Paek, Dong-Hee and Kong, Seung-Hyun and Wijaya, Kevin Tirta},
  booktitle={2023 IEEE Intelligent Vehicles Symposium (IV)},
  pages={1--6},
  year={2023},
  organization={IEEE}
}

@inproceedings{tbd,
  title={Exploiting the circulant structure of tracking-by-detection with kernels},
  author={Henriques, Joao F and Caseiro, Rui and Martins, Pedro and Batista, Jorge},
  booktitle={Computer Vision--ECCV 2012: 12th European Conference on Computer Vision, Florence, Italy, October 7-13, 2012, Proceedings, Part IV 12},
  pages={702--715},
  year={2012},
  organization={Springer}
}

@article{kalman,
  title={A new approach to linear filtering and prediction problems},
  author={Kalman, Rudolph Emil},
  year={1960}
}

@inproceedings{mcdropout,
  title={Dropout as a bayesian approximation: Representing model uncertainty in deep learning},
  author={Gal, Yarin and Ghahramani, Zoubin},
  booktitle={international conference on machine learning},
  pages={1050--1059},
  year={2016},
  organization={PMLR}
}

@article{lossattenuation,
  title={What uncertainties do we need in bayesian deep learning for computer vision?},
  author={Kendall, Alex and Gal, Yarin},
  journal={Advances in neural information processing systems},
  volume={30},
  year={2017}
}

@article{transformer,
  title={Attention is all you need},
  author={Vaswani, Ashish and Shazeer, Noam and Parmar, Niki and Uszkoreit, Jakob and Jones, Llion and Gomez, Aidan N and Kaiser, {\L}ukasz and Polosukhin, Illia},
  journal={Advances in neural information processing systems},
  volume={30},
  year={2017}
}

@inproceedings{ab3dmot,
  title={3d multi-object tracking: A baseline and new evaluation metrics},
  author={Weng, Xinshuo and Wang, Jianren and Held, David and Kitani, Kris},
  booktitle={2020 IEEE/RSJ International Conference on Intelligent Robots and Systems (IROS)},
  pages={10359--10366},
  year={2020},
  organization={IEEE}
}

@INPROCEEDINGS{probabilistic,
  author={Chiu, Hsu-Kuang and Li, Jie and Ambruş, Rareş and Bohg, Jeannette},
  booktitle={2021 IEEE International Conference on Robotics and Automation (ICRA)}, 
  title={Probabilistic 3D Multi-Modal, Multi-Object Tracking for Autonomous Driving}, 
  year={2021},
  volume={},
  number={},
  pages={14227-14233},
  doi={10.1109/ICRA48506.2021.9561754}
}

@inproceedings{score,
  title={Score refinement for confidence-based 3d multi-object tracking},
  author={Benbarka, Nuri and Schr{\"o}der, Jona and Zell, Andreas},
  booktitle={2021 IEEE/RSJ International Conference on Intelligent Robots and Systems (IROS)},
  pages={8083--8090},
  year={2021},
  organization={IEEE}
}

@inproceedings{simpletrack,
  title={Simpletrack: Understanding and rethinking 3d multi-object tracking},
  author={Pang, Ziqi and Li, Zhichao and Wang, Naiyan},
  booktitle={European Conference on Computer Vision},
  pages={680--696},
  year={2022},
  organization={Springer}
}

@inproceedings{centerpoint,
  title={Center-based 3d object detection and tracking},
  author={Yin, Tianwei and Zhou, Xingyi and Krahenbuhl, Philipp},
  booktitle={Proceedings of the IEEE/CVF conference on computer vision and pattern recognition},
  pages={11784--11793},
  year={2021}
}

@inproceedings{pfmot,
  title={PF-MOT: Probability fusion based 3D multi-object tracking for autonomous vehicles},
  author={Wen, Tao and Zhang, Yanyong and Freris, Nikolaos M},
  booktitle={2022 International Conference on Robotics and Automation (ICRA)},
  pages={700--706},
  year={2022},
  organization={IEEE}
}

@inproceedings{simtrack,
  title={Exploring simple 3d multi-object tracking for autonomous driving},
  author={Luo, Chenxu and Yang, Xiaodong and Yuille, Alan},
  booktitle={Proceedings of the IEEE/CVF international conference on computer vision},
  pages={10488--10497},
  year={2021}
}

@inproceedings{3dmot,
  title={3dmodt: Attention-guided affinities for joint detection \& tracking in 3d point clouds},
  author={Kini, Jyoti and Mian, Ajmal and Shah, Mubarak},
  booktitle={2023 IEEE International Conference on Robotics and Automation (ICRA)},
  pages={841--848},
  year={2023},
  organization={IEEE}
}

@article{mono,
  title={Monocular quasi-dense 3d object tracking},
  author={Hu, Hou-Ning and Yang, Yung-Hsu and Fischer, Tobias and Darrell, Trevor and Yu, Fisher and Sun, Min},
  journal={IEEE Transactions on Pattern Analysis and Machine Intelligence},
  volume={45},
  number={2},
  pages={1992--2008},
  year={2022},
  publisher={IEEE}
}

@article{cc3dt,
  title={Cc-3dt: Panoramic 3d object tracking via cross-camera fusion},
  author={Fischer, Tobias and Yang, Yung-Hsu and Kumar, Suryansh and Sun, Min and Yu, Fisher},
  journal={arXiv preprint arXiv:2212.01247},
  year={2022}
}

@inproceedings{mutr3d,
  title={Mutr3d: A multi-camera tracking framework via 3d-to-2d queries},
  author={Zhang, Tianyuan and Chen, Xuanyao and Wang, Yue and Wang, Yilun and Zhao, Hang},
  booktitle={Proceedings of the IEEE/CVF Conference on Computer Vision and Pattern Recognition},
  pages={4537--4546},
  year={2022}
}

@article{srcn3d,
  title={Srcn3d: Sparse r-cnn 3d surround-view camera object detection and tracking for autonomous driving},
  author={Shi, Yining and Shen, Jingyan and Sun, Yifan and Wang, Yunlong and Li, Jiaxin and Sun, Shiqi and Jiang, Kun and Yang, Diange},
  journal={arXiv e-prints},
  pages={arXiv--2206},
  year={2022}
}

@inproceedings{spatio,
  title={Standing between past and future: Spatio-temporal modeling for multi-camera 3d multi-object tracking},
  author={Pang, Ziqi and Li, Jie and Tokmakov, Pavel and Chen, Dian and Zagoruyko, Sergey and Wang, Yu-Xiong},
  booktitle={Proceedings of the IEEE/CVF conference on computer vision and pattern recognition},
  pages={17928--17938},
  year={2023}
}

@inproceedings{eagermot,
  title={Eagermot: 3d multi-object tracking via sensor fusion},
  author={Kim, Aleksandr and O{\v{s}}ep, Aljo{\v{s}}a and Leal-Taix{\'e}, Laura},
  booktitle={2021 IEEE International Conference on Robotics and Automation (ICRA)},
  pages={11315--11321},
  year={2021},
  organization={IEEE}
}

@inproceedings{gnn3dmot,
  title={Gnn3dmot: Graph neural network for 3d multi-object tracking with 2d-3d multi-feature learning},
  author={Weng, Xinshuo and Wang, Yongxin and Man, Yunze and Kitani, Kris M},
  booktitle={Proceedings of the IEEE/CVF Conference on Computer Vision and Pattern Recognition},
  pages={6499--6508},
  year={2020}
}

@inproceedings{jmodt,
  title={Joint multi-object detection and tracking with camera-LiDAR fusion for autonomous driving},
  author={Huang, Kemiao and Hao, Qi},
  booktitle={2021 IEEE/RSJ International Conference on Intelligent Robots and Systems (IROS)},
  pages={6983--6989},
  year={2021},
  organization={IEEE}
}

@inproceedings{alphatrack,
  title={Cross-modal 3d object detection and tracking for auto-driving},
  author={Zeng, Yihan and Ma, Chao and Zhu, Ming and Fan, Zhiming and Yang, Xiaokang},
  booktitle={2021 IEEE/RSJ International Conference on Intelligent Robots and Systems (IROS)},
  pages={3850--3857},
  year={2021},
  organization={IEEE}
}

@article{4dradarreview,
  title={4D millimeter-wave radar in autonomous driving: A survey},
  author={Han, Zeyu and Wang, Jiahao and Xu, Zikun and Yang, Shuocheng and He, Lei and Xu, Shaobing and Wang, Jianqiang and Li, Keqiang},
  journal={arXiv preprint arXiv:2306.04242},
  year={2023}
}

@article{deepensemble,
  title={Simple and scalable predictive uncertainty estimation using deep ensembles},
  author={Lakshminarayanan, Balaji and Pritzel, Alexander and Blundell, Charles},
  journal={Advances in neural information processing systems},
  volume={30},
  year={2017}
}

@inproceedings{depth,
  title={Deep multi-view depth estimation with predicted uncertainty},
  author={Ke, Tong and Do, Tien and Vuong, Khiem and Sartipi, Kourosh and Roumeliotis, Stergios I},
  booktitle={2021 IEEE International Conference on Robotics and Automation (ICRA)},
  pages={9235--9241},
  year={2021},
  organization={IEEE}
}

@inproceedings{salsanext,
  title={Salsanext: Fast, uncertainty-aware semantic segmentation of lidar point clouds},
  author={Cortinhal, Tiago and Tzelepis, George and Erdal Aksoy, Eren},
  booktitle={Advances in Visual Computing: 15th International Symposium, ISVC 2020, San Diego, CA, USA, October 5--7, 2020, Proceedings, Part II 15},
  pages={207--222},
  year={2020},
  organization={Springer}
}

@article{stochasticseg,
  title={Stochastic segmentation networks: Modelling spatially correlated aleatoric uncertainty},
  author={Monteiro, Miguel and Le Folgoc, Lo{\"\i}c and Coelho de Castro, Daniel and Pawlowski, Nick and Marques, Bernardo and Kamnitsas, Konstantinos and van der Wilk, Mark and Glocker, Ben},
  journal={Advances in neural information processing systems},
  volume={33},
  pages={12756--12767},
  year={2020}
}

@inproceedings{lidaruncertainty,
  title={Towards safe autonomous driving: Capture uncertainty in the deep neural network for lidar 3d vehicle detection},
  author={Feng, Di and Rosenbaum, Lars and Dietmayer, Klaus},
  booktitle={2018 21st international conference on intelligent transportation systems (ITSC)},
  pages={3266--3273},
  year={2018},
  organization={IEEE}
}

@inproceedings{griduncertainty,
  title={Capturing object detection uncertainty in multi-layer grid maps},
  author={Wirges, Sascha and Reith-Braun, Marcel and Lauer, Martin and Stiller, Christoph},
  booktitle={2019 IEEE Intelligent Vehicles Symposium (IV)},
  pages={1520--1526},
  year={2019},
  organization={IEEE}
}

@inproceedings{onestageuncertainty,
  title={Uncertainty estimation in one-stage object detection},
  author={Kraus, Florian and Dietmayer, Klaus},
  booktitle={2019 ieee intelligent transportation systems conference (itsc)},
  pages={53--60},
  year={2019},
  organization={IEEE}
}

@inproceedings{trackuncertainty,
  title={Model uncertainty guides visual object tracking},
  author={Zhou, Lijun and Ledent, Antoine and Hu, Qintao and Liu, Ting and Zhang, Jianlin and Kloft, Marius},
  booktitle={Proceedings of the AAAI Conference on Artificial Intelligence},
  volume={35},
  number={4},
  pages={3581--3589},
  year={2021}
}

@article{reviewuncertainty,
  title={A review and comparative study on probabilistic object detection in autonomous driving},
  author={Feng, Di and Harakeh, Ali and Waslander, Steven L and Dietmayer, Klaus},
  journal={IEEE Transactions on Intelligent Transportation Systems},
  volume={23},
  number={8},
  pages={9961--9980},
  year={2021},
  publisher={IEEE}
}

@inproceedings{twouncertainty,
  title={Benchmarking Sampling-based Probabilistic Object Detectors.},
  author={Miller, Dimity and S{\"u}nderhauf, Niko and Zhang, Haoyang and Hall, David and Dayoub, Feras},
  booktitle={CVPR Workshops},
  volume={3},
  pages={6},
  year={2019}
}

@article{mahalanobis,
  title={On the generalized distance in statistics},
  author={Mahalanobis, Prasanta Chandra},
  journal={Sankhy{\=a}: The Indian Journal of Statistics, Series A (2008-)},
  volume={80},
  pages={S1--S7},
  year={2018},
  publisher={JSTOR}
}

@article{trajectory,
  title={Trajectory prediction for autonomous driving using spatial-temporal graph attention transformer},
  author={Zhang, Kunpeng and Feng, Xiaoliang and Wu, Lan and He, Zhengbing},
  journal={IEEE Transactions on Intelligent Transportation Systems},
  volume={23},
  number={11},
  pages={22343--22353},
  year={2022},
  publisher={IEEE}
}

@inproceedings{detr,
  title={End-to-end object detection with transformers},
  author={Carion, Nicolas and Massa, Francisco and Synnaeve, Gabriel and Usunier, Nicolas and Kirillov, Alexander and Zagoruyko, Sergey},
  booktitle={European conference on computer vision},
  pages={213--229},
  year={2020},
  organization={Springer}
}

@article{dropout,
  title={Dropout: a simple way to prevent neural networks from overfitting},
  author={Srivastava, Nitish and Hinton, Geoffrey and Krizhevsky, Alex and Sutskever, Ilya and Salakhutdinov, Ruslan},
  journal={The journal of machine learning research},
  volume={15},
  number={1},
  pages={1929--1958},
  year={2014},
  publisher={JMLR. org}
}
