@inproceedings{3dmot,
  title={3dmodt: Attention-guided affinities for joint detection \& tracking in 3d point clouds},
  author={Kini, Jyoti and Mian, Ajmal and Shah, Mubarak},
  booktitle={2023 IEEE International Conference on Robotics and Automation (ICRA)},
  pages={841--848},
  year={2023},
  organization={IEEE}
}

@inproceedings{ab3dmot,
  title={3d multi-object tracking: A baseline and new evaluation metrics},
  author={Weng, Xinshuo and Wang, Jianren and Held, David and Kitani, Kris},
  booktitle={2020 IEEE/RSJ International Conference on Intelligent Robots and Systems (IROS)},
  pages={10359--10366},
  year={2020},
  organization={IEEE}
}

@inproceedings{alphatrack,
  title={Cross-modal 3d object detection and tracking for auto-driving},
  author={Zeng, Yihan and Ma, Chao and Zhu, Ming and Fan, Zhiming and Yang, Xiaokang},
  booktitle={2021 IEEE/RSJ International Conference on Intelligent Robots and Systems (IROS)},
  pages={3850--3857},
  year={2021},
  organization={IEEE}
}

@article{cc3dt,
  title={Cc-3dt: Panoramic 3d object tracking via cross-camera fusion},
  author={Fischer, Tobias and Yang, Yung-Hsu and Kumar, Suryansh and Sun, Min and Yu, Fisher},
  journal={arXiv preprint arXiv:2212.01247},
  year={2022}
}

@inproceedings{centerpoint,
  title={Center-based 3d object detection and tracking},
  author={Yin, Tianwei and Zhou, Xingyi and Krahenbuhl, Philipp},
  booktitle={Proceedings of the IEEE/CVF conference on computer vision and pattern recognition},
  pages={11784--11793},
  year={2021}
}

@article{deepensemble,
  title={Simple and scalable predictive uncertainty estimation using deep ensembles},
  author={Lakshminarayanan, Balaji and Pritzel, Alexander and Blundell, Charles},
  journal={Advances in neural information processing systems},
  volume={30},
  year={2017}
}

@inproceedings{depth,
  title={Deep multi-view depth estimation with predicted uncertainty},
  author={Ke, Tong and Do, Tien and Vuong, Khiem and Sartipi, Kourosh and Roumeliotis, Stergios I},
  booktitle={2021 IEEE International Conference on Robotics and Automation (ICRA)},
  pages={9235--9241},
  year={2021},
  organization={IEEE}
}

@inproceedings{gnn3dmot,
  title={Gnn3dmot: Graph neural network for 3d multi-object tracking with 2d-3d multi-feature learning},
  author={Weng, Xinshuo and Wang, Yongxin and Man, Yunze and Kitani, Kris M},
  booktitle={Proceedings of the IEEE/CVF Conference on Computer Vision and Pattern Recognition},
  pages={6499--6508},
  year={2020}
}

@inproceedings{griduncertainty,
  title={Capturing object detection uncertainty in multi-layer grid maps},
  author={Wirges, Sascha and Reith-Braun, Marcel and Lauer, Martin and Stiller, Christoph},
  booktitle={2019 IEEE Intelligent Vehicles Symposium (IV)},
  pages={1520--1526},
  year={2019},
  organization={IEEE}
}

@inproceedings{jmodt,
  title={Joint multi-object detection and tracking with camera-LiDAR fusion for autonomous driving},
  author={Huang, Kemiao and Hao, Qi},
  booktitle={2021 IEEE/RSJ International Conference on Intelligent Robots and Systems (IROS)},
  pages={6983--6989},
  year={2021},
  organization={IEEE}
}

@article{kradar,
  title={K-radar: 4d radar object detection for autonomous driving in various weather conditions},
  author={Paek, Dong-Hee and Kong, Seung-Hyun and Wijaya, Kevin Tirta},
  journal={Advances in Neural Information Processing Systems},
  volume={35},
  pages={3819--3829},
  year={2022}
}

@inproceedings{lidaruncertainty,
  title={Towards safe autonomous driving: Capture uncertainty in the deep neural network for lidar 3d vehicle detection},
  author={Feng, Di and Rosenbaum, Lars and Dietmayer, Klaus},
  booktitle={2018 21st international conference on intelligent transportation systems (ITSC)},
  pages={3266--3273},
  year={2018},
  organization={IEEE}
}

@article{lossattenuation,
  title={What uncertainties do we need in bayesian deep learning for computer vision?},
  author={Kendall, Alex and Gal, Yarin},
  journal={Advances in neural information processing systems},
  volume={30},
  year={2017}
}

@inproceedings{mcdropout,
  title={Dropout as a bayesian approximation: Representing model uncertainty in deep learning},
  author={Gal, Yarin and Ghahramani, Zoubin},
  booktitle={international conference on machine learning},
  pages={1050--1059},
  year={2016},
  organization={PMLR}
}

@article{mono,
  title={Monocular quasi-dense 3d object tracking},
  author={Hu, Hou-Ning and Yang, Yung-Hsu and Fischer, Tobias and Darrell, Trevor and Yu, Fisher and Sun, Min},
  journal={IEEE Transactions on Pattern Analysis and Machine Intelligence},
  volume={45},
  number={2},
  pages={1992--2008},
  year={2022},
  publisher={IEEE}
}

@inproceedings{mutr3d,
  title={Mutr3d: A multi-camera tracking framework via 3d-to-2d queries},
  author={Zhang, Tianyuan and Chen, Xuanyao and Wang, Yue and Wang, Yilun and Zhao, Hang},
  booktitle={Proceedings of the IEEE/CVF Conference on Computer Vision and Pattern Recognition},
  pages={4537--4546},
  year={2022}
}

@INPROCEEDINGS{probabilistic,
  author={Chiu, Hsu-Kuang and Li, Jie and Ambruş, Rareş and Bohg, Jeannette},
  booktitle={2021 IEEE International Conference on Robotics and Automation (ICRA)}, 
  title={Probabilistic 3D Multi-Modal, Multi-Object Tracking for Autonomous Driving}, 
  year={2021},
  volume={},
  number={},
  pages={14227-14233},
  doi={10.1109/ICRA48506.2021.9561754}
}

@article{reviewuncertainty,
  title={A review and comparative study on probabilistic object detection in autonomous driving},
  author={Feng, Di and Harakeh, Ali and Waslander, Steven L and Dietmayer, Klaus},
  journal={IEEE Transactions on Intelligent Transportation Systems},
  volume={23},
  number={8},
  pages={9961--9980},
  year={2021},
  publisher={IEEE}
}

@inproceedings{score,
  title={Score refinement for confidence-based 3d multi-object tracking},
  author={Benbarka, Nuri and Schr{\"o}der, Jona and Zell, Andreas},
  booktitle={2021 IEEE/RSJ International Conference on Intelligent Robots and Systems (IROS)},
  pages={8083--8090},
  year={2021},
  organization={IEEE}
}

@inproceedings{simpletrack,
  title={Simpletrack: Understanding and rethinking 3d multi-object tracking},
  author={Pang, Ziqi and Li, Zhichao and Wang, Naiyan},
  booktitle={European Conference on Computer Vision},
  pages={680--696},
  year={2022},
  organization={Springer}
}

@inproceedings{spatio,
  title={Standing between past and future: Spatio-temporal modeling for multi-camera 3d multi-object tracking},
  author={Pang, Ziqi and Li, Jie and Tokmakov, Pavel and Chen, Dian and Zagoruyko, Sergey and Wang, Yu-Xiong},
  booktitle={Proceedings of the IEEE/CVF conference on computer vision and pattern recognition},
  pages={17928--17938},
  year={2023}
}

@article{stochasticseg,
  title={Stochastic segmentation networks: Modelling spatially correlated aleatoric uncertainty},
  author={Monteiro, Miguel and Le Folgoc, Lo{\"\i}c and Coelho de Castro, Daniel and Pawlowski, Nick and Marques, Bernardo and Kamnitsas, Konstantinos and van der Wilk, Mark and Glocker, Ben},
  journal={Advances in neural information processing systems},
  volume={33},
  pages={12756--12767},
  year={2020}
}

@inproceedings{tj4d,
  title={Tj4dradset: A 4d radar dataset for autonomous driving},
  author={Zheng, Lianqing and Ma, Zhixiong and Zhu, Xichan and Tan, Bin and Li, Sen and Long, Kai and Sun, Weiqi and Chen, Sihan and Zhang, Lu and Wan, Mengyue and others},
  booktitle={2022 IEEE 25th International Conference on Intelligent Transportation Systems (ITSC)},
  pages={493--498},
  year={2022},
  organization={IEEE}
}

@inproceedings{trackuncertainty,
  title={Model uncertainty guides visual object tracking},
  author={Zhou, Lijun and Ledent, Antoine and Hu, Qintao and Liu, Ting and Zhang, Jianlin and Kloft, Marius},
  booktitle={Proceedings of the AAAI Conference on Artificial Intelligence},
  volume={35},
  number={4},
  pages={3581--3589},
  year={2021}
}

