@article{BuchbinderF18,
  author       = {Niv Buchbinder and
                  Moran Feldman},
  title        = {Deterministic Algorithms for Submodular Maximization Problems},
  journal      = {{ACM} Trans. Algorithms},
  volume       = {14},
  number       = {3},
  pages        = {32:1--32:20},
  year         = {2018},
  url          = {https://doi.org/10.1145/3184990},
  doi          = {10.1145/3184990},
  timestamp    = {Sun, 19 Jan 2025 15:02:13 +0100},
  biburl       = {https://dblp.org/rec/journals/talg/BuchbinderF18.bib}
}

@inproceedings{BuchbinderF24,
  author       = {Niv Buchbinder and
                  Moran Feldman},
  title        = {Deterministic Algorithm and Faster Algorithm for Submodular Maximization
                  Subject to a Matroid Constraint},
  booktitle    = {65th {IEEE} Annual Symposium on Foundations of Computer Science, {FOCS}
                  2024, Chicago, IL, USA, October 27-30, 2024},
  pages        = {700--712},
  publisher    = {{IEEE}},
  year         = {2024},
  url          = {https://doi.org/10.1109/FOCS61266.2024.00050},
  doi          = {10.1109/FOCS61266.2024.00050},
  timestamp    = {Mon, 09 Dec 2024 12:04:35 +0100},
  biburl       = {https://dblp.org/rec/conf/focs/BuchbinderF24.bib},
  bibsource    = {dblp computer science bibliography, https://dblp.org}
}

@article{FeigeMV11,
  author       = {Uriel Feige and
                  Vahab S. Mirrokni and
                  Jan Vondr{\'{a}}k},
  title        = {Maximizing Non-monotone Submodular Functions},
  journal      = {{SIAM} J. Comput.},
  volume       = {40},
  number       = {4},
  pages        = {1133--1153},
  year         = {2011},
  url          = {https://doi.org/10.1137/090779346},
  doi          = {10.1137/090779346},
  timestamp    = {Fri, 25 Dec 2020 01:12:56 +0100},
  biburl       = {https://dblp.org/rec/journals/siamcomp/FeigeMV11.bib},
  bibsource    = {dblp computer science bibliography, https://dblp.org}
}

@article{Vondrak13,
  author       = {Jan Vondr{\'{a}}k},
  title        = {Symmetry and Approximability of Submodular Maximization Problems},
  journal      = {{SIAM} J. Comput.},
  volume       = {42},
  number       = {1},
  pages        = {265--304},
  year         = {2013},
  url          = {https://doi.org/10.1137/110832318},
  doi          = {10.1137/110832318},
  timestamp    = {Sat, 27 May 2017 14:22:59 +0200},
  biburl       = {https://dblp.org/rec/journals/siamcomp/Vondrak13.bib},
  bibsource    = {dblp computer science bibliography, https://dblp.org}
}

@article{nemhauser1978analysis,
  title={An analysis of approximations for maximizing submodular set functionsâ€”I},
  author={Nemhauser, George L and Wolsey, Laurence A and Fisher, Marshall L},
  journal={Mathematical programming},
  volume={14},
  pages={265--294},
  year={1978},
  publisher={Springer}
}

@book{talagrand,
  title={{Upper and Lower Bounds for Stochastic Processes}},
  author={Michel Talagrand},
  publisher={Springer Cham},
  pages={726},
  year={2021}
}

