@article{nemhauser1978analysis,
  title={An analysis of approximations for maximizing submodular set functions—I},
  author={Nemhauser, George L and Wolsey, Laurence A and Fisher, Marshall L},
  journal={Mathematical programming},
  volume={14},
  pages={265--294},
  year={1978},
  publisher={Springer}
}

@inproceedings{bergemann2022calibrated,
  title={Calibrated click-through auctions},
  author={Bergemann, Dirk and Duetting, Paul and Paes Leme, Renato and Zuo, Song},
  booktitle={Proceedings of the ACM Web Conference 2022},
  pages={47--57},
  year={2022}
}

@inproceedings{ChenLXZ24,
  author       = {Junjie Chen and
                  Minming Li and
                  Haifeng Xu and
                  Song Zuo},
  title        = {Bayesian Calibrated Click-Through Auctions},
  booktitle    = {51st International Colloquium on Automata, Languages, and Programming,
                  {ICALP} 2024, July 8-12, 2024, Tallinn, Estonia},
  series       = {LIPIcs},
  volume       = {297},
  pages        = {44:1--44:18},
  year         = {2024},
}

@book{talagrand,
  title={{Upper and Lower Bounds for Stochastic Processes}},
  author={Michel Talagrand},
  publisher={Springer Cham},
  pages={726},
  year={2021}
}

@book{oks,
author={Oksendal, Bernt},
title={{Stochastic Differential Equations: An Introduction with Applications}},
year={2013},
publisher={Springer, Berlin}
}


@inproceedings{BuchbinderF24,
  author       = {Niv Buchbinder and
                  Moran Feldman},
  title        = {Deterministic Algorithm and Faster Algorithm for Submodular Maximization
                  Subject to a Matroid Constraint},
  booktitle    = {65th {IEEE} Annual Symposium on Foundations of Computer Science, {FOCS}
                  2024, Chicago, IL, USA, October 27-30, 2024},
  pages        = {700--712},
  publisher    = {{IEEE}},
  year         = {2024},
  url          = {https://doi.org/10.1109/FOCS61266.2024.00050},
  doi          = {10.1109/FOCS61266.2024.00050},
  timestamp    = {Mon, 09 Dec 2024 12:04:35 +0100},
  biburl       = {https://dblp.org/rec/conf/focs/BuchbinderF24.bib},
  bibsource    = {dblp computer science bibliography, https://dblp.org}
}

@article{BuchbinderF18,
  author       = {Niv Buchbinder and
                  Moran Feldman},
  title        = {Deterministic Algorithms for Submodular Maximization Problems},
  journal      = {{ACM} Trans. Algorithms},
  volume       = {14},
  number       = {3},
  pages        = {32:1--32:20},
  year         = {2018},
  url          = {https://doi.org/10.1145/3184990},
  doi          = {10.1145/3184990},
  timestamp    = {Sun, 19 Jan 2025 15:02:13 +0100},
  biburl       = {https://dblp.org/rec/journals/talg/BuchbinderF18.bib}
}

@article{Vondrak13,
  author       = {Jan Vondr{\'{a}}k},
  title        = {Symmetry and Approximability of Submodular Maximization Problems},
  journal      = {{SIAM} J. Comput.},
  volume       = {42},
  number       = {1},
  pages        = {265--304},
  year         = {2013},
  url          = {https://doi.org/10.1137/110832318},
  doi          = {10.1137/110832318},
  timestamp    = {Sat, 27 May 2017 14:22:59 +0200},
  biburl       = {https://dblp.org/rec/journals/siamcomp/Vondrak13.bib},
  bibsource    = {dblp computer science bibliography, https://dblp.org}
}
 

@article{FeigeMV11,
  author       = {Uriel Feige and
                  Vahab S. Mirrokni and
                  Jan Vondr{\'{a}}k},
  title        = {Maximizing Non-monotone Submodular Functions},
  journal      = {{SIAM} J. Comput.},
  volume       = {40},
  number       = {4},
  pages        = {1133--1153},
  year         = {2011},
  url          = {https://doi.org/10.1137/090779346},
  doi          = {10.1137/090779346},
  timestamp    = {Fri, 25 Dec 2020 01:12:56 +0100},
  biburl       = {https://dblp.org/rec/journals/siamcomp/FeigeMV11.bib},
  bibsource    = {dblp computer science bibliography, https://dblp.org}
}

@inproceedings{rpl2,
author = {Paes Leme, Renato and Piliouras, Georgios and Schneider, Jon and Spendlove, Kelly and Zuo, Song},
title = {{Complex Dynamics in Autobidding Systems}},
year = {2024},
isbn = {9798400707049},
publisher = {Association for Computing Machinery},
address = {New York, NY, USA},
url = {https://doi.org/10.1145/3670865.3673551},
doi = {10.1145/3670865.3673551},
booktitle = {Proceedings of the 25th ACM Conference on Economics and Computation},
pages = {75–100},
numpages = {26}
}

@inproceedings{cortes1,
  title={Sample selection bias correction theory},
  author={Corinna Cortes and Mehryar Mohri and Michael Riley and Afshin Rostamizadeh},
  booktitle={Proceedings of the International Conference on Algorithmic Learning Theory},
  year={2008}
}

@book{dataset-book,
author = {Quionero-Candela, Joaquin and Sugiyama, Masashi and Schwaighofer, Anton and Lawrence, Neil D.},
title = {Dataset Shift in Machine Learning},
year = {2009},
isbn = {0262170051},
publisher = {The MIT Press}
}

@article{cortes2,
      title={{Best-Effort Adaptation}}, 
      author={Pranjal Awasthi and Corinna Cortes and Mehryar Mohri},
      year={2024},
      journal={Annals of Mathematics and Artificial Intelligence},
      volume={92},
      pages={393-438}
}

@article{rfdiff,
  title={{De novo design of protein structure and function with RFdiffusion}},
  author={Watson, Joseph L. and Juergens, David and Bennett, Nathaniel R. and Trippe, Brian L. and Yim, Jason and Eisenach, Helen E. and Ahern, Woody and Borst, Andrew J. and Ragotte, Robert J. and Milles, Lukas F. and Wicky, Basile I. M. and Hanikel, Nikita and Pellock, Samuel J. and Courbet, Alexis and Sheffler, William and Wang, Jue and Venkatesh, Preetham and Sappington, Isaac and Torres, Susana Vázquez and Lauko, Anna and De Bortoli, Valentin and Mathieu, Emile and Ovchinnikov, Sergey and Barzilay, Regina and Jaakkola, Tommi S. and DiMaio, Frank and Baek, Minkyung and Baker, David},
  journal={Nature},
  year={2023}
}

@article {opencrispr,
  author = {Ruffolo, Jeffrey A. and Nayfach, Stephen and Gallagher, Joseph and Bhatnagar, Aadyot and Beazer, Joel and Hussain, Riffat and Russ, Jordan and Yip, Jennifer and Hill, Emily and Pacesa, Martin and Meeske, Alexander J. and Cameron, Peter and Madani, Ali},
  title = {{Design of highly functional genome editors by modeling the universe of CRISPR-Cas sequences}},
  year = {2024},
  publisher = {Cold Spring Harbor Laboratory},
  URL = {https://www.biorxiv.org/content/early/2024/04/22/2024.04.22.590591},
  eprint = {https://www.biorxiv.org/content/early/2024/04/22/2024.04.22.590591.full.pdf},
  journal = {bioRxiv}
}

@article{em1,
author = {Diffey, S. M. and Smith, A. B. and Welsh, A. H. and Cullis, B. R.},
title = {{A new REML (parameter expanded) EM algorithm for linear mixed models}},
journal = {Australian \& New Zealand Journal of Statistics},
volume = {59},
number = {4},
pages = {433-448},
year = {2017}
}

@article{qb1,
  author={Bailey Timothy and Elkan Charles},
  title={{Fitting a mixture model by expectation maximization to discover motifs in biopolymers}},
  journal={Proc Int Conf Intell Syst Mol Biol.},
  year={1994}
}

@article{qb2,
    author = {Wei, Xin and Li, Ziyi and Ji, Hongkai and Wu, Hao},
    title = {{EDClust: an EM–MM hybrid method for cell clustering in multiple-subject single-cell RNA sequencing}},
    journal = {Bioinformatics},
    volume = {38},
    number = {10},
    pages = {2692-2699},
    year = {2022}
}

@article{qb3,
  title={{Mixture models reveal multiple positional bias types in RNA-Seq data and lead to accurate transcript concentration estimates}},
  author={Andreas Tuerk and Gregor Wiktorin and Serhat G\:{u}ler},
  journal={PLoS Computational Biology},
  year={2017}
}

@inproceedings{wwnngp,
title={{Wide Neural Networks as Gaussian Processes: Lessons from Deep Equilibrium Models}},
author={Tianxiang Gao and Xiaokai Huo and Hailiang Liu and Hongyang Gao},
booktitle={Thirty-seventh Conference on Neural Information Processing Systems},
year={2023},
url={https://openreview.net/forum?id=Z2he2Y0MoH}
}