
# =============================== generalized category discovery =================================
@inproceedings{vaze2022generalized,
  title={Generalized category discovery},
  author={Vaze, Sagar and Han, Kai and Vedaldi, Andrea and Zisserman, Andrew},
  booktitle={Proceedings of the IEEE/CVF Conference on Computer Vision and Pattern Recognition},
  year={2022}
}

@inproceedings{pu2023dynamic,
  title={Dynamic Conceptional Contrastive Learning for Generalized Category Discovery},
  author={Pu, Nan and Zhong, Zhun and Sebe, Nicu},
  booktitle={Proceedings of the IEEE/CVF Conference on Computer Vision and Pattern Recognition},
  year={2023}
}

@inproceedings{zhang2023promptcal,
  title={Promptcal: Contrastive affinity learning via auxiliary prompts for generalized novel category discovery},
  author={Zhang, Sheng and Khan, Salman and Shen, Zhiqiang and Naseer, Muzammal and Chen, Guangyi and Khan, Fahad Shahbaz},
  booktitle={Proceedings of the IEEE/CVF Conference on Computer Vision and Pattern Recognition},
  year={2023}
}

@inproceedings{wen2023parametric,
  title={Parametric classification for generalized category discovery: A baseline study},
  author={Wen, Xin and Zhao, Bingchen and Qi, Xiaojuan},
  booktitle={Proceedings of the IEEE/CVF International Conference on Computer Vision},
  year={2023}
}

@inproceedings{kim2023proxy,
  title={Proxy anchor-based unsupervised learning for continuous generalized category discovery},
  author={Kim, Hyungmin and Suh, Sungho and Kim, Daehwan and Jeong, Daun and Cho, Hansang and Kim, Junmo},
  booktitle={Proceedings of the IEEE/CVF International Conference on Computer Vision},
  year={2023}
}

@inproceedings{chiaroni2023parametric,
  title={Parametric information maximization for generalized category discovery},
  author={Chiaroni, Florent and Dolz, Jose and Masud, Ziko Imtiaz and Mitiche, Amar and Ben Ayed, Ismail},
  booktitle={Proceedings of the IEEE/CVF International Conference on Computer Vision},
  year={2023}
}

@article{zhao2023incremental,
  title={Incremental generalized category discovery},
  author={Zhao, Bingchen and Mac Aodha, Oisin},
  booktitle={Proceedings of the IEEE/CVF International Conference on Computer Vision},
  year={2023}
}

@article{zhao2023learning,
  title={Learning Semi-supervised Gaussian Mixture Models for Generalized Category Discovery},
  author={Zhao, Bingchen and Wen, Xin and Han, Kai},
  journal={Proceedings of the IEEE/CVF International Conference on Computer Vision},
  year={2023}
}

@inproceedings{wang2023sptnet,
  title={SPTNet: An Efficient Alternative Framework for Generalized Category Discovery with Spatial Prompt Tuning},
  author={Wang, Hongjun and Vaze, Sagar and Han, Kai},
  booktitle={The Twelfth International Conference on Learning Representations},
  year={2024}
}

@article{rastegar2024learn,
  title={Learn to Categorize or Categorize to Learn? Self-Coding for Generalized Category Discovery},
  author={Rastegar, Sarah and Doughty, Hazel and Snoek, Cees},
  journal={Advances in Neural Information Processing Systems},
  year={2024}
}

@article{bai2024towards,
  title={Towards Distribution-Agnostic Generalized Category Discovery},
  author={Bai, Jianhong and Liu, Zuozhu and Wang, Hualiang and Chen, Ruizhe and Mu, Lianrui and Li, Xiaomeng and Zhou, Joey Tianyi and Feng, Yang and Wu, Jian and Hu, Haoji},
  journal={Advances in Neural Information Processing Systems},
  year={2024}
}

@article{vaze2023norep,
  title={No Representation Rules Them All in Category Discovery},
  author={Sagar Vaze and Andrea Vedaldi and Andrew Zisserman},
  journal={Advances in Neural Information Processing Systems},
  year={2024}
}

@article{ouldnoughi2023clip,
  title={CLIP-GCD: Simple Language Guided Generalized Category Discovery},
  author={Ouldnoughi, Rabah and Kuo, Chia-Wen and Kira, Zsolt},
  journal={arXiv preprint arXiv:2305.10420},
  year={2023}
}

@inproceedings{Choi2024cms,
  title={Contrastive Mean-Shift Learning for Generalized Category Discovery},
  author={Sua Choi and Dahyun Kang and Minsu Cho},
  booktitle={Proceedings of the IEEE/CVF Conference on Computer Vision and Pattern Recognition},
  year={2024}
}

# ====== novel category discovery
@inproceedings{han2019learning,
  title={Learning to discover novel visual categories via deep transfer clustering},
  author={Han, Kai and Vedaldi, Andrea and Zisserman, Andrew},
  booktitle={Proceedings of the IEEE/CVF International Conference on Computer Vision},
  year={2019}
}

@inproceedings{fini2021unified,
  title={A unified objective for novel class discovery},
  author={Fini, Enrico and Sangineto, Enver and Lathuiliere, St{\'e}phane and Zhong, Zhun and Nabi, Moin and Ricci, Elisa},
  booktitle={Proceedings of the IEEE/CVF International Conference on Computer Vision},
  year={2021}
}

@article{vaze2021open,
  title={Open-set recognition: A good closed-set classifier is all you need?},
  author={Vaze, Sagar and Han, Kai and Vedaldi, Andrea and Zisserman, Andrew},
  journal={arXiv preprint arXiv:2110.06207},
  year={2021}
}

@article{han2021autonovel,
  title={Autonovel: Automatically discovering and learning novel visual categories},
  author={Han, Kai and Rebuffi, Sylvestre-Alvise and Ehrhardt, Sebastien and Vedaldi, Andrea and Zisserman, Andrew},
  journal={IEEE Transactions on Pattern Analysis and Machine Intelligence},
  year={2021},
}

@article{fei2022xcon,
  title={Xcon: Learning with experts for fine-grained category discovery},
  author={Fei, Yixin and Zhao, Zhongkai and Yang, Siwei and Zhao, Bingchen},
  journal={British Machine Vision Conference},
  year={2022}
}

@article{sun2022opencon,
  title={Opencon: Open-world contrastive learning},
  author={Sun, Yiyou and Li, Yixuan},
  journal={Transactions on Machine Learning Research},
  year={2022}
}

@article{chiaroni2022mutual,
  title={Mutual information-based generalized category discovery},
  author={Chiaroni, Florent and Dolz, Jose and Masud, Ziko Imtiaz and Mitiche, Amar and Ayed, Ismail Ben},
  journal={arXiv preprint arXiv:2212.00334},
  year={2022}
}

@inproceedings{cao2021open,
  title={Open-world semi-supervised learning},
  author={Cao, Kaidi and Brbic, Maria and Leskovec, Jure},
  journal={International Conference on Learning Representations},
  year={2021}
}

@inproceedings{Radford2021clip,
  title={Learning transferable visual models from natural language supervision},
  author={Alec Radford and Jong Wook Kim and Chris Hallacy and Aditya Ramesh and Gabriel Goh and Sandhini Agarwal and Girish Sastry and Amanda Askell and Pamela Mishkin and Jack Clark and Gretchen Krueger and Ilya Sutskever},
  journal={International Conference on Machine Learning},
  year={2021}
}

# =============================== semi-supervised learning =================================
@article{oliver2018realistic,
  title={Realistic evaluation of deep semi-supervised learning algorithms},
  author={Oliver, Avital and Odena, Augustus and Raffel, Colin A and Cubuk, Ekin Dogus and Goodfellow, Ian},
  journal={Advances in neural information processing systems},
  year={2018}
}

@article{sohn2020fixmatch,
  title={Fixmatch: Simplifying semi-supervised learning with consistency and confidence},
  author={Sohn, Kihyuk and Berthelot, David and Carlini, Nicholas and Zhang, Zizhao and Zhang, Han and Raffel, Colin A and Cubuk, Ekin Dogus and Kurakin, Alexey and Li, Chun-Liang},
  journal={Advances in neural information processing systems},
  year={2020}
}

@article{xie2020unsupervised,
  title={Unsupervised data augmentation for consistency training},
  author={Xie, Qizhe and Dai, Zihang and Hovy, Eduard and Luong, Thang and Le, Quoc},
  journal={Advances in neural information processing systems},
  year={2020}
}

@inproceedings{assran2022masked,
  title={Masked siamese networks for label-efficient learning},
  author={Assran, Mahmoud and Caron, Mathilde and Misra, Ishan and Bojanowski, Piotr and Bordes, Florian and Vincent, Pascal and Joulin, Armand and Rabbat, Mike and Ballas, Nicolas},
  booktitle={European Conference on Computer Vision},
  year={2022},
  organization={Springer}
}

# =============================== re-id =================================
@inproceedings{Zhong2017reranking,
  title={Re-ranking Person Re-identification with k-Reciprocal Encoding},
  author={Zhun Zhong and Liang Zheng and Shaozi Li},
  booktitle={Proceedings of the IEEE/CVF Conference on Computer Vision and Pattern Recognition},
  year={2017}
}


@inproceedings{Wang2021CAP,
  title={Camera-aware Proxies for Unsupervised Person Re-Identification},
  author={Menglin Wang and Baisheng Lai and Jianqiang Huang and Xiaojin Gong and Xian-Sheng Hua},
  booktitle={AAAI Conference on Artificial Intelligence},
  year={2021}
}

@inproceedings{Wang2021ICS,
  title={Towards Precise Intra-camera Supervised Person Re-Identification},
  author={Menglin Wang and Baisheng Lai and Haokun Chen and Jianqiang Huang and Xiaojin Gong and Xian-Sheng Hua},
  booktitle={IEEE/CVF Winter Conference on Applications of Computer Vision},
  year={2021},
}

@article{Wang2021GCL,
  title={Graph-Induced Contrastive Learning for Intra-Camera Supervised Person Re-Identification},
  author={Menglin Wang and Baisheng Lai and Jianqiang Huang and Xiaojin Gong and Xian-Sheng Hua},
  journal={IEEE ACCESS},
  volume={9},
  pages={20850--20860},
  year={2021},
  publisher={IEEE},
  note={\mbox{doi}:\url{10.1109/ACCESS.2021.3055266}},
}

@inproceedings{luo2019bag,
  title={Bag of tricks and a strong baseline for deep person re-identification},
  author={Luo, Hao and Gu, Youzhi and Liao, Xingyu and Lai, Shenqi and Jiang, Wei},
  booktitle={Proceedings of the IEEE/CVF conference on computer vision and pattern recognition workshops},
  year={2019}
}

# =============================== invariance learning =================================

@inproceedings{muandet2013,
  author = {Muandet, Krikamol and Balduzzi, David and Sch\"{o}lkopf, Bernhard},
  title = {Domain Generalization via Invariant Feature Representation},
  year = {2013},
  booktitle={ICML}, 
}

@article{unsup_clustering,
  title={Unsupervised person re-identification: Clustering and fine-tuning},
  author={Fan, Hehe and Zheng, Liang and Yan, Chenggang and Yang, Yi},
  journal={ACM Trans. Multimedia Comput. Commun. Appl.},
  year={2018},
  volume = {14},
  number = {4},
  note={\mbox{doi}:\url{10.1145/3243316}}
}

@inproceedings{zhong2019invariance,
  title={Invariance matters: Exemplar memory for domain adaptive person re-identification},
  author={Zhong, Zhun and Zheng, Liang and Luo, Zhiming and Li, Shaozi and Yang, Yi},
  booktitle={CVPR},
  year={2019}}
}

@article{ding2019adaptive,
  title={Adaptive exploration for unsupervised person re-identification},
  author={Ding, Yuhang and Fan, Hehe and Xu, Mingliang and Yang, Yi},
  journal={arXiv preprint arXiv:1907.04194},
  year={2019}
}

@inproceedings{yu2019unsupervised,
  title={Unsupervised Person Re-identification by Soft Multilabel Learning},
  author={Yu, Hong-Xing and Zheng, Wei-Shi and Wu, Ancong and Guo, Xiaowei and Gong, Shaogang and Lai, Jian-Huang},
  booktitle={CVPR},
  year={2019}
}


@inproceedings{ge2020self,
  title={Self-paced Contrastive Learning with Hybrid Memory for Domain Adaptive Object Re-ID},
  author={Ge, Yixiao and Chen, Dapeng and Zhu, Feng and Zhao, Rui and Li, Hongsheng},
  booktitle={Advances in Neural Information Processing Systems},
  year={2020},
}

@inproceedings{Chen2021ICE,
  title={ICE: Inter-instance Contrastive Encoding for Unsupervised Person Re-identification},
  author={Hao Chen and Benoit Lagadec and Francois Bremond},
  booktitle={ICCV},
  year={2021}}
}
 

@inproceedings{ester1996density,
  title={A density-based algorithm for discovering clusters in large spatial databases with noise},
  author={Ester, Martin and Kriegel, Hans-Peter and Sander, J{\"o}rg and Xu, Xiaowei and others},
  booktitle={Kdd},
  year={1996}
}

@article{paszke2017automatic,
  title={Automatic differentiation in pytorch},
  author={Paszke, Adam and Gross, Sam and Chintala, Soumith and Chanan, Gregory and Yang, Edward and DeVito, Zachary and Lin, Zeming and Desmaison, Alban and Antiga, Luca and Lerer, Adam},
  year={2017}
}

@inproceedings{krizhevsky2012imagenet,
  title={Imagenet classification with deep convolutional neural networks},
  author={Krizhevsky, Alex and Sutskever, Ilya and Hinton, Geoffrey E},
  booktitle={NeurIPS},
  year={2012},
}

@inproceedings{deng2009imagenet,
  title={ImageNet: A Large-Scale Hierarchical Image Database},
  author={Jia Deng and Wei Dong and Richard Socher and Li-Jia Li and Kai Li and Li Fei-Fei},
  booktitle={CVPR},
  year={2009},
}



@inproceedings{he2016deep,
  title={Deep residual learning for image recognition},
  author={He, Kaiming and Zhang, Xiangyu and Ren, Shaoqing and Sun, Jian},
  booktitle={CVPR},
  year={2016},
}


@article{zhong2017random,
  title={Random erasing data augmentation},
  author={Zhong, Zhun and Zheng, Liang and Kang, Guoliang and Li, Shaozi and Yang, Yi},
  journal={arXiv preprint arXiv:1708.04896},
  year={2017}
}




# ========================= memory bank and contrastive learning ================================

@inproceedings{wu2018memory,
  title={Unsupervised Feature Learning via Non-Parametric Instance Discrimination},
  author={Zhirong Wu and Yuanjun Xiong and Stella X. Yu and Dahua Lin},
  booktitle={Proceedings of the IEEE/CVF Conference on Computer Vision and Pattern Recognition},
  year={2018}
}

@inproceedings{xiao2017memory,
  title={Joint Detection and Identification Feature Learning for Person Search},
  author={Tong Xiao and Shuang Li and Bochao Wang and Liang Lin and Xiaogang Wang},
  booktitle={Proceedings of the IEEE/CVF Conference on Computer Vision and Pattern Recognition},
  year={2017}
}


@inproceedings{he2020momentum,
  title={Momentum contrast for unsupervised visual representation learning},
  author={He, Kaiming and Fan, Haoqi and Wu, Yuxin and Xie, Saining and Girshick, Ross},
  booktitle={Proceedings of the IEEE Conference on Computer Vision and Pattern Recognition},
  year={2020},
}

@inproceedings{Chen2020SimCLR,
  title={A Simple Framework for Contrastive Learning of Visual Representations},
  author={Ting Chen and Simon Kornblith and Mohammad Norouzi and Geoffrey Hinton},
  booktitle={International Conference on Machine Learning},
  year={2020},
}

@inproceedings{Li2021pcl,
  title={Prototypical Contrastive Learning of Unsupervised Representations},
  author={Junnan Li and Pan Zhou and Caiming Xiong and Steven Hoi},
  booktitle={International Conference on Learning Representations},
  year={2021}
}

@inproceedings{Caron2020,
  title={Unsupervised Learning of Visual Features by Contrasting Cluster Assignments},
  author={Mathilde Caron and Ishan Misra and Julien Mairal and Priya Goyal and Piotr Bojanowski and Armand Joulin},
  booktitle={NeurIPS},
  year={2020},
  note={\mbox{doi}:\url{10.5555/3495724.3496555}}
}

@inproceedings{Gutmann2010NCE,
  title={Noise-contrastive estimation: A new estimation principle for unnormalized statistical models},
  author={Michael Gutmann and Aapo Hyvärinen},
  booktitle={AISTATS},
  year={2010}
}

@article{Oord2019CPC,
  title={Representation Learning with Contrastive Predictive Coding},
  author={Aaron van den Oord and Yazhe Li and Oriol Vinyals},
  journal={arXiv preprint arXiv:1807.03748},
  year={2019}
}

@article{Khosla2020SCL,
  title={Supervised Contrastive Learning},
  author={Prannay Khosla and Piotr Teterwak and Chen Wang and Aaron Sarna and Yonglong Tian and Phillip Isola and Aaron Maschinot and Ce Liu and Dilip Krishnan},
  journal={arXiv preprint arXiv:2004.11362},
  year={2020}
}

@inproceedings{wang2022hierarchical,
  title={Hierarchical semi-supervised contrastive learning for contamination-resistant anomaly detection},
  author={Wang, Gaoang and Zhan, Yibing and Wang, Xinchao and Song, Mingli and Nahrstedt, Klara},
  booktitle={European Conference on Computer Vision},
  year={2022},
  organization={Springer}
}

#========================== metric learning ========================
@inproceedings{caron2018deep,
  title={Deep clustering for unsupervised learning of visual features},
  author={Caron, Mathilde and Bojanowski, Piotr and Joulin, Armand and Douze, Matthijs},
  booktitle={Proceedings of the European conference on computer vision (ECCV)},
  year={2018}
}

@inproceedings{Sohoni2020,
  title={No Subclass Left Behind: Fine-Grained Robustness in Coarse-Grained Classification Problems },
  author={Nimit Sohoni and Jared A. Dunnmon and Geoffrey Angus and Albert Gu and Christopher Ré},
  booktitle={NeurIPS},
  year={2020},
  note={\mbox{doi}:\url{10.5555/3495724.3497346}}
}

@inproceedings{Zhu2020ProxyGML,
  title={Fewer is More: A Deep Graph Metric Learning Perspective Using Fewer Proxies},
  author={Yuehua Zhu and Muli Yang and Cheng Deng and Wei Liu},
  booktitle={NeurIPS},
  year={2020},
  note={\mbox{doi}:\url{10.5555/3495724.3497217}}
}

@inproceedings{Attias2017proxy,
  title={No Fuss Distance Metric Learning using Proxies},
  author={Yair Movshovitz-Attias and Alexander Toshev and Thomas K. Leung and Sergey Ioffe and Saurabh Singh},
  booktitle={ICCV},
  year={2017},
  note={\mbox{doi}:\url{10.1109/ICCV.2017.47}}
}


@inproceedings{Kim2020proxy,
  title={Proxy Anchor Loss for Deep Metric Learning},
  author={Sungyeon Kim and Dongwon Kim and  Minsu Cho and Suha Kwak},
  booktitle={CVPR},
  year={2020}
}


#================================ misc =============================

@inproceedings{carion2020detr,
  title={End-to-End Object Detection with Transformers},
  author={Carion, Nicolas and Massa, Francisco and Synnaeve, Gabriel and Usunier, Nicolas and Kirillov, Alexander and Zagoruyko, Sergey},
  booktitle={ECCV},
  year={2020},
}

@inproceedings{Sergey2015,
  title={Batch Normalization: Accelerating Deep Network Training by Reducing Internal Covariate Shift},
  author={Sergey Ioffe and Christian Szegedy},
  booktitle={ICML},
  year={2015}
}

@article{vanDerMaaten2008,
  author = {van der Maaten, Laurens and Hinton, Geoffrey},
  journal = {JMLR},
  title = {Visualizing Data using {t-SNE}},
  year = {2008}
}

@article{Kingma2014,
  title={Adam : A method for stochastic optimization},
  author={Diederik P. Kingma and Jimmy Lei Ba},
  journal={arXiv preprint arXiv:2014},
  year={2014}
}

@article{rosvall2008infomap,
  title={Maps of random walks on complex networks reveal community structure},
  author={Rosvall, Martin and Bergstrom, Carl T},
  journal={Proceedings of the national academy of sciences},
  year={2008},
  publisher={National Acad Sciences}
}

@inproceedings{macqueen1967some,
  title={Some methods for classification and analysis of multivariate observations},
  author={MacQueen, James and others},
  booktitle={Proceedings of the fifth Berkeley symposium on mathematical statistics and probability},
  year={1967},
  organization={Oakland, CA, USA}
}

@article{tan2019herbarium,
  title={The herbarium challenge 2019 dataset},
  author={Tan, Kiat Chuan and Liu, Yulong and Ambrose, Barbara and Tulig, Melissa and Belongie, Serge},
  journal={Workshop on Fine-Grained Visual Categorization},
  year={2019}
}

@article{krizhevsky2009learning,
  title={Learning multiple layers of features from tiny images},
  author={Krizhevsky, Alex and Hinton, Geoffrey and others},
  year={2009},
  publisher={Toronto, ON, Canada}
}

@article{wah2011caltech,
  title={The caltech-ucsd birds-200-2011 dataset},
  author={Wah, Catherine and Branson, Steve and Welinder, Peter and Perona, Pietro and Belongie, Serge},
  year={2011},
  publisher={California Institute of Technology}
}

@article{maji2013fine,
  title={Fine-grained visual classification of aircraft},
  author={Maji, Subhransu and Rahtu, Esa and Kannala, Juho and Blaschko, Matthew and Vedaldi, Andrea},
  journal={arXiv preprint arXiv:1306.5151},
  year={2013}
}

@inproceedings{parkhi12a,
  author={Omkar M. Parkhi and Andrea Vedaldi and Andrew Zisserman and C. V. Jawahar"},
  title= {Cats and Dogs},
  booktitle= {IEEE Conference on Computer Vision and Pattern Recognition},
  year= {2012},
}

@inproceedings{Nilsback08,
  author= {Maria-Elena Nilsback and Andrew Zisserman},
  title= {Automated Flower Classification over a Large Number of Classes},
  booktitle= {Indian Conference on Computer Vision, Graphics and Image Processing},
  year= {2008},
}

@article{oquab2023dinov2,
  title={Dinov2: Learning robust visual features without supervision},
  author={Oquab, Maxime and Darcet, Timoth{\'e}e and Moutakanni, Th{\'e}o and Vo, Huy and Szafraniec, Marc and Khalidov, Vasil and Fernandez, Pierre and Haziza, Daniel and Massa, Francisco and El-Nouby, Alaaeldin and others},
  journal={arXiv preprint arXiv:2304.07193},
  year={2023}
}

@inproceedings{caron2021dino,
  title={Emerging properties in self-supervised vision transformers},
  author={Caron, Mathilde and Touvron, Hugo and Misra, Ishan and J{\'e}gou, Herv{\'e} and Mairal, Julien and Bojanowski, Piotr and Joulin, Armand},
  booktitle={Proceedings of the IEEE/CVF international conference on computer vision},
  year={2021}
}

@inproceedings{krause20133d,
  title={3d object representations for fine-grained categorization},
  author={Krause, Jonathan and Stark, Michael and Deng, Jia and Fei-Fei, Li},
  booktitle={Proceedings of the IEEE international conference on computer vision workshops},
  year={2013}
}

@article{dosovitskiy2020image,
  title={An image is worth 16x16 words: Transformers for image recognition at scale},
  author={Dosovitskiy, Alexey and Beyer, Lucas and Kolesnikov, Alexander and Weissenborn, Dirk and Zhai, Xiaohua and Unterthiner, Thomas and Dehghani, Mostafa and Minderer, Matthias and Heigold, Georg and Gelly, Sylvain and others},
  journal={International Conference on Learning Representations},
  year={2021}
}

@article{hartigan1979algorithm,
  title={Algorithm AS 136: A k-means clustering algorithm},
  author={Hartigan, John A and Wong, Manchek A},
  journal={Journal of the royal statistical society. series c (applied statistics)},
  year={1979},
  publisher={JSTOR}
}

@article{johnson1967hierarchical,
  title={Hierarchical clustering schemes},
  author={Johnson, Stephen C},
  journal={Psychometrika},
  year={1967},
  publisher={Springer}
}

@article{murtagh2012algorithms,
  title={Algorithms for hierarchical clustering: an overview},
  author={Murtagh, Fionn and Contreras, Pedro},
  journal={Wiley Interdisciplinary Reviews: Data Mining and Knowledge Discovery},
  year={2012},
  publisher={Wiley Online Library}
}

@inproceedings{basu2002semi,
  title={Semi-supervised clustering by seeding},
  author={Basu, Sugato},
  booktitle={Internation Conference on Machine Learning},
  year={2002}
}

@inproceedings{wagstaff2001,
  title={Constrained k-means clustering with background knowledge},
  author={Wagstaff, Kiri and Cardie, Claire and Rogers, Seth and Schr{\"o}dl, Stefan and others},
  booktitle={Internation Conference on Machine Learning},
  year={2001}
}

@article{yin2010semi,
  title={Semi-supervised clustering with metric learning: An adaptive kernel method},
  author={Yin, Xuesong and Chen, Songcan and Hu, Enliang and Zhang, Daoqiang},
  journal={Pattern Recognition},
  year={2010}
}

@inproceedings{klein2002instance,
  title={From instance-level constraints to space-level constraints: Making the most of prior knowledge in data clustering},
  author={Klein, Dan and Kamvar, Sepandar D and Manning, Christopher D},
  booktitle={International Conference on Machine Learning},
  year={2002}
}

@article{xing2002distance,
  title={Distance metric learning with application to clustering with side-information},
  author={Xing, Eric and Jordan, Michael and Russell, Stuart J and Ng, Andrew},
  journal={Advances in neural information processing systems},
  year={2002}
}

@inproceedings{bilenko2004integrating,
  title={Integrating constraints and metric learning in semi-supervised clustering},
  author={Bilenko, Mikhail and Basu, Sugato and Mooney, Raymond J},
  booktitle={Proceedings of the twenty-first international conference on Machine learning},
  year={2004}
}

@inproceedings{lange2005learning,
  title={Learning with constrained and unlabelled data},
  author={Lange, Tilman and Law, Martin HC and Jain, Anil K and Buhmann, Joachim M},
  booktitle={Proceedings of the IEEE/CVF Conference on Computer Vision and Pattern Recognition},
  year={2005},
  organization={IEEE}
}

@article{bair2013semi,
  title={Semi-supervised clustering methods},
  author={Bair, Eric},
  journal={Wiley Interdisciplinary Reviews: Computational Statistics},
  year={2013},
  publisher={Wiley Online Library}
}

@inproceedings{yang2020learn,
  title={Learn to propagate reliably on noisy affinity graphs},
  author={Yang, Lei and Huang, Qingqiu and Huang, Huaiyi and Xu, Linning and Lin, Dahua},
  booktitle={European Conference on Computer Vision},
  year={2020},
  organization={Springer}
}

@inproceedings{shiokawa2021scalable,
  title={Scalable affinity propagation for massive datasets},
  author={Shiokawa, Hiroaki},
  booktitle={Proceedings of the AAAI Conference on Artificial Intelligence},
  year={2021}
}

@article{ruiz2010density,
  title={Density-based semi-supervised clustering},
  author={Ruiz, Carlos and Spiliopoulou, Myra and Menasalvas, Ernestina},
  journal={Data mining and knowledge discovery},
  year={2010},
  publisher={Springer}
}

@inproceedings{davidson2005clustering,
  title={Clustering with constraints: Feasibility issues and the k-means algorithm},
  author={Davidson, Ian and Ravi, SS},
  booktitle={Proceedings of the SIAM international conference on data mining},
  year={2005},
  organization={SIAM}
}

@article{Kuhn1955hungarian,
  title={The hungarian method for the assignment problem},
  author={RHarold W Kuhn},
  journal={Naval research logistics quarterly},
  year={1955},
}





