@inproceedings{Chen2020SimCLR,
  title={A Simple Framework for Contrastive Learning of Visual Representations},
  author={Ting Chen and Simon Kornblith and Mohammad Norouzi and Geoffrey Hinton},
  booktitle={International Conference on Machine Learning},
  year={2020},
}

@inproceedings{Gutmann2010NCE,
  title={Noise-contrastive estimation: A new estimation principle for unnormalized statistical models},
  author={Michael Gutmann and Aapo Hyv√§rinen},
  booktitle={AISTATS},
  year={2010}
}

@article{Khosla2020SCL,
  title={Supervised Contrastive Learning},
  author={Prannay Khosla and Piotr Teterwak and Chen Wang and Aaron Sarna and Yonglong Tian and Phillip Isola and Aaron Maschinot and Ce Liu and Dilip Krishnan},
  journal={arXiv preprint arXiv:2004.11362},
  year={2020}
}

@inproceedings{Li2021pcl,
  title={Prototypical Contrastive Learning of Unsupervised Representations},
  author={Junnan Li and Pan Zhou and Caiming Xiong and Steven Hoi},
  booktitle={International Conference on Learning Representations},
  year={2021}
}

@inproceedings{Wang2021CAP,
  title={Camera-aware Proxies for Unsupervised Person Re-Identification},
  author={Menglin Wang and Baisheng Lai and Jianqiang Huang and Xiaojin Gong and Xian-Sheng Hua},
  booktitle={AAAI Conference on Artificial Intelligence},
  year={2021}
}

@inproceedings{Wang2021ICS,
  title={Towards Precise Intra-camera Supervised Person Re-Identification},
  author={Menglin Wang and Baisheng Lai and Haokun Chen and Jianqiang Huang and Xiaojin Gong and Xian-Sheng Hua},
  booktitle={IEEE/CVF Winter Conference on Applications of Computer Vision},
  year={2021},
}

@article{bair2013semi,
  title={Semi-supervised clustering methods},
  author={Bair, Eric},
  journal={Wiley Interdisciplinary Reviews: Computational Statistics},
  year={2013},
  publisher={Wiley Online Library}
}

@inproceedings{basu2002semi,
  title={Semi-supervised clustering by seeding},
  author={Basu, Sugato},
  booktitle={Internation Conference on Machine Learning},
  year={2002}
}

@inproceedings{bilenko2004integrating,
  title={Integrating constraints and metric learning in semi-supervised clustering},
  author={Bilenko, Mikhail and Basu, Sugato and Mooney, Raymond J},
  booktitle={Proceedings of the twenty-first international conference on Machine learning},
  year={2004}
}

@inproceedings{davidson2005clustering,
  title={Clustering with constraints: Feasibility issues and the k-means algorithm},
  author={Davidson, Ian and Ravi, SS},
  booktitle={Proceedings of the SIAM international conference on data mining},
  year={2005},
  organization={SIAM}
}

@inproceedings{ester1996density,
  title={A density-based algorithm for discovering clusters in large spatial databases with noise},
  author={Ester, Martin and Kriegel, Hans-Peter and Sander, J{\"o}rg and Xu, Xiaowei and others},
  booktitle={Kdd},
  year={1996}
}

@inproceedings{ge2020self,
  title={Self-paced Contrastive Learning with Hybrid Memory for Domain Adaptive Object Re-ID},
  author={Ge, Yixiao and Chen, Dapeng and Zhu, Feng and Zhao, Rui and Li, Hongsheng},
  booktitle={Advances in Neural Information Processing Systems},
  year={2020},
}

@article{hartigan1979algorithm,
  title={Algorithm AS 136: A k-means clustering algorithm},
  author={Hartigan, John A and Wong, Manchek A},
  journal={Journal of the royal statistical society. series c (applied statistics)},
  year={1979},
  publisher={JSTOR}
}

@inproceedings{he2020momentum,
  title={Momentum contrast for unsupervised visual representation learning},
  author={He, Kaiming and Fan, Haoqi and Wu, Yuxin and Xie, Saining and Girshick, Ross},
  booktitle={Proceedings of the IEEE Conference on Computer Vision and Pattern Recognition},
  year={2020},
}

@article{johnson1967hierarchical,
  title={Hierarchical clustering schemes},
  author={Johnson, Stephen C},
  journal={Psychometrika},
  year={1967},
  publisher={Springer}
}

@inproceedings{klein2002instance,
  title={From instance-level constraints to space-level constraints: Making the most of prior knowledge in data clustering},
  author={Klein, Dan and Kamvar, Sepandar D and Manning, Christopher D},
  booktitle={International Conference on Machine Learning},
  year={2002}
}

@inproceedings{lange2005learning,
  title={Learning with constrained and unlabelled data},
  author={Lange, Tilman and Law, Martin HC and Jain, Anil K and Buhmann, Joachim M},
  booktitle={Proceedings of the IEEE/CVF Conference on Computer Vision and Pattern Recognition},
  year={2005},
  organization={IEEE}
}

@article{murtagh2012algorithms,
  title={Algorithms for hierarchical clustering: an overview},
  author={Murtagh, Fionn and Contreras, Pedro},
  journal={Wiley Interdisciplinary Reviews: Data Mining and Knowledge Discovery},
  year={2012},
  publisher={Wiley Online Library}
}

@inproceedings{pu2023dynamic,
  title={Dynamic Conceptional Contrastive Learning for Generalized Category Discovery},
  author={Pu, Nan and Zhong, Zhun and Sebe, Nicu},
  booktitle={Proceedings of the IEEE/CVF Conference on Computer Vision and Pattern Recognition},
  year={2023}
}

@article{rosvall2008infomap,
  title={Maps of random walks on complex networks reveal community structure},
  author={Rosvall, Martin and Bergstrom, Carl T},
  journal={Proceedings of the national academy of sciences},
  year={2008},
  publisher={National Acad Sciences}
}

@article{ruiz2010density,
  title={Density-based semi-supervised clustering},
  author={Ruiz, Carlos and Spiliopoulou, Myra and Menasalvas, Ernestina},
  journal={Data mining and knowledge discovery},
  year={2010},
  publisher={Springer}
}

@inproceedings{vaze2022generalized,
  title={Generalized category discovery},
  author={Vaze, Sagar and Han, Kai and Vedaldi, Andrea and Zisserman, Andrew},
  booktitle={Proceedings of the IEEE/CVF Conference on Computer Vision and Pattern Recognition},
  year={2022}
}

@article{vaze2023norep,
  title={No Representation Rules Them All in Category Discovery},
  author={Sagar Vaze and Andrea Vedaldi and Andrew Zisserman},
  journal={Advances in Neural Information Processing Systems},
  year={2024}
}

@inproceedings{wagstaff2001,
  title={Constrained k-means clustering with background knowledge},
  author={Wagstaff, Kiri and Cardie, Claire and Rogers, Seth and Schr{\"o}dl, Stefan and others},
  booktitle={Internation Conference on Machine Learning},
  year={2001}
}

@inproceedings{wang2022hierarchical,
  title={Hierarchical semi-supervised contrastive learning for contamination-resistant anomaly detection},
  author={Wang, Gaoang and Zhan, Yibing and Wang, Xinchao and Song, Mingli and Nahrstedt, Klara},
  booktitle={European Conference on Computer Vision},
  year={2022},
  organization={Springer}
}

@inproceedings{wang2023sptnet,
  title={SPTNet: An Efficient Alternative Framework for Generalized Category Discovery with Spatial Prompt Tuning},
  author={Wang, Hongjun and Vaze, Sagar and Han, Kai},
  booktitle={The Twelfth International Conference on Learning Representations},
  year={2024}
}

@inproceedings{wen2023parametric,
  title={Parametric classification for generalized category discovery: A baseline study},
  author={Wen, Xin and Zhao, Bingchen and Qi, Xiaojuan},
  booktitle={Proceedings of the IEEE/CVF International Conference on Computer Vision},
  year={2023}
}

@inproceedings{wu2018memory,
  title={Unsupervised Feature Learning via Non-Parametric Instance Discrimination},
  author={Zhirong Wu and Yuanjun Xiong and Stella X. Yu and Dahua Lin},
  booktitle={Proceedings of the IEEE/CVF Conference on Computer Vision and Pattern Recognition},
  year={2018}
}

@article{xing2002distance,
  title={Distance metric learning with application to clustering with side-information},
  author={Xing, Eric and Jordan, Michael and Russell, Stuart J and Ng, Andrew},
  journal={Advances in neural information processing systems},
  year={2002}
}

@article{yin2010semi,
  title={Semi-supervised clustering with metric learning: An adaptive kernel method},
  author={Yin, Xuesong and Chen, Songcan and Hu, Enliang and Zhang, Daoqiang},
  journal={Pattern Recognition},
  year={2010}
}

@inproceedings{zhang2023promptcal,
  title={Promptcal: Contrastive affinity learning via auxiliary prompts for generalized novel category discovery},
  author={Zhang, Sheng and Khan, Salman and Shen, Zhiqiang and Naseer, Muzammal and Chen, Guangyi and Khan, Fahad Shahbaz},
  booktitle={Proceedings of the IEEE/CVF Conference on Computer Vision and Pattern Recognition},
  year={2023}
}

@article{zhao2023learning,
  title={Learning Semi-supervised Gaussian Mixture Models for Generalized Category Discovery},
  author={Zhao, Bingchen and Wen, Xin and Han, Kai},
  journal={Proceedings of the IEEE/CVF International Conference on Computer Vision},
  year={2023}
}

