@article{deepseekr1,
  title={{DeepSeek-R1: Incentivizing Reasoning Capability in LLMs via Reinforcement Learning}},
  author={Guo, Daya and Yang, Dejian and Zhang, Haowei and Song, Junxiao and Zhang, Ruoyu and Xu, Runxin and Zhu, Qihao and Ma, Shirong and Wang, Peiyi and Bi, Xiao and others},
  journal={arXiv preprint arXiv:2501.12948},
  year={2025}
}

@article{deepseekv3,
  title={{Deepseek-V3 technical report}},
  author={Liu, Aixin and Feng, Bei and Xue, Bing and Wang, Bingxuan and Wu, Bochao and Lu, Chengda and Zhao, Chenggang and Deng, Chengqi and Zhang, Chenyu and Ruan, Chong and others},
  journal={arXiv preprint arXiv:2412.19437},
  year={2024}
}

@article{gao_3dgs,
  title={Photorealistic 3D Urban Scene Reconstruction and Point Cloud Extraction using Google Earth Imagery and Gaussian Splatting},
  author={Gao, Kyle and Lu, Dening and He, Hongjie and Xu, Linlin and Li, Jonathan},
  journal={arXiv preprint arXiv:2405.11021},
  year={2024}
}

@article{gbm,
  title={{Gaussian Building Mesh (GBM): Extract a Building's 3D Mesh with Google Earth and Gaussian Splatting}},
  author={Gao, Kyle and Li, Liangzhi and He, Hongjie and Lu, Dening and Xu, Linlin and Li, Jonathan},
  journal={arXiv preprint arXiv:2501.00625},
  year={2024}
}

@misc{google_earth_studio,
  author = {{Alphabet Inc.}},
  title = {Google Earth Studio},
  url = {https://www.google.com/earth/studio/},
  version = {1.7},
  year = {2015-2024},
}

@article{gpqa,
  title={Gpqa: A graduate-level google-proof q\&a benchmark},
  author={Rein, David and Hou, Betty Li and Stickland, Asa Cooper and Petty, Jackson and Pang, Richard Yuanzhe and Dirani, Julien and Michael, Julian and Bowman, Samuel R},
  journal={arXiv preprint arXiv:2311.12022},
  year={2023}
}

@article{gpt4,
  title={{GPT-4 technical report}},
  author={Achiam, Josh and Adler, Steven and Agarwal, Sandhini and Ahmad, Lama and Akkaya, Ilge and Aleman, Florencia Leoni and Almeida, Diogo and Altenschmidt, Janko and Altman, Sam and Anadkat, Shyamal and others},
  journal={arXiv preprint arXiv:2303.08774},
  year={2023}
}

@inproceedings{maps1,
  title={Google maps API implementation on IOT platform for tracking an object using GPS},
  author={Luthfi, Achmad Mustofa and Karna, Nyoman and Mayasari, Ratna},
  booktitle={2019 IEEE Asia Pacific Conference on Wireless and Mobile (APWiMob)},
  pages={126--131},
  year={2019},
  organization={IEEE}
}

@article{maps2,
  title={Support local: Google Maps’ local guides platform, spatial power and constructions of “the local”},
  author={Bhandari, Aparajita and Noone, Rebecca},
  journal={Communication, Culture \& Critique},
  volume={16},
  number={3},
  pages={198--207},
  year={2023},
  publisher={Oxford University Press}
}

@article{maps3,
  title={3 Stars on Yelp, 4 stars on google maps: a cross-platform examination of restaurant ratings},
  author={Li, Hanlin and Hecht, Brent},
  journal={Proceedings of the ACM on Human-Computer Interaction},
  volume={4},
  number={CSCW3},
  pages={1--25},
  year={2021},
  publisher={ACM New York, NY, USA}
}

@inproceedings{maps4,
  title={A city modeling and simulation platform based on google map api},
  author={Fuquan, Peng and Jian, Su and Wenyong, Weng and Zebing, Wang},
  booktitle={Proceedings of the 2011, International Conference on Informatics, Cybernetics, and Computer Engineering (ICCE2011) November 19--20, 2011, Melbourne, Australia: Volume 2: Information Systems and Computer Engineering},
  pages={513--520},
  year={2012},
  organization={Springer}
}

@article{math500,
  title={{AceMath: Advancing Frontier Math Reasoning with Post-Training and Reward Modeling}},
  author={Liu, Zihan and Chen, Yang and Shoeybi, Mohammad and Catanzaro, Bryan and Ping, Wei},
  journal={arXiv preprint arXiv:2412.15084},
  year={2024}
}

